1811 2925
208 141 282 172 Lib.
302 139 410 171 XLV.
883 138 961 174 608

210 269 256 300 et
290 291 324 300 ..
365 261 554 310 quidem
594 290 630 297 ..
671 260 741 306 et).
822 259 1002 296 Efficitur
1048 258 1152 295 hinc:
1199 259 1277 295 ubi
1320 265 1365 295 et
1402 257 1499 293 alia
1529 257 1630 305 qui-

210 333 313 369 dem
359 330 629 380 spectanda
676 331 719 369 ei
767 329 893 375 visa3
946 330 1112 366 Iovem
1169 329 1303 365 velut
1346 334 1630 377 praesentem

208 403 401 438 intuens
432 406 585 436 motus
616 401 778 437 animo
809 406 899 444 est,
929 400 1003 435 hoc
1033 405 1107 435 est:
1138 398 1283 434 etiam
1315 397 1412 434 alia
1441 398 1628 446 quidem

219 498 302 513 ...‚
333 470 413 507 sed
452 475 613 507 tamen
651 476 767 507 ante
810 470 969 506 omnia
1010 470 1177 505 Iovem
1215 475 1286 504 cet.
1360 468 1505 515 (Minus
1536 469 1629 504 dure

209 542 427 591 scripsisset
457 541 611 577 Livius:
667 569 703 580 ..
746 541 787 577 ei
817 541 943 586 visa;
990 548 1211 575 ceterum
1257 539 1450 586 Iovem.)
1527 540 1629 575 Tum

213 616 230 657 ξ
263 615 285 649 6
317 612 408 648 olim
440 611 626 647 edebatur
658 624 678 647 e
709 610 861 647 codice:
908 611 988 646 Ita
1031 615 1303 658 peragrata
1329 608 1520 646 Graecia
1557 639 1566 648 .

209 681 571 720 Demetriadem
618 693 721 718 cum
772 680 1001 725 revertit,
1058 680 1103 715 in
1146 679 1328 715 itinere
1371 679 1631 716 sordidata

209 754 353 790 turba
382 750 652 801 (cod.turba
683 751 754 800 ne)
788 750 1062 788 AEtolorum
1094 749 1321 786 occurrit.
1382 750 1631 798 Kreyssigius

209 830 246 861 et
276 822 628 867 Weissenbornius,
673 821 1036 858 Drakenborchium
1082 820 1215 865 secuti,
1258 821 1530 856 revertitur
1558 833 1629 868 po-

209 900 384 938 suerunt3
414 892 481 929 sed
511 892 629 929 nihilo
659 893 786 942 aptius
817 892 855 928 in
884 892 958 928 hac
989 890 1202 928 occasionis
1230 898 1267 926 et
1295 891 1479 939 temporis
1509 890 1629 939 signi-

210 965 388 1001 ficatione
419 974 587 1012 praesens
617 962 818 999 indicativi
848 969 999 1011 tempus
1033 963 1231 1011 particulae
1262 974 1403 1009 quum
1433 961 1629 1009 subiungi-

209 1042 270 1071 tur
304 1047 419 1082 quam
450 1033 676 1082 perfectum.
752 1034 891 1081 Itaque
933 1045 1073 1080 quum
1109 1037 1358 1080 repeteret
1386 1031 1628 1068 scribendum

209 1105 396 1148 arbitror,
449 1103 551 1151 quod
596 1102 747 1139 facilius
793 1115 907 1151 quam
954 1108 1292 1138 reverteretur
1339 1102 1378 1138 in
1422 1101 1630 1139 revertit

209 1175 374 1213 transire
406 1174 576 1223 potuisse
607 1173 769 1210 videtur.
849 1174 1054 1209 Postremo
1086 1176 1103 1217 ξ
1134 1174 1155 1209 9
1201 1172 1239 1208 in
1271 1173 1402 1209 codice
1432 1172 1628 1209 scribitur:

209 1258 309 1282 cum
351 1247 560 1282 Perseus
611 1243 801 1279 obviam
848 1243 1045 1292 (AEmilio)
1102 1243 1436 1292 Amphipolim
1486 1242 1629 1278 nimis

208 1316 386 1353 solutis
418 1314 558 1351 euius
597 1314 826 1351 custodia
855 1314 1206 1364 processisset;
1249 1314 1490 1350 scribendum
1521 1313 1628 1349 vide-

209 1394 287 1423 tur:
319 1384 603 1434 Amphipoli
635 1384 760 1420 omni
792 1385 983 1421 solutus
1017 1384 1243 1420 custodia
1280 1383 1629 1433 processisset;

208 1470 298 1493 nam
329 1457 468 1493 nimis
500 1455 667 1492 soluta
699 1455 927 1491 custodia
956 1455 1251 1503 procedere7
1287 1467 1435 1495 vereor,
1477 1460 1518 1490 ut
1547 1466 1629 1490 ree-

209 1533 287 1563 tum
320 1527 385 1571 sit3
429 1534 465 1562 et
494 1527 661 1563 Perseus
692 1532 858 1573 vagatus
889 1538 957 1573 per
986 1525 1227 1573 provinciam
1259 1526 1406 1562 dicitnr.
1466 1524 1629 1570 (Cuius

210 1609 257 1634 ex
290 1596 417 1645 prima
446 1597 596 1645 syllaba
626 1597 732 1632 vocis
762 1595 987 1632 custodia
1017 1595 1181 1643 primum
1216 1597 1316 1633 male
1346 1595 1538 1631 intellecta
1568 1608 1629 1631 01·-

208 1674 287 1704 tum
319 1671 408 1709 est.)

320 1736 414 1785 Cap.
449 1738 513 1781 29,
546 1738 589 1773 2:
651 1737 888 1773 Adsuetis
932 1736 1069 1783 regio
1112 1735 1322 1784 imperio
1365 1743 1523 1771 tamen
1553 1747 1628 1770 no-

210 1820 315 1843 vum
347 1807 447 1856 (cod.
469 1807 585 1843 novi
617 1806 682 1856 in)
703 1806 905 1843 formam
936 1805 1203 1842 terribilem
1235 1805 1447 1853 praebuit
1477 1805 1628 1841 tribu-

211 1876 305 1921 nal,
338 1884 574 1914 summoto
606 1877 772 1913 aditus
813 1876 915 1923 (cod.
948 1882 1184 1912 summoto
1216 1875 1424 1921 additu),
1454 1888 1628 1924 praeco,

210 1959 459 1987 accensus,
508 1948 710 1984 insueta
763 1947 923 1982 onmia
964 1946 1121 1982 oculis
1164 1945 1481 1994 auribusque,
1530 1958 1628 1994 quae

209 2017 286 2053 vel
316 2017 502 2062 socios„
544 2018 710 2054 nedum
753 2017 921 2053 hostes
964 2017 1141 2061 victos,
1186 2023 1369 2052 terrere
1411 2022 1626 2063 possent.

210 2087 503 2123 Perversissime
533 2088 588 2123 ita
616 2086 851 2123 divelluntur
883 2099 1060 2122 novum
1092 2093 1129 2122 ct
1157 2086 1401 2128 tribunal..
1442 2093 1626 2134 tanquam

208 2156 322 2205 plane
353 2156 545 2205 singulare
576 2157 728 2205 pondus
761 2157 991 2193 adiectivum
1023 2158 1166 2193 habeat
1194 2169 1332 2204 resque
1353 2156 1480 2204 posita
1514 2156 1628 2192 fuerit

210 2227 247 2262 in
264 2227 466 2263 tribunalis
487 2227 719 2271 mutatione3
757 2227 844 2274 (etsi
874 2228 935 2264 vel
955 2227 1009 2264 sic
1034 2227 1168 2264 Livius
1190 2227 1422 2275 scripsisset:
1452 2239 1625 2263 novum

210 2296 430 2332 tribunal
460 2296 486 2335 f.
518 2304 545 2335 t.
580 2297 826 2345 praebuit3)
860 2303 1022 2346 augetur
1043 2297 1189 2341 vitium,
1221 2296 1337 2344 quod.
1369 2309 1484 2345 quum
1516 2297 1628 2345 plura

210 2366 440 2403 coniunctim
471 2373 752 2411 enumerentur,
793 2380 878 2415 quae
908 2365 1115 2403 terribilem
1146 2366 1250 2402 illam
1282 2366 1445 2403 formam
1476 2367 1627 2414 praebu-

209 2437 318 2479 erint,
348 2443 475 2472 tamen
502 2437 538 2472 in
558 2449 633 2472 uno
664 2437 844 2474 tribunali
876 2438 1029 2473 novitas
1046 2442 1378 2473 commemoratur.
1437 2437 1627 2484 Apparet,

210 2507 286 2543 alio
318 2507 548 2542 adiectivum
578 2507 671 2543 illud
702 2508 914 2555 pertinere:
964 2506 1203 2543 Adsuetis
1244 2506 1379 2554 regio
1425 2505 1626 2554 imperio

209 2583 367 2612 tamen
399 2588 568 2612 novum
600 2577 837 2624 (imperium)
869 2576 1070 2612 formam
1102 2576 1374 2612 terribilem
1409 2574 1625 2624 praebuit.

209 2646 297 2682 Hoc
327 2645 503 2682 universe
524 2646 651 2694 posito
679 2646 914 2695 adiungitur,
949 2658 1033 2693 quae
1064 2645 1170 2682 illum
1200 2652 1386 2682 terrorem
1415 2643 1624 2680 effecerint:
