1811 2925
769 155 839 190 167
1260 149 1335 182 Lib.
1363 148 1460 179 vm.

221 274 315 324 Cap.
354 277 419 321 ¹8‚
461 276 529 312 ¹2:
578 276 752 322 Itaque
790 273 1019 309 memoria
1057 285 1113 310 ex
1145 272 1409 309 annalibus
1443 285 1515 308 re-

98 346 275 394 petita,
306 346 350 382 in
381 345 745 383 secessionibus
777 343 1013 392 quondam
1045 343 1201 392 plebis
1233 343 1422 380 clavum
1460 344 1516 380 ab

99 415 345 453 dictatore
375 416 526 453 fixum
555 414 912 461 alienatasque
947 414 1199 451 discordia
1231 419 1411 450 mentes
1440 415 1514 451 ho-

99 486 270 523 minum
311 500 363 524 eo
393 486 594 537 piaculo
644 491 894 534 compotes
938 484 1010 520 sui
1051 484 1253 529 fecisse,
1304 485 1517 522 dictato-

101 570 192 594 rem
226 558 358 594 clavi
407 558 597 606 figendi
636 568 782 593 causa
832 555 989 592 creari
1021 555 1220 604 placuit.
1310 555 1411 603 Quid
1459 569 1517 592 re-

100 629 314 677 quireretur
344 630 392 665 ad
438 628 622 665 orationis
652 627 844 671 formam,
897 626 1014 662 sensit
1050 626 1163 663 solito
1194 626 1417 675 prudentior
1447 626 1517 662 Al-

99 699 340 745 schefskius,
383 699 446 748 qui
487 698 647 735 factas
694 709 798 734 esse
844 697 881 733 in
929 697 1124 734 codicibus
1168 697 1327 734 inveniri
1376 697 1516 734 mallet.

102 770 435 808 lVeissenbornius
467 777 613 810 tamen,
663 776 705 805 ut
746 769 888 808 ceteri.
934 768 1223 804 dictatorem
1272 768 1397 808 audit,
1447 769 1519 805 liae

100 847 311 877 structura:
350 843 406 878 ab
447 841 695 877 dictatore
735 840 921 876 clavum
965 839 1116 875 fixum
1163 845 1207 874 et
1249 859 1301 865 -
1342 838 1518 874 fecisse

102 910 390 958 (dictatorem),
432 913 470 948 in
501 924 617 960 quam
649 910 801 946 Livium
833 910 870 946 in
901 916 979 945 tam
1010 909 1115 945 facili
1152 915 1188 944 et
1227 909 1335 945 brevi
1365 916 1519 945 senten-

101 981 153 1018 tia
183 982 348 1019 incidere
385 982 556 1031 potuisse
585 993 743 1030 prorsus
781 993 891 1029 nego.
952 979 1091 1027 Neque
1122 978 1215 1015 satis
1255 993 1303 1016 ex
1342 980 1518 1028 antiquo-

100 1065 183 1088 rum
228 1053 425 1090 hominum
484 1053 662 1101 Liviique
705 1051 885 1100 opinione
930 1051 1012 1099 ipse
1058 1049 1223 1086 dictator
1271 1058 1418 1087 mentes
1462 1051 1520 1087 sui

101 1130 298 1172 compotes
327 1123 463 1161 fecisse
493 1123 642 1168 dicitur,
674 1135 758 1171 quae
788 1121 892 1158 facto
922 1121 1075 1169 piaculo
1107 1121 1188 1157 sive
1215 1121 1344 1158 divino
1367 1122 1519 1159 numine

101 1193 181 1230 sive
211 1194 376 1230 obscura
406 1201 551 1231 naturae
582 1195 618 1231 vi
651 1193 892 1230 convaluisse
912 1192 1162 1240 putabantur.
1227 1194 1307 1229 Pro
1338 1193 1520 1230 fecisse

102 1276 125 1300 a
155 1264 267 1301 Livio
298 1265 517 1302 huiusmodi
548 1265 705 1314 aliquod
743 1265 901 1300 verbum
949 1263 1118 1311 positum
1162 1263 1361 1311 suspicor,
1407 1264 1520 1312 quale

101 1342 159 1372 est
188 1336 533 1384 conquievisse
564 1342 630 1372 aut
659 1335 906 1372 resedisse
937 1340 1002 1370 aut
1032 1331 1356 1382 resipuisse.¹)

214 1406 309 1456 Cap.
344 1408 407 1452 23,
445 1410 456 1442 l
494 1413 531 1442 et
562 1408 596 1444 2.
656 1407 770 1443 Hunc
801 1406 950 1450 locum,
985 1411 1027 1441 ut
1057 1404 1188 1449 illum,
1219 1404 1266 1441 de
1297 1418 1372 1453 quo
1403 1405 1520 1453 paulo

102 1483 190 1513 ante
220 1477 415 1523 admonui,
448 1478 542 1520 VH,
561 1480 623 1523 39,
664 1481 721 1521 14,
753 1478 918 1513 editores
950 1482 1215 1524 corruperunt,
1247 1488 1363 1524 quum
1395 1475 1433 1511 in
1454 1488 1519 1512 co-

101 1547 248 1584 dicibus
277 1556 380 1585 recte
409 1548 592 1597 scriptum
623 1549 871 1597 accepissent.
950 1546 1082 1582 Livius
1114 1552 1287 1582 senatum
1322 1546 1370 1582 ab
1416 1552 1520 1581 utro-

103 1630 177 1666 que
207 1619 362 1655 consule
403 1621 452 1669 (a.
487 1621 562 1657 327
596 1633 630 1656 a.
663 1617 772 1667 Chr.)
804 1618 1004 1654 certiorem
1036 1617 1180 1653 factum
1215 1616 1367 1662 scribit,
1409 1616 1520 1653 Sam—

103 1689 198 1726 nites
229 1690 370 1726 bellum
402 1691 537 1727 moliri.
602 1689 850 1727 Publilius
889 1689 937 1734 (is
977 1688 1014 1723 in
1053 1687 1266 1723 meridiana
1304 1685 1522 1735 Campania

103 1767 205 1804 erat,
241 1761 543 1810 Palaepolitanos
580 1761 681 1798 bello
725 1759 976 1800 coel-citurus)
1014 1758 1104 1794 duo
1140 1758 1274 1794 milia
1305 1757 1521 1794 Nolano-

102 1844 200 1867 rum
233 1831 438 1868 militum
470 1839 514 1868 et
545 1839 776 1881 quattuor
807 1829 1092 1867 Samnitium
1125 1829 1278 1877 magis
1309 1828 1521 1865 Nolanis

104 1902 394 1950 cogentibus
426 1915 560 1950 quam
592 1903 853 1939 voluntate
883 1899 1160 1937 Graecorum
1195 1906 1402 1948 recepta
1435 1900 1520 1935 Pa-

103 1971 266 2020 laepoli
298 1973 355 2022 (M
387 1973 718 2023 Palaepolim),
767 1971 967 2007 miserat
1006 1970 1062 2017 (id
1100 1976 1175 2014 est,
1218 1969 1344 2005 missis
1389 1968 1522 2004 litteris

103 2043 384 2091 nuntiaverat);
430 2043 586 2080 Romae
632 2045 716 2092 (per
761 2042 919 2078 alterum
953 2042 1161 2085 consulem.
1210 2041 1254 2078 L.
1288 2038 1521 2077 Cornelium-

104 2112 169 2161 qui
199 2112 435 2150 Samnitibus
468 2115 719 2163 opponendus
751 2113 946 2149 etiamtum
978 2112 1016 2149 iu
1051 2112 1146 2148 urbe
1162 2111 1371 2155 restiterat)
1400 2122 1522 2146 eom-

106 2190 306 2232 pertum,
338 2184 576 2220 delectum
606 2184 841 2220 indictum
874 2196 897 2219 a
929 2181 1522 2231 magistratibus,univer-

105 2265 305 2302 sumque
323 2254 571 2292 Samnium
600 2260 824 2295 erectum,
846 2260 915 2291 cet.
960 2253 1102 2289 Videat
1119 2264 1218 2289 nunc
1249 2251 1342 2288 mihi
1373 2251 1523 2300 aliquise

109 2337 223 2373 quam
260 2325 357 2361 belle
401 2327 481 2362 haec
520 2325 753 2374 interpolata
783 2325 877 2368 sint3
925 2324 989 2360 alii
1021 2324 1119 2360 enim
1152 2323 1405 2371 scripserunt:
1437 2322 1523 2358 mi—

200 2514 288 2546 quae
313 2513 411 2546 post
438 2506 481 2536 A.
509 2505 737 2546 appellata
763 2510 830 2535 est
855 2510 923 2541 aut,
955 2509 990 2534 ut
1017 2512 1044 2533 c.
1076 2506 1127 2540 19,
1156 2507 1196 2533 4:
1224 2512 1322 2544 quae.
1348 2503 1524 2533 Aurun-

201 2567 263 2598 cis
291 2567 490 2608 receptis,
515 2567 560 2597 A.
588 2566 845 2607 appellata).
911 2565 1039 2603 Recte,
1084 2565 1296 2601 invidetur,
1335 2564 1367 2594 in
1395 2563 1475 2596 Lov.
1505 2567 1523 2593 4

201 2629 357 2659 scribitur
381 2638 399 2659 e
425 2629 618 2660 coniectura
650 2627 913 2669 appellatur.

131 2686 163 2729 ¹)
199 2689 252 2720 De
279 2699 306 2720 c.
338 2692 389 2726 18,
418 2691 434 2720 7
463 2690 532 2720 dixi
558 2690 591 2720 in
618 2689 793 2730 prooemio
819 2699 850 2730 p.
879 2691 919 2719 27
948 2693 1018 2720 not.
