1811 2925
866 131 945 167 469
1443 128 1519 160 Lib.
1547 128 1622 161 XL.

186 251 470 300 quamperfecti
515 251 700 300 temporis
745 252 844 288 ratio
884 250 1057 300 expediri
1105 257 1254 299 potest,
1299 252 1622 301 scribendumque

187 323 406 359 necessario
441 334 524 359 esse
555 328 667 371 puto:
703 323 1097 372 depugnatumst,
1143 322 1266 369 quod,
1299 334 1417 371 quum
1460 329 1508 360 st
1550 336 1621 372 pro

187 399 261 430 est
289 393 457 442 positum
487 393 749 442 ignoraretur,
780 406 858 430 non
893 393 948 429 ita
981 390 1188 428 difficulter
1216 393 1255 429 in
1286 394 1623 443 depugnasset

185 464 351 501 transire
380 464 518 513 potuit.
580 465 645 508 (In
676 465 848 504 vindob.
878 464 943 501 lib.
976 463 1107 508 XLV,
1141 466 1176 508 7,
1200 465 1222 500 4
1255 476 1303 500 ex
1335 464 1478 501 missi
1509 472 1622 501 sunt

187 541 313 571 ortum
346 542 403 572 est
434 535 703 573 misissent.
768 536 832 573 Ex
873 540 1051 583 coepta
1083 540 1193 570 sunt
1238 534 1382 572 factum
1427 536 1621 584 coepis-

186 611 294 642 sent
324 606 426 654 apud
459 605 685 643 Ciceronem
716 608 832 644 Tusc.
864 608 896 652 I,
934 607 994 651 13,
1017 607 1067 642 29
1101 605 1192 641 olim
1227 602 1456 655 correxi.)¹)

301 675 397 725 Cap.
432 678 508 719 35,
543 679 589 714 13
622 676 679 725 (in
711 679 772 715 Ti.
809 677 1029 726 Sempronii
1060 676 1257 722 oratione,
1290 689 1367 725 qua
1410 677 1619 722 dissuadet,

186 760 236 783 ne
266 747 456 784 exercitus
490 761 539 785 ex
568 749 762 798 Hispania
793 748 968 786 citeriore
1001 748 1268 797 deportetur):
1303 747 1450 785 Dictu
1482 761 1618 797 quam

185 831 241 854 re
274 817 482 855 facilius
513 818 574 854 sit
604 818 914 867 provinciam
952 818 1154 866 ingenio
1186 817 1425 864 ferocem,
1468 819 1618 856 rebel-

187 887 411 925 latricem
444 888 747 926 confecisse?
817 889 881 927 Sic
925 890 1028 938 apud
1060 888 1437 934 Drakenborchium,
1469 889 1619 939 Kreys-

184 959 339 1008 sigium‚
371 959 467 995 alios
499 959 690 1005 scribitur,
737 973 821 1008 quae
852 960 1106 1008 interrogatio
1138 959 1197 1006 (ut
1227 958 1403 995 omittam
1434 959 1618 996 coniunc—

185 1030 308 1066 tivum
338 1030 514 1070 modum]
555 1037 687 1079 aperte
730 1031 959 1067 sententiam
990 1031 1108 1067 habet
1138 1029 1298 1066 dicentis
1329 1029 1488 1066 consilio
1523 1042 1618 1067 con-

184 1101 364 1145 trariam;
409 1110 574 1148 negatur
613 1101 713 1137 enim
754 1101 1053 1150 interrogando,
1091 1101 1193 1137 dictu
1237 1113 1352 1149 quarn
1394 1113 1435 1136 re
1466 1099 1617 1136 facilius

184 1184 282 1217 esse,
312 1173 386 1208 hoc
417 1178 495 1217 est,
526 1171 763 1217 affirmatur,
808 1185 946 1221 reapse
987 1172 1101 1209 facile
1133 1184 1216 1208 esse
1245 1171 1484 1220 provinciam
1517 1170 1616 1207 eius-

185 1242 289 1279 modi
321 1243 521 1281 conficere.
586 1242 725 1290 Itaque
758 1242 822 1279 alii
851 1244 993 1280 rectius
1023 1242 1288 1291 interrogandi
1314 1249 1444 1278 notam
1465 1241 1614 1279 tollunt.

186 1312 263 1349 Sed
293 1323 342 1349 ne
371 1312 410 1348 in
441 1313 514 1349 hac
554 1312 707 1361 quidem
745 1317 881 1361 aperta
910 1313 1199 1349 asseveratione
1231 1313 1359 1349 locum
1389 1313 1507 1348 habet
1525 1325 1615 1349 con-

180 1383 377 1420 iunctivus
409 1383 687 1431 dubitandique
715 1383 957 1432 significatio,
993 1383 1315 1432 scribendumque
1358 1389 1435 1419 est:
1467 1384 1614 1421 Dietu

182 1466 326 1502 quain
357 1467 407 1490 re
440 1453 643 1490 faciliu‘s
678 1458 751 1495 est
782 1461 853 1494 cet.
914 1454 1225 1497 (Confecisse
1254 1452 1616 1503 perfeetotempore

183 1525 367 1574 scriptum
399 1531 469 1570 est,
501 1525 603 1573 quod
633 1525 883 1574 significatur,
913 1524 1027 1562 facile
1058 1537 1141 1561 esse
1171 1524 1297 1560 dicere
1314 1536 1354 1560 se
1375 1525 1615 1573 provinciam

182 1595 426 1644 confecisse.)

298 1665 394 1714 Cap.
429 1666 492 1711 382
525 1667 546 1702 9
582 1666 645 1712 (de
675 1665 869 1715 triumpho
901 1668 946 1703 P.
978 1665 1150 1703 Cornelii
1181 1671 1218 1702 et
1247 1666 1303 1702 M.
1327 1666 1449 1703 Baebii
1480 1668 1527 1704 de
1549 1668 1614 1704 Li-

181 1736 379 1785 guribus):
413 1737 473 1773 Hi
516 1736 723 1773 omnium
754 1737 896 1785 primi
930 1738 1064 1774 nullo
1106 1736 1234 1773 bello
1275 1744 1413 1785 gesto
1451 1738 1615 1774 trium-

210 1857 243 1902 ¹)
285 1862 443 1893 Proxime
467 1868 544 1893 ante
583 1863 617 1903 (ξ
646 1863 684 1903 5)
727 1863 921 1893 necessario
961 1873 1038 1893 cum
1066 1863 1244 1895 Gronovio
1283 1865 1501 1895 scribendum
1543 1871 1613 1895 est:

279 1933 368 1963 quae
394 1925 530 1965 prima
556 1925 745 1955 omnium
780 1925 820 1955 in
854 1923 996 1955 Italia
1033 1931 1201 1956 statuta
1238 1932 1392 1957 aurata
1419 1931 1497 1964 est3
1523 1928 1612 1967 quod

279 1986 368 2016 enim
389 1986 516 2017 editur:
547 1992 692 2017 statua
718 1992 872 2017 aurata
899 1987 1070 2024 est‚nihil
1089 1987 1182 2017 aliud
1202 1987 1370 2027 significat
1387 1989 1470 2018 nisi:
1488 1989 1615 2020 welche

280 2047 400 2078 Statue
426 2048 479 2078 die
507 2053 594 2078 erste
620 2059 697 2085 war,
725 2048 779 2079 die
805 2049 983 2088 vei-goldet
1018 2049 1120 2080 ward.
1182 2049 1281 2087 Quod
1309 2049 1612 2082 Weissenbornius

278 2109 352 2140 haec
390 2109 494 2140 verba
537 2110 579 2140 ab
621 2110 865 2151 interpolatore
901 2111 1031 2141 inserta
1057 2115 1174 2151 putat,
1215 2111 1285 2141 dixi
1329 2111 1396 2142 iam
1433 2118 1511 2143 ante
1553 2115 1612 2153 (ad

278 2155 453 2209 XXXIV,
482 2172 518 2208 7,
558 2175 576 2201 2
611 2181 643 2211 p.
679 2174 744 2202 398
774 2172 882 2212 not),
920 2171 1190 2212 improbabiliter
1222 2173 1255 2203 in
1283 2171 1369 2203 Livii
1404 2173 1498 2205 libris
1530 2174 1612 2215 fingi

279 2233 474 2264 huiusmodi
516 2241 626 2263 rerum
666 2233 707 2262 ad
743 2233 921 2265 historiam
946 2233 1221 2264 memorabilium
1259 2234 1395 2264 aliunde
1421 2235 1614 2267 adnotatio—

278 2304 374 2332 nem3
400 2295 467 2325 hoc
493 2293 630 2332 quidem
657 2293 697 2323 de
724 2300 837 2325 statua
861 2296 970 2335 prima
996 2303 1115 2326 aurata
1141 2295 1320 2326 Valerium
1347 2295 1549 2335 Maximum,
1577 2306 1612 2329 ut

276 2356 387 2387 multa
425 2355 509 2392 alia,
537 2365 557 2384 a
582 2354 678 2385 L=vio
722 2356 907 2398 sumpsisse
935 2355 1148 2388 manifestum
1185 2364 1244 2389 est.
1310 2357 1475 2390 Extremo
1501 2361 1612 2402 capite

279 2416 314 2456 (ἓ
344 2416 403 2457 13)
428 2426 496 2447 non
523 2415 689 2456 intelligo,
717 2417 796 2456 quid
826 2418 916 2458 apud
928 2418 1100 2449 Handium
1122 2419 1271 2452 Turseli.
1297 2419 1343 2457 ΙΙ,
1374 2423 1436 2451 148
1465 2422 1613 2462 reperia-

278 2484 343 2516 tur,
371 2488 438 2518 quo
464 2477 553 2509 ullus
581 2477 673 2508 color
699 2478 873 2509 conciliari
899 2479 1009 2519 possit
1033 2479 1112 2511 huic
1134 2480 1270 2512 dicendi
1295 2490 1436 2520 genere:
1462 2493 1610 2523 pacem

279 2549 370 2570 eum
398 2540 553 2580 aliquo
578 2549 659 2580 prae
674 2545 740 2571 sto
766 2541 816 2571 ab
845 2540 1012 2582 aliquo,
1040 2547 1076 2572 ut
1103 2542 1163 2573 sit:
1190 2542 1313 2580 efficio,
1341 2549 1378 2575 ut
1403 2544 1526 2584 aliquis
1551 2555 1612 2586 pa-

276 2610 351 2631 cem
379 2610 453 2632 cum
480 2601 595 2642 aliquo
632 2607 760 2639 servet3
793 2611 939 2643 pacem
977 2613 1065 2633 cum
1103 2604 1258 2645 aliquo
1290 2614 1465 2637 servare
1490 2606 1610 2638 Latine

276 2660 357 2698 dici,
384 2659 579 2693 Gronovius
605 2672 674 2694 non
699 2663 888 2702 ignorabat.
