<?xml version="1.0" encoding="UTF-8"?>
<!DOCTYPE html PUBLIC "-//W3C//DTD XHTML 1.0 Transitional//EN"
    "http://www.w3.org/TR/xhtml1/DTD/xhtml1-transitional.dtd">
<html xmlns="http://www.w3.org/1999/xhtml" xml:lang="en" lang="en">
 <head>
  <title>
</title>
<meta http-equiv="Content-Type" content="text/html;charset=utf-8" />
  <meta name='ocr-system' content='tesseract 3.04.00' />
  <meta name='ocr-capabilities' content='ocr_page ocr_carea ocr_par ocr_line ocrx_word'/>
</head>
<body>
  <div class='ocr_page' id='page_1' title='image "./emendationeslivi00madvuoft_0569.png"; bbox 0 0 1811 2925; ppageno 0'>
   <div class='ocr_carea' id='block_1_1' title="bbox 812 129 1567 167">
    <p class='ocr_par' dir='ltr' id='par_1_1' title="bbox 812 129 1567 167">
     <span class='ocr_line' id='line_1_1' title="bbox 812 129 1567 167; baseline -0.007 0"><span class='ocrx_word' id='word_1_1' title='bbox 812 131 890 167; x_wconf 84' lang='grc'>563</span> <span class='ocrx_word' id='word_1_2' title='bbox 1345 129 1421 161; x_wconf 93' lang='lat' dir='ltr'>Lib.</span> <span class='ocrx_word' id='word_1_3' title='bbox 1438 129 1567 162; x_wconf 86' lang='lat' dir='ltr'>XLIV.</span> 
     </span>
    </p>
   </div>
   <div class='ocr_carea' id='block_1_2' title="bbox 137 252 1570 2212">
    <p class='ocr_par' dir='ltr' id='par_1_2' title="bbox 137 252 1570 2212">
     <span class='ocr_line' id='line_1_2' title="bbox 141 252 1567 304; baseline -0.001 -13"><span class='ocrx_word' id='word_1_4' title='bbox 141 255 266 304; x_wconf 88' lang='lat' dir='ltr'>quod</span> <span class='ocrx_word' id='word_1_5' title='bbox 313 254 475 290; x_wconf 82' lang='lat' dir='ltr'>fuerat</span> <span class='ocrx_word' id='word_1_6' title='bbox 516 260 689 290; x_wconf 85' lang='lat' dir='ltr'>natum.</span> <span class='ocrx_word' id='word_1_7' title='bbox 777 253 940 290; x_wconf 89' lang='lat' dir='ltr'>Mirifice</span> <span class='ocrx_word' id='word_1_8' title='bbox 994 252 1294 301; x_wconf 84' lang='lat' dir='ltr'>interpolarnnt:</span> <span class='ocrx_word' id='word_1_9' title='bbox 1352 253 1567 301; x_wconf 82' lang='lat' dir='ltr'>pecuniae</span> 
     </span>
     <span class='ocr_line' id='line_1_3' title="bbox 139 322 1566 375; baseline -0.003 -13"><span class='ocrx_word' id='word_1_10' title='bbox 139 332 345 375; x_wconf 88' lang='lat' dir='ltr'>partem,</span> <span class='ocrx_word' id='word_1_11' title='bbox 379 325 504 372; x_wconf 88' lang='lat' dir='ltr'>quod</span> <span class='ocrx_word' id='word_1_12' title='bbox 538 325 701 361; x_wconf 82' lang='lat' dir='ltr'>fuerat</span> <span class='ocrx_word' id='word_1_13' title='bbox 730 329 935 360; x_wconf 83' lang='lat' dir='ltr'>nanctus</span> <span class='ocrx_word' id='word_1_14' title='bbox 971 324 1212 368; x_wconf 78' lang='lat' dir='ltr'>(abundante</span> <span class='ocrx_word' id='word_1_15' title='bbox 1242 322 1377 359; x_wconf 87' lang='lat' dir='ltr'>saltem</span> <span class='ocrx_word' id='word_1_16' title='bbox 1408 323 1566 371; x_wconf 82' lang='lat' dir='ltr'>partis</span> 
     </span>
     <span class='ocr_line' id='line_1_4' title="bbox 140 392 1567 443; baseline -0.003 -10"><span class='ocrx_word' id='word_1_17' title='bbox 140 396 328 441; x_wconf 84' lang='lat' dir='ltr'>nomine),</span> <span class='ocrx_word' id='word_1_18' title='bbox 364 396 475 443; x_wconf 84' lang='lat' dir='ltr'>quasi</span> <span class='ocrx_word' id='word_1_19' title='bbox 497 395 755 432; x_wconf 79' lang='lat' dir='ltr'>nanciscenda</span> <span class='ocrx_word' id='word_1_20' title='bbox 775 392 892 430; x_wconf 78' lang='lat' dir='ltr'>fuerit</span> <span class='ocrx_word' id='word_1_21' title='bbox 909 394 1085 442; x_wconf 85' lang='lat' dir='ltr'>pecunia,</span> <span class='ocrx_word' id='word_1_22' title='bbox 1114 394 1163 430; x_wconf 86' lang='lat' dir='ltr'>ad</span> <span class='ocrx_word' id='word_1_23' title='bbox 1178 406 1293 442; x_wconf 87' lang='lat' dir='ltr'>quam</span> <span class='ocrx_word' id='word_1_24' title='bbox 1316 393 1354 429; x_wconf 91' lang='lat' dir='ltr'>in</span> <span class='ocrx_word' id='word_1_25' title='bbox 1376 393 1567 430; x_wconf 81' lang='lat' dir='ltr'>thesauris</span> 
     </span>
     <span class='ocr_line' id='line_1_5' title="bbox 139 464 1568 516; baseline -0.003 -12"><span class='ocrx_word' id='word_1_26' title='bbox 139 466 349 516; x_wconf 82' lang='lat' dir='ltr'>repositam</span> <span class='ocrx_word' id='word_1_27' title='bbox 393 478 477 502; x_wconf 84' lang='lat' dir='ltr'>cum</span> <span class='ocrx_word' id='word_1_28' title='bbox 524 466 696 502; x_wconf 83' lang='lat' dir='ltr'>clavibus</span> <span class='ocrx_word' id='word_1_29' title='bbox 745 465 885 501; x_wconf 87' lang='lat' dir='ltr'>missus</span> <span class='ocrx_word' id='word_1_30' title='bbox 928 465 1063 502; x_wconf 75' lang='lat' dir='ltr'>Nicias</span> <span class='ocrx_word' id='word_1_31' title='bbox 1113 470 1207 504; x_wconf 83' lang='lat' dir='ltr'>erat,</span> <span class='ocrx_word' id='word_1_32' title='bbox 1282 464 1390 501; x_wconf 88' lang='lat' dir='ltr'>Nihil</span> <span class='ocrx_word' id='word_1_33' title='bbox 1438 469 1568 512; x_wconf 83' lang='lat' dir='ltr'>potest</span> 
     </span>
     <span class='ocr_line' id='line_1_6' title="bbox 140 535 1566 584; baseline -0.001 -11"><span class='ocrx_word' id='word_1_34' title='bbox 140 537 380 573; x_wconf 78' lang='lat' dir='ltr'>manifestius</span> <span class='ocrx_word' id='word_1_35' title='bbox 430 548 524 580; x_wconf 78' lang='lat' dir='ltr'>esse,</span> <span class='ocrx_word' id='word_1_36' title='bbox 572 548 688 584; x_wconf 84' lang='lat' dir='ltr'>quam</span> <span class='ocrx_word' id='word_1_37' title='bbox 735 535 850 572; x_wconf 85' lang='lat' dir='ltr'>scribi</span> <span class='ocrx_word' id='word_1_38' title='bbox 899 535 1056 572; x_wconf 86' lang='lat' dir='ltr'>debere:</span> <span class='ocrx_word' id='word_1_39' title='bbox 1100 535 1314 584; x_wconf 87' lang='lat' dir='ltr'>pecuniae</span> <span class='ocrx_word' id='word_1_40' title='bbox 1358 540 1566 583; x_wconf 83' lang='lat' dir='ltr'>partem,</span> 
     </span>
     <span class='ocr_line' id='line_1_7' title="bbox 139 598 1566 658; baseline -0.001 -14"><span class='ocrx_word' id='word_1_41' title='bbox 139 620 239 656; x_wconf 85' lang='lat' dir='ltr'>quae</span> <span class='ocrx_word' id='word_1_42' title='bbox 274 607 437 644; x_wconf 81' lang='lat' dir='ltr'>fuerat</span> <span class='ocrx_word' id='word_1_43' title='bbox 482 607 538 646; x_wconf 78' lang='lat' dir='ltr'>ad</span> <span class='ocrx_word' id='word_1_44' title='bbox 583 606 776 646; x_wconf 77' lang='lat' dir='ltr'>Phacum</span> <span class='ocrx_word' id='word_1_45' title='bbox 827 606 900 651; x_wconf 64' lang='grc' dir='ltr'>(ἐν</span> <span class='ocrx_word' id='word_1_46' title='bbox 945 603 1003 658; x_wconf 65' lang='grc' dir='ltr'>(τῷ</span> <span class='ocrx_word' id='word_1_47' title='bbox 1049 598 1263 658; x_wconf 70' lang='grc' dir='ltr'>Φάκῳ).1)</span> <span class='ocrx_word' id='word_1_48' title='bbox 1337 607 1435 643; x_wconf 84' lang='lat' dir='ltr'>Erat</span> <span class='ocrx_word' id='word_1_49' title='bbox 1465 606 1566 642; x_wconf 90' lang='lat' dir='ltr'>enim</span> 
     </span>
     <span class='ocr_line' id='line_1_8' title="bbox 141 677 1566 726; baseline -0.001 -11"><span class='ocrx_word' id='word_1_50' title='bbox 141 679 298 715; x_wconf 82' lang='lat' dir='ltr'>Phacus</span> <span class='ocrx_word' id='word_1_51' title='bbox 330 691 400 714; x_wconf 79' lang='lat' dir='ltr'>arx</span> <span class='ocrx_word' id='word_1_52' title='bbox 432 677 570 723; x_wconf 82' lang='lat' dir='ltr'>Pellae,</span> <span class='ocrx_word' id='word_1_53' title='bbox 610 677 648 713; x_wconf 90' lang='lat' dir='ltr'>in</span> <span class='ocrx_word' id='word_1_54' title='bbox 681 689 759 726; x_wconf 88' lang='lat' dir='ltr'>qua</span> <span class='ocrx_word' id='word_1_55' title='bbox 786 683 823 713; x_wconf 86' lang='lat' dir='ltr'>et</span> <span class='ocrx_word' id='word_1_56' title='bbox 853 690 952 726; x_wconf 82' lang='lat' dir='ltr'>gaza</span> <span class='ocrx_word' id='word_1_57' title='bbox 982 678 1090 726; x_wconf 82' lang='lat' dir='ltr'>regia</span> <span class='ocrx_word' id='word_1_58' title='bbox 1121 678 1351 714; x_wconf 83' lang='lat' dir='ltr'>servabatur</span> <span class='ocrx_word' id='word_1_59' title='bbox 1381 683 1418 713; x_wconf 89' lang='lat' dir='ltr'>et</span> <span class='ocrx_word' id='word_1_60' title='bbox 1447 677 1566 714; x_wconf 87' lang='lat' dir='ltr'>vincti</span> 
     </span>
     <span class='ocr_line' id='line_1_9' title="bbox 139 748 1564 796; baseline -0.001 -10"><span class='ocrx_word' id='word_1_61' title='bbox 139 750 474 793; x_wconf 71' lang='lat' dir='ltr'>custodiebantur,</span> <span class='ocrx_word' id='word_1_62' title='bbox 520 760 617 796; x_wconf 85' lang='lat' dir='ltr'>quos</span> <span class='ocrx_word' id='word_1_63' title='bbox 663 760 731 784; x_wconf 85' lang='lat' dir='ltr'>rex</span> <span class='ocrx_word' id='word_1_64' title='bbox 762 748 947 784; x_wconf 84' lang='lat' dir='ltr'>custodiri</span> <span class='ocrx_word' id='word_1_65' title='bbox 978 749 1162 794; x_wconf 82' lang='lat' dir='ltr'>iusserat,</span> <span class='ocrx_word' id='word_1_66' title='bbox 1205 748 1406 785; x_wconf 81' lang='lat' dir='ltr'>nominata</span> <span class='ocrx_word' id='word_1_67' title='bbox 1447 748 1564 785; x_wconf 85' lang='lat' dir='ltr'>etiam</span> 
     </span>
     <span class='ocr_line' id='line_1_10' title="bbox 139 817 1566 869; baseline -0.001 -12"><span class='ocrx_word' id='word_1_68' title='bbox 139 821 244 869; x_wconf 88' lang='lat' dir='ltr'>apud</span> <span class='ocrx_word' id='word_1_69' title='bbox 275 820 483 869; x_wconf 86' lang='lat' dir='ltr'>Polybium</span> <span class='ocrx_word' id='word_1_70' title='bbox 513 818 698 869; x_wconf 83' lang='lat' dir='ltr'>(XXXI,</span> <span class='ocrx_word' id='word_1_71' title='bbox 730 817 813 867; x_wconf 82' lang='lat'><strong>25).</strong></span> <span class='ocrx_word' id='word_1_72' title='bbox 874 819 1015 867; x_wconf 77' lang='lat' dir='ltr'>Itaque</span> <span class='ocrx_word' id='word_1_73' title='bbox 1048 820 1194 856; x_wconf 84' lang='lat' dir='ltr'>frustra</span> <span class='ocrx_word' id='word_1_74' title='bbox 1220 819 1403 856; x_wconf 82' lang='lat' dir='ltr'>Valesius</span> <span class='ocrx_word' id='word_1_75' title='bbox 1434 820 1566 866; x_wconf 88' lang='lat' dir='ltr'>Pellae,</span> 
     </span>
     <span class='ocr_line' id='line_1_11' title="bbox 139 889 1566 939; baseline 0 -12"><span class='ocrx_word' id='word_1_76' title='bbox 139 904 217 928; x_wconf 89' lang='lat' dir='ltr'>non</span> <span class='ocrx_word' id='word_1_77' title='bbox 257 891 379 928; x_wconf 88' lang='lat' dir='ltr'>Phaci</span> <span class='ocrx_word' id='word_1_78' title='bbox 423 901 561 938; x_wconf 79' lang='lat' dir='ltr'>gazam</span> <span class='ocrx_word' id='word_1_79' title='bbox 605 889 864 926; x_wconf 85' lang='lat' dir='ltr'>Macedonum</span> <span class='ocrx_word' id='word_1_80' title='bbox 911 889 1030 927; x_wconf 81' lang='lat' dir='ltr'>fuisse</span> <span class='ocrx_word' id='word_1_81' title='bbox 1075 891 1267 939; x_wconf 84' lang='lat' dir='ltr'>disputat,</span> <span class='ocrx_word' id='word_1_82' title='bbox 1313 895 1410 927; x_wconf 81' lang='lat' dir='ltr'>teste</span> <span class='ocrx_word' id='word_1_83' title='bbox 1455 896 1566 927; x_wconf 87' lang='lat' dir='ltr'>utens</span> 
     </span>
     <span class='ocr_line' id='line_1_12' title="bbox 141 960 1566 1010; baseline -0.002 -11"><span class='ocrx_word' id='word_1_84' title='bbox 141 962 254 999; x_wconf 91' lang='lat' dir='ltr'>Livio</span> <span class='ocrx_word' id='word_1_85' title='bbox 285 960 337 1010; x_wconf 91' lang='lat' dir='ltr'>(e.</span> <span class='ocrx_word' id='word_1_86' title='bbox 367 962 432 1005; x_wconf 72' lang='lat'>⁶23,</span> <span class='ocrx_word' id='word_1_87' title='bbox 466 962 487 996; x_wconf 82' lang='lat'>9</span> <span class='ocrx_word' id='word_1_88' title='bbox 521 965 557 995; x_wconf 80' lang='lat' dir='ltr'>et</span> <span class='ocrx_word' id='word_1_89' title='bbox 587 972 618 996; x_wconf 87' lang='lat' dir='ltr'>e.</span> <span class='ocrx_word' id='word_1_90' title='bbox 651 962 717 1003; x_wconf 73' lang='lat'>46,</span> <span class='ocrx_word' id='word_1_91' title='bbox 751 961 772 997; x_wconf 79' lang='lat'>8</span> <span class='ocrx_word' id='word_1_92' title='bbox 802 960 914 996; x_wconf 90' lang='lat' dir='ltr'>huius</span> <span class='ocrx_word' id='word_1_93' title='bbox 944 960 1066 1006; x_wconf 86' lang='lat' dir='ltr'>libri),</span> <span class='ocrx_word' id='word_1_94' title='bbox 1097 960 1157 996; x_wconf 87' lang='lat' dir='ltr'>cui</span> <span class='ocrx_word' id='word_1_95' title='bbox 1188 960 1347 1008; x_wconf 80' lang='lat' dir='ltr'>adiungi</span> <span class='ocrx_word' id='word_1_96' title='bbox 1378 960 1566 1009; x_wconf 87' lang='lat' dir='ltr'>Polybius</span> 
     </span>
     <span class='ocr_line' id='line_1_13' title="bbox 139 1030 1565 1082; baseline -0.002 -12"><span class='ocrx_word' id='word_1_97' title='bbox 139 1039 267 1082; x_wconf 84' lang='lat' dir='ltr'>potest</span> <span class='ocrx_word' id='word_1_98' title='bbox 297 1032 477 1080; x_wconf 84' lang='lat' dir='ltr'>(XXIX,</span> <span class='ocrx_word' id='word_1_99' title='bbox 510 1032 549 1078; x_wconf 84' lang='lat'>3)</span> <span class='ocrx_word' id='word_1_100' title='bbox 584 1038 620 1067; x_wconf 83' lang='lat' dir='ltr'>et</span> <span class='ocrx_word' id='word_1_101' title='bbox 651 1030 793 1068; x_wconf 86' lang='lat' dir='ltr'>Strabo</span> <span class='ocrx_word' id='word_1_102' title='bbox 828 1030 910 1079; x_wconf 85' lang='lat' dir='ltr'>(lib.</span> <span class='ocrx_word' id='word_1_103' title='bbox 942 1031 1025 1067; x_wconf 88' lang='lat' dir='ltr'>VII</span> <span class='ocrx_word' id='word_1_104' title='bbox 1056 1031 1103 1067; x_wconf 83' lang='lat' dir='ltr'>fr.</span> <span class='ocrx_word' id='word_1_105' title='bbox 1138 1032 1187 1067; x_wconf 86' lang='lat'>20</span> <span class='ocrx_word' id='word_1_106' title='bbox 1221 1044 1269 1067; x_wconf 79' lang='lat' dir='ltr'>ex</span> <span class='ocrx_word' id='word_1_107' title='bbox 1301 1031 1434 1080; x_wconf 83' lang='lat' dir='ltr'>epit.);</span> <span class='ocrx_word' id='word_1_108' title='bbox 1474 1043 1565 1067; x_wconf 85' lang='lat' dir='ltr'>nam</span> 
     </span>
     <span class='ocr_line' id='line_1_14' title="bbox 141 1101 1567 1153; baseline -0.002 -13"><span class='ocrx_word' id='word_1_109' title='bbox 141 1117 226 1153; x_wconf 85' lang='lat' dir='ltr'>quae</span> <span class='ocrx_word' id='word_1_110' title='bbox 256 1104 296 1140; x_wconf 90' lang='lat' dir='ltr'>in</span> <span class='ocrx_word' id='word_1_111' title='bbox 327 1116 414 1140; x_wconf 86' lang='lat' dir='ltr'>arce</span> <span class='ocrx_word' id='word_1_112' title='bbox 445 1103 493 1138; x_wconf 90' lang='lat' dir='ltr'>ad</span> <span class='ocrx_word' id='word_1_113' title='bbox 525 1101 674 1139; x_wconf 86' lang='lat' dir='ltr'>Pellam</span> <span class='ocrx_word' id='word_1_114' title='bbox 708 1107 815 1148; x_wconf 85' lang='lat' dir='ltr'>erat,</span> <span class='ocrx_word' id='word_1_115' title='bbox 859 1101 995 1138; x_wconf 86' lang='lat' dir='ltr'>eadem</span> <span class='ocrx_word' id='word_1_116' title='bbox 1040 1102 1159 1139; x_wconf 75' lang='lat' dir='ltr'>Pellae</span> <span class='ocrx_word' id='word_1_117' title='bbox 1208 1114 1291 1138; x_wconf 85' lang='lat' dir='ltr'>esse</span> <span class='ocrx_word' id='word_1_118' title='bbox 1327 1107 1431 1138; x_wconf 85' lang='lat' dir='ltr'>reete</span> <span class='ocrx_word' id='word_1_119' title='bbox 1461 1101 1567 1138; x_wconf 87' lang='lat' dir='ltr'>diee-</span> 
     </span>
     <span class='ocr_line' id='line_1_15' title="bbox 142 1172 1566 1222; baseline -0.002 -11"><span class='ocrx_word' id='word_1_120' title='bbox 142 1176 267 1211; x_wconf 82' lang='lat' dir='ltr'>batur.</span> <span class='ocrx_word' id='word_1_121' title='bbox 333 1173 435 1210; x_wconf 88' lang='lat' dir='ltr'>Livii</span> <span class='ocrx_word' id='word_1_122' title='bbox 467 1173 621 1222; x_wconf 82' lang='lat' dir='ltr'>quidem</span> <span class='ocrx_word' id='word_1_123' title='bbox 650 1173 790 1219; x_wconf 80' lang='lat' dir='ltr'>locum,</span> <span class='ocrx_word' id='word_1_124' title='bbox 823 1173 887 1221; x_wconf 88' lang='lat' dir='ltr'>qui</span> <span class='ocrx_word' id='word_1_125' title='bbox 919 1179 977 1210; x_wconf 78' lang='lat' dir='ltr'>est</span> <span class='ocrx_word' id='word_1_126' title='bbox 1007 1172 1045 1209; x_wconf 88' lang='lat' dir='ltr'>in</span> <span class='ocrx_word' id='word_1_127' title='bbox 1077 1185 1108 1210; x_wconf 86' lang='lat' dir='ltr'>c.</span> <span class='ocrx_word' id='word_1_128' title='bbox 1140 1175 1206 1219; x_wconf 80' lang='grc'>46,</span> <span class='ocrx_word' id='word_1_129' title='bbox 1246 1172 1361 1209; x_wconf 81' lang='lat' dir='ltr'>etiam</span> <span class='ocrx_word' id='word_1_130' title='bbox 1405 1172 1566 1221; x_wconf 87' lang='lat' dir='ltr'>propius</span> 
     </span>
     <span class='ocr_line' id='line_1_16' title="bbox 139 1243 1566 1294; baseline -0.001 -12"><span class='ocrx_word' id='word_1_131' title='bbox 139 1246 190 1282; x_wconf 89' lang='lat' dir='ltr'>ad</span> <span class='ocrx_word' id='word_1_132' title='bbox 220 1257 352 1282; x_wconf 86' lang='lat' dir='ltr'>veram</span> <span class='ocrx_word' id='word_1_133' title='bbox 385 1245 614 1281; x_wconf 85' lang='lat' dir='ltr'>sententiam</span> <span class='ocrx_word' id='word_1_134' title='bbox 645 1244 762 1294; x_wconf 82' lang='lat' dir='ltr'>paulo</span> <span class='ocrx_word' id='word_1_135' title='bbox 793 1249 883 1292; x_wconf 81' lang='lat' dir='ltr'>post</span> <span class='ocrx_word' id='word_1_136' title='bbox 913 1244 1314 1288; x_wconf 83' lang='lat' dir='ltr'>accommodabimus3</span> <span class='ocrx_word' id='word_1_137' title='bbox 1357 1256 1458 1280; x_wconf 86' lang='lat' dir='ltr'>nune</span> <span class='ocrx_word' id='word_1_138' title='bbox 1487 1243 1566 1292; x_wconf 92' lang='lat' dir='ltr'>pri—</span> 
     </span>
     <span class='ocr_line' id='line_1_17' title="bbox 139 1313 1568 1364; baseline -0.003 -11"><span class='ocrx_word' id='word_1_139' title='bbox 139 1330 244 1353; x_wconf 84' lang='lat' dir='ltr'>mum</span> <span class='ocrx_word' id='word_1_140' title='bbox 275 1316 462 1361; x_wconf 85' lang='lat' dir='ltr'>dicamus,</span> <span class='ocrx_word' id='word_1_141' title='bbox 496 1321 723 1364; x_wconf 80' lang='lat' dir='ltr'>comparata</span> <span class='ocrx_word' id='word_1_142' title='bbox 762 1315 913 1352; x_wconf 81' lang='lat' dir='ltr'>veriore</span> <span class='ocrx_word' id='word_1_143' title='bbox 942 1315 1021 1360; x_wconf 87' lang='lat' dir='ltr'>illa,</span> <span class='ocrx_word' id='word_1_144' title='bbox 1063 1327 1148 1363; x_wconf 84' lang='lat' dir='ltr'>quae</span> <span class='ocrx_word' id='word_1_145' title='bbox 1185 1314 1223 1350; x_wconf 89' lang='lat' dir='ltr'>in</span> <span class='ocrx_word' id='word_1_146' title='bbox 1254 1327 1286 1353; x_wconf 81' lang='lat' dir='ltr'>e.</span> <span class='ocrx_word' id='word_1_147' title='bbox 1324 1316 1369 1350; x_wconf 91' lang='lat'>10</span> <span class='ocrx_word' id='word_1_148' title='bbox 1408 1313 1568 1350; x_wconf 86' lang='lat' dir='ltr'>inventa</span> 
     </span>
     <span class='ocr_line' id='line_1_18' title="bbox 139 1384 1564 1436; baseline -0.002 -13"><span class='ocrx_word' id='word_1_149' title='bbox 139 1394 209 1431; x_wconf 89' lang='lat' dir='ltr'>est,</span> <span class='ocrx_word' id='word_1_150' title='bbox 251 1387 453 1436; x_wconf 85' lang='lat' dir='ltr'>scriptura,</span> <span class='ocrx_word' id='word_1_151' title='bbox 500 1386 539 1422; x_wconf 90' lang='lat' dir='ltr'>in</span> <span class='ocrx_word' id='word_1_152' title='bbox 570 1399 628 1432; x_wconf 88' lang='lat' dir='ltr'>eo,</span> <span class='ocrx_word' id='word_1_153' title='bbox 683 1399 706 1422; x_wconf 84' lang='lat' dir='ltr'>a</span> <span class='ocrx_word' id='word_1_154' title='bbox 751 1399 828 1434; x_wconf 90' lang='lat' dir='ltr'>quo</span> <span class='ocrx_word' id='word_1_155' title='bbox 868 1385 947 1422; x_wconf 88' lang='lat' dir='ltr'>orsi</span> <span class='ocrx_word' id='word_1_156' title='bbox 993 1397 1149 1430; x_wconf 78' lang='lat' dir='ltr'>sumuS,</span> <span class='ocrx_word' id='word_1_157' title='bbox 1194 1384 1280 1421; x_wconf 87' lang='lat' dir='ltr'>loco</span> <span class='ocrx_word' id='word_1_158' title='bbox 1321 1384 1564 1421; x_wconf 87' lang='lat' dir='ltr'>scribendum</span> 
     </span>
     <span class='ocr_line' id='line_1_19' title="bbox 137 1456 1567 1506; baseline -0.002 -12"><span class='ocrx_word' id='word_1_159' title='bbox 137 1458 339 1506; x_wconf 84' lang='lat' dir='ltr'>perspicue</span> <span class='ocrx_word' id='word_1_160' title='bbox 371 1468 472 1493; x_wconf 86' lang='lat' dir='ltr'>esse:</span> <span class='ocrx_word' id='word_1_161' title='bbox 514 1456 630 1493; x_wconf 85' lang='lat' dir='ltr'>duos</span> <span class='ocrx_word' id='word_1_162' title='bbox 669 1470 725 1493; x_wconf 81' lang='lat' dir='ltr'>ex</span> <span class='ocrx_word' id='word_1_163' title='bbox 767 1456 960 1501; x_wconf 87' lang='lat' dir='ltr'>amicis,</span> <span class='ocrx_word' id='word_1_164' title='bbox 991 1456 1177 1492; x_wconf 83' lang='lat' dir='ltr'>Pellam</span> <span class='ocrx_word' id='word_1_165' title='bbox 1224 1456 1450 1501; x_wconf 82' lang='lat' dir='ltr'>alterum,</span> <span class='ocrx_word' id='word_1_166' title='bbox 1500 1461 1567 1502; x_wconf 86' lang='lat' dir='ltr'>ut,</span> 
     </span>
     <span class='ocr_line' id='line_1_20' title="bbox 140 1526 1566 1577; baseline -0.002 -12"><span class='ocrx_word' id='word_1_167' title='bbox 140 1541 240 1577; x_wconf 84' lang='lat' dir='ltr'>quae</span> <span class='ocrx_word' id='word_1_168' title='bbox 271 1529 326 1568; x_wconf 78' lang='lat' dir='ltr'>nd</span> <span class='ocrx_word' id='word_1_169' title='bbox 355 1528 549 1568; x_wconf 77' lang='lat' dir='ltr'>Phacum</span> <span class='ocrx_word' id='word_1_170' title='bbox 579 1527 785 1576; x_wconf 89' lang='lat' dir='ltr'>pecunia</span> <span class='ocrx_word' id='word_1_171' title='bbox 816 1527 1044 1576; x_wconf 85' lang='lat' dir='ltr'>deposita</span> <span class='ocrx_word' id='word_1_172' title='bbox 1074 1532 1197 1572; x_wconf 82' lang='lat' dir='ltr'>erat,</span> <span class='ocrx_word' id='word_1_173' title='bbox 1229 1526 1366 1562; x_wconf 87' lang='lat' dir='ltr'>deinde</span> <span class='ocrx_word' id='word_1_174' title='bbox 1387 1526 1566 1563; x_wconf 81' lang='lat' dir='ltr'>lacunam</span> 
     </span>
     <span class='ocr_line' id='line_1_21' title="bbox 138 1597 1568 1646; baseline -0.002 -11"><span class='ocrx_word' id='word_1_175' title='bbox 138 1598 359 1635; x_wconf 88' lang='lat' dir='ltr'>huiusmodi</span> <span class='ocrx_word' id='word_1_176' title='bbox 409 1598 489 1634; x_wconf 83' lang='lat' dir='ltr'>fere</span> <span class='ocrx_word' id='word_1_177' title='bbox 529 1597 796 1646; x_wconf 83' lang='lat' dir='ltr'>supplemento</span> <span class='ocrx_word' id='word_1_178' title='bbox 833 1604 1028 1646; x_wconf 79' lang='lat' dir='ltr'>uteunque</span> <span class='ocrx_word' id='word_1_179' title='bbox 1067 1597 1292 1645; x_wconf 81' lang='lat' dir='ltr'>tegendam:</span> <span class='ocrx_word' id='word_1_180' title='bbox 1340 1597 1399 1643; x_wconf 75' lang='lat' dir='ltr'>[in</span> <span class='ocrx_word' id='word_1_181' title='bbox 1436 1609 1568 1633; x_wconf 87' lang='lat' dir='ltr'>mare</span> 
     </span>
     <span class='ocr_line' id='line_1_22' title="bbox 140 1667 1567 1717; baseline -0.001 -13"><span class='ocrx_word' id='word_1_182' title='bbox 140 1668 427 1717; x_wconf 83' lang='lat' dir='ltr'>proiiceret,</span> <span class='ocrx_word' id='word_1_183' title='bbox 459 1669 867 1705; x_wconf 81' lang='lat' dir='ltr'>Thessalonicam</span> <span class='ocrx_word' id='word_1_184' title='bbox 898 1669 1124 1713; x_wconf 82' lang='lat' dir='ltr'>alterum,</span> <span class='ocrx_word' id='word_1_185' title='bbox 1165 1667 1245 1716; x_wconf 89' lang='lat' dir='ltr'>qui</span> <span class='ocrx_word' id='word_1_186' title='bbox 1274 1668 1474 1704; x_wconf 83' lang='lat' dir='ltr'>navalia</span> <span class='ocrx_word' id='word_1_187' title='bbox 1502 1668 1567 1704; x_wconf 91' lang='lat' dir='ltr'>in-</span> 
     </span>
     <span class='ocr_line' id='line_1_23' title="bbox 141 1735 1568 1788; baseline 0.001 -13"><span class='ocrx_word' id='word_1_188' title='bbox 141 1739 388 1781; x_wconf 83' lang='lat' dir='ltr'>cenderet,</span> <span class='ocrx_word' id='word_1_189' title='bbox 418 1739 566 1783; x_wconf 80' lang='lat' dir='ltr'>misit3</span> <span class='ocrx_word' id='word_1_190' title='bbox 597 1735 1005 1788; x_wconf 80' lang='lat' dir='ltr'>&#39;Asclepiodotum</span> <span class='ocrx_word' id='word_1_191' title='bbox 1036 1744 1080 1774; x_wconf 87' lang='lat' dir='ltr'>et</span> <span class='ocrx_word' id='word_1_192' title='bbox 1110 1737 1354 1786; x_wconf 83' lang='lat' dir='ltr'>Hippiam,</span> <span class='ocrx_word' id='word_1_193' title='bbox 1390 1739 1568 1787; x_wconf 87' lang='lat' dir='ltr'>quique</span> 
     </span>
     <span class='ocr_line' id='line_1_24' title="bbox 141 1809 1567 1858; baseline 0.001 -13"><span class='ocrx_word' id='word_1_194' title='bbox 141 1821 241 1845; x_wconf 84' lang='lat' dir='ltr'>curn</span> <span class='ocrx_word' id='word_1_195' title='bbox 272 1809 332 1845; x_wconf 90' lang='lat' dir='ltr'>iis</span> <span class='ocrx_word' id='word_1_196' title='bbox 363 1811 538 1856; x_wconf 74' lang='lat' dir='ltr'>erant,]</span> <span class='ocrx_word' id='word_1_197' title='bbox 583 1823 637 1846; x_wconf 86' lang='lat' dir='ltr'>ex</span> <span class='ocrx_word' id='word_1_198' title='bbox 684 1809 929 1858; x_wconf 79' lang='lat' dir='ltr'>praesidiis</span> <span class='ocrx_word' id='word_1_199' title='bbox 969 1816 1171 1847; x_wconf 83' lang='lat' dir='ltr'>revocat</span> <span class='ocrx_word' id='word_1_200' title='bbox 1213 1815 1282 1848; x_wconf 86' lang='lat' dir='ltr'>cet.</span> <span class='ocrx_word' id='word_1_201' title='bbox 1343 1810 1467 1846; x_wconf 86' lang='lat' dir='ltr'>Phaci</span> <span class='ocrx_word' id='word_1_202' title='bbox 1496 1823 1567 1847; x_wconf 94' lang='lat' dir='ltr'>no-</span> 
     </span>
     <span class='ocr_line' id='line_1_25' title="bbox 141 1879 1564 1929; baseline 0.002 -15"><span class='ocrx_word' id='word_1_203' title='bbox 141 1892 228 1915; x_wconf 89' lang='lat' dir='ltr'>men</span> <span class='ocrx_word' id='word_1_204' title='bbox 258 1880 320 1916; x_wconf 85' lang='lat' dir='ltr'>hic</span> <span class='ocrx_word' id='word_1_205' title='bbox 350 1880 482 1923; x_wconf 78' lang='lat' dir='ltr'>latere,</span> <span class='ocrx_word' id='word_1_206' title='bbox 515 1881 630 1917; x_wconf 83' lang='lat' dir='ltr'>etiam</span> <span class='ocrx_word' id='word_1_207' title='bbox 649 1880 990 1917; x_wconf 76' lang='lat' dir='ltr'>Weissenbornius</span> <span class='ocrx_word' id='word_1_208' title='bbox 1020 1881 1238 1929; x_wconf 83' lang='lat' dir='ltr'>suspicatus</span> <span class='ocrx_word' id='word_1_209' title='bbox 1266 1886 1366 1924; x_wconf 74' lang='lat' dir='ltr'>erat3</span> <span class='ocrx_word' id='word_1_210' title='bbox 1398 1879 1564 1917; x_wconf 85' lang='lat' dir='ltr'>formam</span> 
     </span>
     <span class='ocr_line' id='line_1_26' title="bbox 141 1950 1568 1999; baseline 0.001 -14"><span class='ocrx_word' id='word_1_211' title='bbox 141 1950 347 1987; x_wconf 84' lang='lat' dir='ltr'>verborum</span> <span class='ocrx_word' id='word_1_212' title='bbox 378 1964 454 1988; x_wconf 91' lang='lat' dir='ltr'>non</span> <span class='ocrx_word' id='word_1_213' title='bbox 484 1951 642 1989; x_wconf 82' lang='lat' dir='ltr'>invenit.</span> <span class='ocrx_word' id='word_1_214' title='bbox 715 1952 761 1987; x_wconf 91' lang='lat' dir='ltr'>In</span> <span class='ocrx_word' id='word_1_215' title='bbox 791 1952 857 1988; x_wconf 92' lang='lat' dir='ltr'>illo</span> <span class='ocrx_word' id='word_1_216' title='bbox 889 1957 1030 1997; x_wconf 84' lang='lat' dir='ltr'>autem,</span> <span class='ocrx_word' id='word_1_217' title='bbox 1064 1964 1177 1999; x_wconf 89' lang='lat' dir='ltr'>quem</span> <span class='ocrx_word' id='word_1_218' title='bbox 1209 1950 1397 1999; x_wconf 75' lang='lat' dir='ltr'>tantisper</span> <span class='ocrx_word' id='word_1_219' title='bbox 1426 1951 1568 1997; x_wconf 70' lang='lat' dir='ltr'>distuli,</span> 
     </span>
     <span class='ocr_line' id='line_1_27' title="bbox 140 2020 1568 2067; baseline 0.001 -11"><span class='ocrx_word' id='word_1_220' title='bbox 140 2020 227 2057; x_wconf 86' lang='lat' dir='ltr'>loco</span> <span class='ocrx_word' id='word_1_221' title='bbox 258 2033 291 2058; x_wconf 84' lang='lat' dir='ltr'>c.</span> <span class='ocrx_word' id='word_1_222' title='bbox 325 2023 390 2067; x_wconf 84' lang='grc'>46,</span> <span class='ocrx_word' id='word_1_223' title='bbox 434 2026 453 2058; x_wconf 87' lang='grc'>5</span> <span class='ocrx_word' id='word_1_224' title='bbox 500 2023 547 2059; x_wconf 89' lang='lat' dir='ltr'>de</span> <span class='ocrx_word' id='word_1_225' title='bbox 584 2022 697 2059; x_wconf 84' lang='lat' dir='ltr'>Pella</span> <span class='ocrx_word' id='word_1_226' title='bbox 735 2023 828 2058; x_wconf 85' lang='lat' dir='ltr'>urbe</span> <span class='ocrx_word' id='word_1_227' title='bbox 859 2023 913 2059; x_wconf 88' lang='lat' dir='ltr'>sic</span> <span class='ocrx_word' id='word_1_228' title='bbox 943 2022 1141 2059; x_wconf 83' lang='lat' dir='ltr'>scribitur:</span> <span class='ocrx_word' id='word_1_229' title='bbox 1188 2021 1293 2059; x_wconf 79' lang='lat' dir='ltr'>Sita</span> <span class='ocrx_word' id='word_1_230' title='bbox 1323 2028 1395 2058; x_wconf 78' lang='lat' dir='ltr'>est</span> <span class='ocrx_word' id='word_1_231' title='bbox 1425 2022 1469 2058; x_wconf 91' lang='lat' dir='ltr'>in</span> <span class='ocrx_word' id='word_1_232' title='bbox 1501 2028 1568 2058; x_wconf 82' lang='lat' dir='ltr'>tu-</span> 
     </span>
     <span class='ocr_line' id='line_1_28' title="bbox 142 2091 1568 2141; baseline 0.001 -14"><span class='ocrx_word' id='word_1_233' title='bbox 142 2091 268 2127; x_wconf 86' lang='lat' dir='ltr'>mulo</span> <span class='ocrx_word' id='word_1_234' title='bbox 291 2099 524 2141; x_wconf 84' lang='lat' dir='ltr'>vergente</span> <span class='ocrx_word' id='word_1_235' title='bbox 555 2093 600 2129; x_wconf 91' lang='lat' dir='ltr'>in</span> <span class='ocrx_word' id='word_1_236' title='bbox 632 2092 939 2129; x_wconf 84' lang='lat' dir='ltr'>occidentem</span> <span class='ocrx_word' id='word_1_237' title='bbox 966 2092 1239 2137; x_wconf 79' lang='lat' dir='ltr'>hibernum3</span> <span class='ocrx_word' id='word_1_238' title='bbox 1262 2092 1463 2140; x_wconf 81' lang='lat' dir='ltr'>cingunt</span> <span class='ocrx_word' id='word_1_239' title='bbox 1491 2105 1568 2140; x_wconf 85' lang='lat' dir='ltr'>pa-</span> 
     </span>
     <span class='ocr_line' id='line_1_29' title="bbox 141 2160 1570 2212; baseline 0.001 -15"><span class='ocrx_word' id='word_1_240' title='bbox 141 2160 279 2198; x_wconf 88' lang='lat' dir='ltr'>ludes</span> <span class='ocrx_word' id='word_1_241' title='bbox 316 2162 737 2212; x_wconf 87' lang='lat' dir='ltr'>inexsuperabilis</span> <span class='ocrx_word' id='word_1_242' title='bbox 779 2163 1062 2199; x_wconf 79' lang='lat' dir='ltr'>altitudinis</span> <span class='ocrx_word' id='word_1_243' title='bbox 1106 2168 1274 2199; x_wconf 75' lang='lat' dir='ltr'>aestate</span> <span class='ocrx_word' id='word_1_244' title='bbox 1312 2167 1355 2198; x_wconf 80' lang='lat' dir='ltr'>ot</span> <span class='ocrx_word' id='word_1_245' title='bbox 1395 2162 1570 2209; x_wconf 85' lang='lat' dir='ltr'>hieme,</span> 
     </span>
    </p>
   </div>
   <div class='ocr_carea' id='block_1_3' title="bbox 170 2348 1574 2639">
    <p class='ocr_par' dir='ltr' id='par_1_3' title="bbox 170 2348 1574 2639">
     <span class='ocr_line' id='line_1_30' title="bbox 170 2348 1569 2394; baseline 0 -12"><span class='ocrx_word' id='word_1_246' title='bbox 170 2348 197 2389; x_wconf 85' lang='lat'>¹)</span> <span class='ocrx_word' id='word_1_247' title='bbox 240 2351 341 2390; x_wconf 81' lang='lat' dir='ltr'>Quod</span> <span class='ocrx_word' id='word_1_248' title='bbox 368 2353 520 2394; x_wconf 78' lang='lat' dir='ltr'>sequitui·</span> <span class='ocrx_word' id='word_1_249' title='bbox 546 2352 611 2384; x_wconf 87' lang='lat' dir='ltr'>ibi:</span> <span class='ocrx_word' id='word_1_250' title='bbox 638 2353 709 2384; x_wconf 87' lang='lat' dir='ltr'>sed</span> <span class='ocrx_word' id='word_1_251' title='bbox 736 2353 775 2383; x_wconf 91' lang='lat' dir='ltr'>in</span> <span class='ocrx_word' id='word_1_252' title='bbox 804 2362 888 2383; x_wconf 85' lang='lat' dir='ltr'>rem</span> <span class='ocrx_word' id='word_1_253' title='bbox 917 2352 1240 2383; x_wconf 85' lang='lat' dir='ltr'>emendabilem</span> <span class='ocrx_word' id='word_1_254' title='bbox 1275 2351 1395 2383; x_wconf 85' lang='lat' dir='ltr'>visus</span> <span class='ocrx_word' id='word_1_255' title='bbox 1421 2351 1569 2393; x_wconf 86' lang='lat' dir='ltr'>lapsus</span> 
     </span>
     <span class='ocr_line' id='line_1_31' title="bbox 242 2414 1571 2455; baseline -0.001 -10"><span class='ocrx_word' id='word_1_256' title='bbox 242 2423 358 2452; x_wconf 84' lang='lat' dir='ltr'>esse,</span> <span class='ocrx_word' id='word_1_257' title='bbox 397 2414 532 2451; x_wconf 71' lang='lat' dir='ltr'>rectius,</span> <span class='ocrx_word' id='word_1_258' title='bbox 572 2415 703 2455; x_wconf 83' lang='lat' dir='ltr'>opinor,</span> <span class='ocrx_word' id='word_1_259' title='bbox 739 2414 1047 2445; x_wconf 80' lang='lat' dir='ltr'>Drakenborehius</span> <span class='ocrx_word' id='word_1_260' title='bbox 1073 2414 1290 2445; x_wconf 81' lang='lat' dir='ltr'>scribendum</span> <span class='ocrx_word' id='word_1_261' title='bbox 1315 2418 1428 2454; x_wconf 79' lang='lat' dir='ltr'>putat:</span> <span class='ocrx_word' id='word_1_262' title='bbox 1462 2414 1502 2444; x_wconf 92' lang='lat' dir='ltr'>in</span> <span class='ocrx_word' id='word_1_263' title='bbox 1529 2423 1571 2445; x_wconf 85' lang='lat' dir='ltr'>re</span> 
     </span>
     <span class='ocr_line' id='line_1_32' title="bbox 244 2474 1569 2514; baseline 0.001 -8"><span class='ocrx_word' id='word_1_264' title='bbox 244 2475 514 2506; x_wconf 80' lang='lat' dir='ltr'>emendabili</span> <span class='ocrx_word' id='word_1_265' title='bbox 569 2485 673 2514; x_wconf 75' lang='lat' dir='ltr'>quam</span> <span class='ocrx_word' id='word_1_266' title='bbox 715 2474 906 2507; x_wconf 85' lang='lat' dir='ltr'>Gronovius</span> <span class='ocrx_word' id='word_1_267' title='bbox 948 2480 983 2505; x_wconf 85' lang='lat' dir='ltr'>et</span> <span class='ocrx_word' id='word_1_268' title='bbox 1023 2475 1247 2506; x_wconf 80' lang='lat' dir='ltr'>recentiores:</span> <span class='ocrx_word' id='word_1_269' title='bbox 1296 2475 1336 2505; x_wconf 90' lang='lat' dir='ltr'>in</span> <span class='ocrx_word' id='word_1_270' title='bbox 1381 2485 1569 2507; x_wconf 84' lang='lat' dir='ltr'>errorem</span> 
     </span>
     <span class='ocr_line' id='line_1_33' title="bbox 241 2535 1574 2577; baseline -0.001 -9"><span class='ocrx_word' id='word_1_271' title='bbox 241 2537 567 2568; x_wconf 84' lang='lat' dir='ltr'>emendabilem</span> <span class='ocrx_word' id='word_1_272' title='bbox 603 2537 658 2577; x_wconf 84' lang='lat' dir='ltr'>(in</span> <span class='ocrx_word' id='word_1_273' title='bbox 695 2547 779 2568; x_wconf 86' lang='lat' dir='ltr'>rem</span> <span class='ocrx_word' id='word_1_274' title='bbox 818 2547 887 2568; x_wconf 86' lang='lat' dir='ltr'>em.</span> <span class='ocrx_word' id='word_1_275' title='bbox 915 2547 975 2567; x_wconf 83' lang='lat' dir='ltr'>ex:</span> <span class='ocrx_word' id='word_1_276' title='bbox 1002 2536 1045 2567; x_wconf 91' lang='lat' dir='ltr'>in</span> <span class='ocrx_word' id='word_1_277' title='bbox 1079 2545 1121 2567; x_wconf 85' lang='lat' dir='ltr'>re</span> <span class='ocrx_word' id='word_1_278' title='bbox 1157 2535 1259 2576; x_wconf 87' lang='lat' dir='ltr'>em.).</span> <span class='ocrx_word' id='word_1_279' title='bbox 1310 2535 1378 2568; x_wconf 87' lang='lat' dir='ltr'>Sed</span> <span class='ocrx_word' id='word_1_280' title='bbox 1407 2540 1574 2577; x_wconf 72' lang='lat' dir='ltr'>praeterea</span> 
     </span>
     <span class='ocr_line' id='line_1_34' title="bbox 244 2597 1194 2639; baseline 0.003 -12"><span class='ocrx_word' id='word_1_281' title='bbox 244 2597 464 2628; x_wconf 84' lang='lat' dir='ltr'>scribendum</span> <span class='ocrx_word' id='word_1_282' title='bbox 492 2598 646 2633; x_wconf 81' lang='lat' dir='ltr'>videtur:</span> <span class='ocrx_word' id='word_1_283' title='bbox 671 2598 795 2630; x_wconf 81' lang='lat' dir='ltr'>visus</span> <span class='ocrx_word' id='word_1_284' title='bbox 821 2604 884 2630; x_wconf 85' lang='lat' dir='ltr'>est</span> <span class='ocrx_word' id='word_1_285' title='bbox 908 2599 1061 2639; x_wconf 85' lang='lat' dir='ltr'>lapsus</span> <span class='ocrx_word' id='word_1_286' title='bbox 1087 2606 1194 2630; x_wconf 84' lang='lat' dir='ltr'>esse.</span> 
     </span>
    </p>
   </div>
   <div class='ocr_carea' id='block_1_4' title="bbox 1233 2671 1304 2704">
    <p class='ocr_par' dir='ltr' id='par_1_4' title="bbox 1233 2671 1304 2704">
     <span class='ocr_line' id='line_1_35' title="bbox 1233 2671 1304 2704; baseline 0 0"><span class='ocrx_word' id='word_1_287' title='bbox 1233 2671 1304 2704; x_wconf 76' lang='lat'>36*</span> 
     </span>
    </p>
   </div>
  </div>
 </body>
</html>
