1811 2925
804 132 875 167 135
1340 125 1412 156 Lib.
1443 125 1501 155 vi.

131 256 288 293 ratius
319 256 606 292 dextrorsus
649 253 943 290 maritimam
986 264 1117 288 oram
1157 258 1306 297 atque
1339 248 1549 293 Antium,

133 330 180 374 Q.
214 325 458 364 Servilius
497 332 541 360 et
583 325 628 363 L.
664 323 914 373 Geganius
964 323 1086 359 laeva
1127 320 1183 357 ad
1216 326 1402 356 montes
1433 319 1550 356 Ece-

132 406 252 433 tram
282 402 510 445 pergunt,
556 395 738 442 quoniam
782 408 905 443 neque
937 395 1231 431 dextrorsus
1279 390 1401 440 magis
1433 402 1549 438 quarn

130 467 250 504 laeva
283 466 545 503 accusativum
577 466 729 502 asciscit
772 466 905 514 (quum
935 464 1146 514 praesertim
1186 476 1234 499 ne
1265 472 1435 498 versus
1467 460 1549 508 qui-

131 539 217 575 dem
248 537 558 587 praepositionem
590 549 685 579 esse,
714 536 887 573 homines
906 537 1003 573 scire
1033 547 1132 572 nunc
1157 539 1346 583 oporteat,
1378 544 1446 567 nec
1477 530 1551 567 dici

132 621 262 646 oram
293 619 464 644 versus
495 608 561 643 sed
596 608 640 643 in
672 616 737 644 aut
768 608 823 644 ad
854 621 988 644 orani
1019 604 1222 649 versus)
1242 615 1365 651 neque
1390 614 1552 650 zeugma

131 679 249 716 ullum
281 679 317 715 in
348 679 530 715 membris
560 686 639 715 tam
669 679 872 727 perspicue
903 678 1116 726 aequalibus
1147 675 1238 712 ferri
1267 679 1407 722 potest,
1438 672 1551 708 relin-

131 750 272 799 quitur,
303 757 344 786 ut
374 749 707 789 antemexciderit
736 750 781 785 in
812 750 872 795 (in
907 747 1200 786 maritimam
1222 745 1386 789 oram),
1419 756 1550 792 queni-

131 821 338 857 admodum
373 819 463 856 alibi
483 827 571 868 post
600 833 635 859 m
652 819 744 865 (vid.
769 820 818 856 ad
836 820 930 863 VII.v
947 823 1010 864 41,
1036 817 1177 862 Smilla
1208 816 1354 852 ineerta
1383 814 1549 863 suspicio

130 899 198 937 est,
230 892 413 940 scriptum
445 890 535 927 olim
576 890 694 927 fuisse
726 891 781 927 ad
820 898 1004 927 montes
1036 897 1080 924 et
1109 888 1339 924 Ecetram
1354 882 1400 934 1).

242 961 338 1011 Cap.
371 963 435 1006 32,
471 966 506 1007 6,
539 962 610 998 etsi
639 962 776 998 mirum
809 961 972 1004 videtur,
1003 959 1243 996 notissimam
1275 969 1408 993 vocem
1429 956 1551 992 altera

127 1046 205 1070 non
236 1033 360 1070 minus
390 1040 483 1069 nota
521 1039 780 1082 permutatam
811 1044 915 1076 esse,
953 1038 1082 1068 tamen
1125 1042 1237 1066 nemo
1278 1029 1392 1065 fidem
1423 1028 1550 1072 faciet,

130 1105 282 1141 Livium
314 1117 385 1153 pro
421 1112 554 1140 certa
584 1104 758 1147 victoria,
790 1103 837 1139 de
869 1115 945 1151 qua
977 1102 1128 1150 agitur,
1171 1101 1354 1137 claram
1389 1099 1549 1143 dixisse3

128 1176 208 1211 haec
239 1182 295 1211 est
327 1175 438 1219 enim,
471 1175 682 1211 certissimo
715 1174 897 1222 loquendi
926 1186 1010 1213 usu,
1042 1185 1126 1220 quae
1153 1172 1260 1208 fama
1291 1178 1328 1207 et
1357 1170 1550 1207 sermoni-

129 1247 200 1282 bus
232 1245 466 1290 celebratum
496 1259 633 1294 neque,
665 1244 769 1293 quod
800 1243 880 1280 dies
911 1251 948 1279 et
978 1244 1105 1281 clarus
1136 1243 1286 1287 dicitur,
1318 1242 1399 1278 sole
1422 1242 1549 1277 lucen-

154 1443 186 1487 ¹)
221 1445 321 1484 Quod
348 1446 365 1484 ξ
393 1450 412 1475 4
440 1446 682 1476 emendaturus
708 1455 819 1482 eram,
853 1444 1033 1485 occupavit
1058 1442 1380 1479 WVeissenbomius,
1408 1442 1464 1482 qui
1487 1451 1547 1481 pro

223 1518 275 1544 eo,
307 1508 395 1548 quod
422 1508 548 1538 editur:
578 1518 625 1539 ne
651 1507 927 1549 quis,-quoad
954 1506 1164 1536 bellatum
1190 1512 1316 1542 esset,
1336 1505 1546 1535 tributum

222 1570 362 1605 daret,
397 1569 541 1601 fortasse
573 1570 843 1601 debellatum
884 1568 1099 1600 scribendum
1138 1577 1213 1598 esse
1248 1568 1442 1602 adnotavit,
1481 1576 1548 1606 quo

223 1632 307 1662 nihil
331 1637 443 1671 potest
469 1640 542 1662 esse
570 1632 692 1662 certius
718 1631 752 1661 in
779 1631 857 1662 belli
883 1631 949 1661 fine
979 1629 1220 1669 significando,
1262 1629 1430 1670 (alioquin
1458 1629 1547 1659 enim

223 1693 443 1725 scriberetur:
472 1693 608 1723 donec
635 1693 799 1724 bellum
828 1697 982 1731 esset);
1019 1702 1226 1733 quamquam
1260 1691 1324 1722 hoc
1357 1693 1430 1733 ipso
1457 1691 1546 1722 Livii

223 1756 298 1786 loco
324 1754 500 1785 Ernestius
522 1756 626 1785 utitur
650 1755 692 1785 ad
720 1756 827 1787 simile
854 1756 1013 1786 mendum
1049 1760 1164 1785 contra
1191 1753 1350 1785 Grotium
1384 1754 1546 1784 tuendum

220 1817 311 1856 apud
336 1815 493 1847 Tacitum
518 1817 604 1848 Hist.
630 1817 749 1854 IL403
776 1828 854 1848 nam
879 1817 925 1848 ibi
939 1826 1072 1858 quoque
1098 1822 1177 1858 post
1199 1815 1214 1848 d
1243 1816 1368 1846 excidit
1394 1816 1454 1845 de.
1505 1814 1546 1844 In

221 1877 308 1908 Livii
335 1878 422 1909 libro
448 1878 564 1913 XXII,
594 1882 701 1917 61,10
727 1880 759 1909 in
781 1880 856 1912 cod.
885 1879 962 1910 Put.
990 1886 1022 1910 et
1050 1879 1084 1909 in
1112 1879 1201 1909 Med.
1231 1888 1249 1908 a
1276 1888 1325 1919 pr.
1345 1887 1447 1907 manu
1467 1877 1548 1907 scri-

222 1941 312 1971 bitur
337 1942 448 1981 quod
476 1948 765 1981 speraverant
783 1951 859 1981 pro:
880 1941 989 1981 quod
1016 1941 1378 1981 desperaverant.
1429 1938 1547 1970 Cicero

223 2003 263 2032 de
290 2002 354 2042 leg.
381 2012 453 2042 agr.
480 2002 533 2040 ΙΙ,
565 2007 622 2039 15,
651 2008 693 2034 40
732 2004 930 2045 scripserat:
966 2003 1090 2043 quid,
1125 2004 1173 2033 de
1209 2012 1289 2043 quo
1326 2001 1546 2042 disputari

222 2072 370 2095 contra
405 2065 528 2096 nullo
555 2072 687 2107 pacto
721 2072 887 2106 potest;
921 2066 954 2095 in
977 2065 1151 2096 codicibus
1172 2065 1249 2095 inde
1276 2064 1420 2100 factum,
1457 2063 1548 2102 quod

223 2126 349 2157 editur:
388 2127 486 2167 quid
519 2128 630 2168 quod
665 2128 878 2168 disputari
913 2128 1229 2163 contra,omisso
1257 2127 1303 2156 de
1330 2132 1404 2166 post
1432 2124 1546 2164 quid,

221 2188 393 2227 geminato
419 2189 526 2220 altero
552 2188 581 2221 d.
640 2189 680 2220 In
707 2190 824 2220 eadem
851 2189 1003 2220 oratione
1031 2192 1091 2220 29.
1121 2192 1159 2220 81
1176 2213 1183 2225 ,
1210 2189 1267 2219 ubi
1295 2195 1412 2218 contra
1439 2188 1548 2218 omni-

221 2259 275 2279 um
302 2248 422 2281 Latine
447 2251 656 2290 loquentium
684 2261 782 2282 usum
810 2251 981 2282 scribitur:
1008 2250 1059 2287 id,
1087 2251 1202 2291 quod
1226 2248 1461 2291 Campanis
1489 2259 1547 2279 ce·

221 2318 377 2353 perant
405 2316 523 2348 (nemo
548 2313 636 2343 enim
665 2323 812 2353 unquam
841 2320 898 2343 aut
924 2322 1073 2352 agrum
1107 2318 1165 2342 aut
1200 2313 1382 2353 quicquam
1409 2312 1546 2342 omnino

221 2374 357 2404 alicui
380 2383 533 2414 capere
567 2375 653 2405 dixit
681 2385 742 2416 pro
758 2384 809 2412 eo,
837 2375 928 2414 quod
961 2380 1011 2405 est
1036 2375 1262 2411 adimeret,
1298 2380 1387 2404 recte
1420 2373 1547 2404 Laure-

219 2436 327 2467 danus
358 2434 482 2467 fecerat
515 2437 640 2477 aliique
665 2437 908 2478 probaverant:
931 2437 1042 2477 quod
1077 2436 1127 2466 ‹le
1154 2435 1392 2477 Campanis
1419 2444 1547 2476 cepe-

218 2504 332 2535 rant3
365 2498 412 2528 sic
438 2500 526 2528 enim
554 2499 678 2529 dicitur
712 2499 800 2537 (Liv.
827 2498 859 2537 Ι,
889 2503 950 2537 38,
977 2498 1045 2534 IV,
1074 2502 1136 2535 56,
1161 2499 1206 2535 X,
1235 2502 1296 2534 39,
1322 2497 1464 2535 XXVI,
1492 2501 1546 2534 34,

219 2558 379 2597 XXXV,
407 2564 467 2596 40,
494 2560 680 2596 XXXVII,
710 2563 764 2597 57,
791 2561 872 2599 XL,
901 2565 962 2599 29,
989 2560 1090 2598 XLI,
1122 2565 1178 2597 13,
1214 2560 1334 2597 XLV,
1363 2563 1405 2590 43
1433 2566 1465 2590 et
1492 2563 1547 2596 44,

223 2620 295 2652 Cic.
322 2631 384 2662 pro
410 2621 513 2652 domo
539 2625 595 2659 49,
627 2621 727 2664 128);
760 2632 966 2664 quamquam
1006 2623 1106 2654 etiam
1134 2632 1240 2663 ager
1279 2623 1327 2653 ab
1354 2622 1548 2653 Antiati-

221 2683 301 2714 bus
328 2689 478 2724 captus
504 2690 536 2714 et
563 2692 613 2714 ex
638 2683 899 2715 Tiburtibus
925 2685 1099 2726 reperitur.
