1811 2925
247 112 320 143 Lib.
348 111 458 143 XLV.
914 113 991 149 612

248 235 401 283 quidem
448 235 508 271 hic
548 234 672 270 oratio
705 234 849 280 finitur)
878 234 1094 270 necessario
1126 235 1232 271 dicit:
1263 234 1470 273 formula
1504 237 1660 283 dicta7

248 307 381 355 leges
427 317 616 353 quoque
659 316 708 341 se
747 305 966 340 daturum
1011 305 1240 341 ostendit.
1317 307 1502 343 Extrema
1544 307 1660 356 igitur

247 377 367 413 verba
397 388 481 412 eum
511 375 645 424 primis
674 375 841 425 proximi
878 375 1014 423 capitis
1052 375 1316 423 coniungenda
1357 384 1454 422 sunt,
1499 390 1575 425 qua
1617 392 1658 414 re

248 447 410 483 efficitur
443 445 662 495 aptissimus
685 446 869 482 orationis
894 446 1092 482 transitus:
1123 446 1414 482 Macedoniae
1446 447 1659 484 formula

248 518 400 563 dicta,
444 529 582 565 quum
615 516 747 564 leges
780 529 967 565 quoque
1007 529 1054 552 se
1084 516 1304 551 daturum
1343 517 1659 562 ostendisset,

252 587 406 625 AEtoli
437 587 608 623 deinde
641 587 809 632 citati3
853 588 897 623 in
940 600 1029 635 qua
1060 587 1342 634 cognitione
1373 594 1442 623 cet.
1501 587 1660 635 Superi-

251 671 333 704 ora,
366 671 450 706 quae
481 657 750 705 disputationis
781 658 827 694 de
857 657 1089 693 Macedonia
1118 657 1198 693 sine
1227 657 1304 693 ullo
1329 658 1572 694 incolentium
1603 658 1660 693 in-

250 729 452 765 commodo
484 728 607 764 divisa
637 728 920 764 conclusionem
952 727 1145 763 continent
1165 728 1399 776 redeuntque
1431 729 1478 764 ad
1508 734 1662 764 senten-

249 799 340 835 tiam
361 802 379 843 ξ
400 799 421 834 2
444 799 610 847 positam
628 798 777 846 (adeo.v
812 812 869 846 qu
884 805 995 835 anta
1016 798 1307 834 Macedonia
1338 805 1475 844 esset,
1506 830 1513 835 .
1533 829 1540 835 .
1567 799 1661 834 Ma-

249 871 458 906 cedones
491 882 679 918 quoque
712 869 1048 917 ignorabant),
1073 869 1126 904 sie
1154 869 1356 905 scribenda
1381 882 1463 905 esse
1480 869 1663 905 arbitror:

251 941 425 977 Divisa
454 941 625 988 itaque
657 940 970 981 Macedonia,
1010 940 1220 988 partium
1260 940 1430 975 usibus
1468 952 1662 988 separa-

250 1011 333 1055 tis,
367 1017 546 1059 quanta
577 1010 835 1060 univers[a
866 1007 1271 1058 esset,]ostendit.
1330 1011 1560 1048 Universam
1579 1011 1666 1046 Ma-

251 1082 450 1118 cedoniam
482 1088 518 1118 et
548 1088 678 1130 partes
700 1081 914 1118 contrarias
936 1080 1027 1129 poni
1047 1086 1189 1115 certum
1223 1087 1296 1125 est3
1327 1094 1396 1117 nec
1427 1081 1474 1117 de
1505 1087 1666 1117 osten-

251 1153 319 1188 dit
348 1153 467 1188 verbo
500 1153 577 1189 ulla
607 1159 665 1189 est
697 1151 896 1189 dubitatio.

364 1222 459 1271 Cap.
495 1225 558 1268 31,
591 1226 632 1259 4:
677 1224 793 1260 Tria
835 1232 1011 1269 genera
1055 1219 1326 1269 principum
1361 1222 1405 1257 in
1451 1221 1666 1257 civitati-

253 1294 339 1329 bus
371 1292 554 1340 (Graecis)
587 1300 744 1339 erantg
778 1294 892 1337 duo7
925 1304 1022 1339 quae
1167 1291 1257 1327 sibi
1289 1291 1518 1340 privatim
1550 1305 1665 1340 opes

253 1364 507 1413 oppressis
538 1364 792 1401 faciebant
823 1361 1504 1410 civitatibus(codcivitatem
1537 1362 1666 1411 sibi);

254 1436 457 1471 medium
489 1448 646 1481 unum,
692 1435 885 1482 utrique
930 1433 1094 1481 generi
1137 1433 1415 1477 adversum,
1464 1433 1661 1468 liberta-

253 1514 341 1543 tem
375 1513 418 1542 et
449 1506 583 1554 leges
614 1507 858 1542 tuebatur.
917 1503 1012 1542 Cod.
1047 1503 1207 1540 media
1234 1517 1324 1539 una
1361 1533 1399 1542 ..
1438 1503 1661 1548 adversa,

254 1589 338 1625 quae
379 1576 570 1613 femininae
610 1576 888 1612 terminationis
933 1574 1147 1610 constantia
1185 1574 1287 1609 aliud
1329 1575 1483 1610 subesse
1525 1574 1663 1622 arguit,

254 1660 369 1695 quum
400 1647 611 1696 praesertim
632 1660 769 1695 parum
788 1652 890 1683 recte
920 1658 1058 1681 unum
1089 1657 1237 1692 genus
1268 1645 1468 1692 utrique
1498 1644 1663 1693 generi

255 1724 364 1758 (nont
396 1718 505 1753 huic
537 1715 754 1767 utrique)
786 1717 1036 1752 adversum
1069 1715 1226 1750 dicatur.
1292 1715 1456 1751 Videtur
1477 1715 1664 1751 excidisse

253 1794 398 1826 secta.
457 1789 554 1825 Mox
585 1791 603 1832 ξ
637 1790 657 1824 5
703 1787 962 1833 [Secundis
1007 1787 1148 1822 rebus
1192 1785 1308 1820 elati
1339 1787 1662 1822 Romanorum

253 1859 412 1907 partis
459 1858 562 1895 eius
608 1858 847 1904 fautores)
886 1857 1113 1906 pravissime
1164 1856 1217 1892 sic
1262 1857 1381 1892 verba
1429 1856 1664 1892 collocantur

257 1930 597 1975 (Romanorum
643 1928 877 1977 transposito
922 1933 1009 1976 post
1049 1927 1290 1975 participium
1322 1928 1542 1976 copulatum
1577 1940 1661 1963 cum

254 2000 407 2037 nomine
455 1998 720 2049 fautores)⁷
764 1999 874 2048 quasi
920 1998 1138 2033 fautores
1184 1999 1509 2034 Romanorum
1560 1998 1662 2034 eius

254 2071 410 2118 partis
467 2071 737 2119 significentur.
824 2068 1112 2106 Restituendum
1158 2068 1238 2103 sine
1280 2068 1358 2103 ulla
1408 2068 1664 2104 dubitatione:

256 2140 494 2177 Secundis
539 2142 682 2177 rebus
713 2142 1034 2178 Romanorum
1079 2138 1197 2174 elati
1232 2138 1389 2186 partis
1432 2137 1535 2173 eius
1568 2138 1663 2185 (Ro-

255 2216 395 2254 manae)
426 2210 657 2250 fautores.
726 2210 836 2257 (Cod.
883 2209 1026 2246 elatis
1071 2207 1662 2255 Romanorumimpartis.)

256 2281 437 2329 Sequitur
471 2286 507 2327 (ξ
531 2283 568 2329 7)
601 2282 647 2318 de
677 2282 734 2318 his
754 2281 846 2330 ipsis
863 2282 1048 2318 Romanae
1078 2280 1197 2328 partis
1229 2279 1464 2315 fautoribus:
1497 2278 1560 2314 Hi
1589 2307 1598 2315 .
1617 2306 1627 2316 .

258 2352 530 2400 implevere
561 2352 1072 2399 aureleegatorum:
1104 2351 1210 2386 Non
1241 2362 1321 2386 eos
1351 2355 1553 2393 tantum⁷
1585 2347 1663 2395 qui

256 2435 304 2457 se
334 2422 589 2470 propalam
619 2436 706 2471 per
735 2422 1000 2458 vanitatem
1030 2421 1299 2456 iactassent
1328 2426 1556 2466 tanquam
1586 2418 1663 2453 ho-

258 2493 414 2541 spites
446 2499 488 2528 et
518 2492 701 2528 amicos
732 2491 919 2535 Persei,
963 2491 1043 2527 sed
1074 2491 1224 2527 multo
1254 2490 1416 2538 plures
1451 2489 1577 2524 alios
1609 2500 1664 2524 ex

258 2564 452 2600 occulto
498 2561 718 2607 favisse3
766 2562 984 2609 reliquos
1027 2575 1109 2610 per
1154 2561 1359 2610 speeiem
1392 2559 1576 2595 tuendae
1606 2557 1663 2593 li-

256 2634 465 2671 bertatis
495 2634 539 2669 in
578 2632 805 2669 conciliis
847 2633 1082 2668 adversus
1113 2633 1356 2668 Romanos
1400 2628 1560 2665 omnia
1591 2628 1665 2663 in-
