1811 2925
807 177 855 213 83
1331 173 1404 204 Lib.
1432 172 1493 203 ΙΙΙ.

129 300 358 337 restituta
417 297 544 348 [trib.]
609 306 886 348 potestate.
929 298 1088 347 redigi
1145 298 1186 334 in
1227 297 1541 333 concordiam

129 384 205 408 res
253 377 517 419 nequeant-
559 371 699 418 agique
739 371 784 407 de
830 383 922 407 cura
967 377 1002 406 et
1051 370 1187 405 timore
1235 368 1408 417 patribus
1458 367 1542 404 inii-

130 442 277 485 ciendo,
325 455 391 480 ne.
437 439 481 477 si‘
511 441 583 477 illis
629 442 769 479 diutius
813 441 1154 490 tergiversantibus
1199 440 1306 489 plebs
1345 440 1430 488 ipsa
1472 439 1542 475 sibi

130 513 363 549 consuluerit-
404 520 439 549 ct
470 513 642 549 tribunos
672 526 741 562 per
770 526 810 549 se
851 514 1056 550 creavcrit.
1101 512 1223 549 omnis
1256 510 1414 547 tollatur
1455 522 1544 546 con-

131 584 270 620 cordiae
306 585 547 620 restituenda‘
585 597 684 633 spes.
761 585 837 622 Sed
874 590 1001 620 utrum
1039 584 1076 620 in
1116 584 1214 620 hanc
1251 581 1416 618 formam
1454 594 1544 618 ora-

105 655 183 691 ·tio
216 655 315 691 Livii
350 662 536 704 concepta>
566 655 696 691 fuerit:
743 656 1090 702 vei-iturosque
1122 653 1298 702 (patres),
1329 666 1395 690 ne.
1425 666 1474 689 an
1504 653 1542 688 in

131 728 248 763 hanc:
279 738 635 775 cessurosque,
674 739 727 762 nc
759 732 851 770 etc.;
884 738 960 762 non
991 726 1142 762 definio.
1186 725 1325 761 nedum
1368 725 1414 761 de
1452 725 1545 773 ipsis

131 798 258 834 verbis
289 797 496 846 quidquam
521 796 720 835 affirmem.
767 796 986 834 Subiectum
1008 797 1184 833 infinitivi
1202 795 1545 845 (sciturosque)

132 875 261 917 patres
290 881 383 906 esse.
418 882 464 905 ne
497 870 580 917 quis
611 869 778 913 dubitet,
809 874 915 917 patet
949 881 996 904 ex
1026 880 1084 912 eoi
1117 868 1219 915 quod
1250 868 1297 903 ad
1332 867 1548 904 admoni-

133 947 288 976 turum
321 940 472 976 auditur
501 952 591 976 cos.

250 1010 378 1060 *Cap
413 1014 482 1055 56,
507 1014 548 1047 5:
580 1011 680 1048 Nec
719 1011 764 1046 in
811 1010 1080 1046 tribunicio
1123 1008 1316 1046 auxilio
1355 1009 1546 1058 Appius

134 1095 216 1118 nec.
245 1083 292 1118 in
323 1082 504 1118 iudicio
536 1081 703 1130 populi
731 1082 880 1118 ullam
911 1094 1036 1130 spem
1068 1081 1296 1121 habebat:
1338 1086 1547 1116 attamen

135 1161 176 1189 et
218 1154 442 1190 tribunos
472 1153 630 1202 plebis
661 1151 938 1200 appellavit
972 1158 1013 1187 et
1051 1172 1096 1177 —
1131 1158 1357 1200 arreptus
1391 1164 1412 1187 a
1444 1152 1547 1188 via-

133 1228 261 1265 tore',
295 1226 547 1269 Provoco5
588 1223 757 1271 inquit.
830 1224 912 1259 Aut
943 1234 995 1258 ae
1025 1228 1179 1258 tamen
1210 1223 1450 1259 scribendum
1483 1228 1548 1259 aut

135 1296 262 1345 potius
293 1302 339 1331 at
371 1295 593 1335 tollendum,
625 1307 672 1330 ex
705 1293 855 1343 syllaba
884 1294 1113 1342 praecedenti
1145 1301 1283 1330 ortum.

247 1366 345 1416 Cap.
380 1369 442 1410 56,
481 1367 526 1402 12
560 1366 613 1414 (in
646 1365 820 1402 oratioue
842 1364 996 1414 Appio:
1028 1365 1163 1412 Quod
1194 1366 1233 1402 si
1263 1365 1445 1402 tribuni
1476 1378 1548 1401 eo-

136 1439 235 1474 dem
268 1438 467 1475 foederc
499 1437 748 1485 obligatos
779 1448 827 1472 se
861 1435 1357 1472 fateanturtollendae
1389 1436 1548 1485 appel-

136 1510 346 1546 lationis
398 1521 562 1554 causa‚
612 1508 655 1543 in
692 1519 828 1555 quam
877 1506 1195 1555 conspirasse
1248 1507 1550 1544 decemviros

138 1580 381 1616 criminati
421 1579 540 1618 sint,
572 1584 618 1614 at
649 1590 695 1613 se
726 1590 999 1626 provocare
1044 1578 1099 1613 ad
1133 1579 1370 1626 populum.
1445 1578 1551 1616 Scri-

136 1651 301 1687 bendum
335 1662 437 1686 esse:
468 1650 629 1685 eodem
661 1647 867 1685 foedere
905 1670 973 1690 —„
1003 1649 1048 1684 in
1081 1649 1218 1697 quod,
1249 1656 1326 1686 tam
1363 1656 1419 1686 est
1440 1663 1550 1698 aper-

138 1729 239 1766 tum,
271 1729 309 1757 ut
340 1722 495 1758 mirere.
529 1720 668 1784 nemini
710 1720 748 1755 in
779 1726 942 1756 mentem
973 1720 1135 1756 venisse.
1208 1722 1270 1758 Ac
1308 1735 1355 1757 ne
1386 1721 1469 1770 quis
1508 1723 1551 1758 fi-

139 1804 275 1840 guram
310 1792 479 1840 aliquam
511 1792 839 1833 cornminiscatur,
871 1804 948 1840 qua
976 1791 1180 1828 relativum
1216 1792 1264 1828 ab
1298 1792 1459 1828 eodem
1493 1804 1551 1828 se-

139 1863 244 1912 iungi
273 1864 395 1912 possit
434 1864 497 1911 (-
542 1864 609 1899 etsi
645 1863 727 1900 fieri
756 1862 794 1898 id
829 1862 932 1899 nullo
960 1862 1075 1899 modo
1104 1868 1231 1911 potest
1264 1863 1352 1912 —),
1396 1863 1552 1908 addam,

139 1935 297 1971 ridicule
339 1935 411 1971 dici
452 1935 740 1983 conspirare
784 1934 831 1970 in
877 1933 1280 1982 appellationem3
1320 1946 1409 1969 nam
1449 1934 1553 1981 quod

139 2006 401 2042 tollendam
434 2006 557 2042 audiri
587 2006 731 2050 volunt,
763 2005 847 2053 quis
877 2017 1045 2052 unquam
1077 2004 1262 2040 eiusmodi
1293 2005 1455 2053 figuram
1484 2018 1552 2041 no-

138 2077 207 2118 vit,
245 2083 285 2112 ut
300 2077 551 2125 gerundivum
571 2077 810 2113 substantivo
842 2076 1030 2111 adiectum
1063 2075 1242 2111 audiatur
1275 2075 1323 2111 ad
1339 2088 1552 2124 pronomen

140 2147 341 2183 relativum
359 2147 570 2184 subiectum
589 2148 717 2196 (quasi
736 2148 860 2184 dicas:
884 2146 1216 2195 oppugnandae
1232 2146 1364 2183 urbis
1395 2159 1553 2184 causa.

141 2217 183 2253 in
217 2231 351 2266 quam
383 2219 490 2255 veni
521 2231 603 2255 esse
632 2219 832 2266 inqua-m
854 2216 1269 2266 oppugnaudam)?
1300 2218 1464 2254 Tumne
1480 2218 1554 2254 hoc

143 2289 296 2337 quidem
331 2289 511 2326 Latinum
543 2296 598 2326 est
630 2289 918 2338 conspirare
954 2288 1000 2324 in
1030 2300 1124 2323 rem
1155 2287 1452 2334 faciendam,
1487 2290 1554 2326 sed

143 2361 199 2396 ad
229 2374 322 2397 rem
352 2360 441 2396 fac.
506 2359 773 2397 Confitendum
813 2360 952 2408 igitur,
983 2358 1141 2407 opinor,
1172 2359 1254 2399 erit,
1284 2372 1496 2407 pronomen
1528 2373 1552 2396 a

142 2432 298 2468 librario
329 2445 457 2468 errore
487 2433 534 2468 ad
564 2432 782 2481 proximum
812 2443 952 2467 nomen
969 2430 1301 2466 accommodatum
1317 2442 1411 2467 esse.
1459 2431 1550 2467 Vid.

142 2515 315 2551 prooem.
348 2515 384 2551 p.
424 2505 470 2538 10
505 2515 562 2551 sq.

257 2572 352 2622 Cap.
385 2575 448 2615 61,
486 2574 550 2610 12:
588 2573 685 2610 Iam
716 2571 952 2608 Horatius
990 2584 1072 2607 eos
1103 2570 1275 2620 (milites)
1307 2570 1555 2609 excursio-

144 2644 284 2680 nibus
328 2643 627 2681 sufficiendo
668 2642 972 2692 proeliisque
1016 2641 1210 2678 levibus
1257 2643 1556 2691 experiundo

144 2713 484 2751 adsuefecerat
513 2713 830 2749 sibi-fidere.
867 2712 972 2749 Nihil
990 2724 1072 2748 esse
1093 2712 1324 2749 sufficere
1355 2714 1557 2751 militem

1231 2796 1274 2828 5*
