1811 2925
830 103 906 139 583
1351 101 1425 131 Lib.
1449 101 1578 132 XLIV.

163 225 326 262 Plinium
356 223 557 261 Maiorem.
631 225 744 272 Quod
777 232 902 261 autem
935 224 1133 261 subiicitur
1165 225 1198 271 (ς’
1233 225 1295 271 2).
1340 232 1489 260 montes
1522 224 1578 260 iu-

160 295 284 345 gentis
331 294 540 330 altitudinis
585 306 690 343 spem
737 294 885 338 fecisse,
934 308 985 331 eo
1031 295 1213 343 magiS,
1260 295 1374 342 quia
1417 294 1578 330 nullos

159 372 358 414 apertos
389 371 676 413 evergerent
705 365 859 409 rivos,
903 365 1125 402 occultos
1170 365 1426 401 continere
1458 371 1579 409 (reete

159 436 361 473 Dukerus:
393 435 656 482 contineri)
688 434 884 476 latices,
929 449 1004 472 non
1048 435 1172 471 solum
1208 435 1299 471 alibi
1330 448 1406 472 non
1436 435 1578 484 reperi-

159 514 220 544 tur
250 519 500 555 evergero,
540 506 606 542 sed
639 518 683 542 ne
714 519 917 555 vergere
949 507 1101 555 quidem
1135 506 1259 555 ipsum
1292 505 1491 542 transitive
1522 505 1578 541 di-

158 578 255 615 citur
285 578 355 614 nisi
387 577 489 626 apud
520 582 667 625 poetas,
698 577 976 625 significatione
1002 577 1077 614 alio
1100 577 1320 622 inclinante,
1353 577 1399 612 de
1418 577 1579 612 humore

158 650 194 686 in
240 662 310 685 vas
354 648 587 685 infundendo
632 647 888 696 (eingiessen).
963 649 1007 684 Iu
1051 648 1184 685 codiee
1228 654 1306 684 est:
1352 658 1577 694 evergen-

159 720 357 763 ttrivos3
397 719 477 755 fieri
507 724 647 768 potest,
678 725 718 754 ut
749 718 932 767 scriptum
956 718 1069 755 fuerit
1100 719 1190 755 olim
1225 723 1482 767 egererent
1513 722 1579 752 aut

159 791 412 839 erigerent
444 782 782 841 ((ἱναπέμπειν).
856 789 980 826 Paulo
1013 796 1101 838 post
1128 788 1168 837 (ξ
1202 788 1254 838 5),
1298 789 1362 825 ubi
1395 789 1441 824 de
1471 787 1578 823 insti·

158 862 248 898 tutis
277 861 427 899 AEmilii
458 862 497 898 in
529 874 569 897 re
601 860 755 897 militari
787 861 934 909 agitur,
976 861 1056 896 haee
1088 860 1284 908 leguntur:
1333 859 1423 895 His
1457 858 1578 894 satis

160 933 458 982 exploratis,
489 932 580 969 illa
612 943 806 980 quoque
835 930 1061 979 primum,
1107 936 1158 966 ut
1189 930 1359 966 ordine
1390 942 1441 965 ae
1473 929 1578 965 sine

156 1003 362 1039 tumultu
394 1004 550 1040 omnia
574 999 634 1038 ad
659 1009 819 1038 nutum
845 1001 1200 1050 imperiumque
1230 1001 1363 1037 ducis
1382 1000 1577 1045 fierent,

156 1074 394 1122 providit.
475 1075 565 1111 Non
597 1078 723 1122 potest
754 1072 807 1108 sic
831 1071 1064 1120 'pronomini
1094 1071 1254 1121 pluralis
1301 1070 1471 1115 numeri‚
1519 1083 1577 1115 ea,

158 1157 242 1192 quae
272 1145 512 1181 subiecturus
544 1144 710 1192 scriptor
741 1149 816 1186 est,
862 1141 1040 1178 universe
1087 1141 1390 1184 demonstranti,
1435 1141 1577 1183 statim,

155 1215 324 1251 nondum
355 1216 482 1264 posito
521 1215 661 1259 verbo,
707 1213 886 1261 subiungi
928 1212 1146 1261 partitionis
1191 1218 1226 1248 et
1271 1212 1384 1260 primi
1417 1213 1577 1249 membri

155 1291 248 1322 nota
283 1285 539 1335 (primum);
588 1297 747 1334 prorsus
791 1283 891 1320 enim
935 1283 1164 1319 obscuratur
1206 1289 1241 1318 et
1280 1284 1464 1320 evertitur
1492 1284 1578 1332 ipsa

156 1356 432 1393 demonstratio
461 1363 496 1393 et
535 1355 772 1405 pronominis
817 1354 1057 1403 significatio.
1138 1354 1301 1391 Poterat
1348 1355 1441 1393 dici:
1490 1355 1578 1391 illa

161 1439 353 1475 quoque
386 1427 630 1475 providit,
681 1426 882 1474 primum
913 1432 961 1461 ut
991 1432 1084 1470 cet,
1128 1431 1168 1461 ut
1200 1438 1271 1474 pro
1304 1426 1425 1462 altero
1459 1439 1578 1462 mem-

160 1498 230 1534 bro
262 1498 398 1534 deinde
429 1503 577 1533 mutata
606 1504 797 1534 structura
828 1497 1078 1533 subiiceretur
1107 1496 1219 1532 illud:
1267 1497 1463 1545 Vigiles
1495 1497 1577 1533 eti-

159 1581 227 1604 am
261 1575 330 1605 cet.
405 1567 651 1616 Quamquam
696 1568 756 1604 hie
791 1580 945 1616 quoque
987 1567 1226 1616 pronominis
1269 1579 1379 1610 usus,
1427 1567 1576 1603 adiecto

159 1640 368 1688 praesertim
416 1638 669 1683 anacolutho,
727 1636 922 1674 Ciceronis
976 1637 1143 1674 orationi
1188 1637 1312 1685 magis
1357 1637 1577 1674 conveniret

161 1721 275 1757 quam
309 1705 420 1746 Livii.
484 1709 639 1746 Accidit
668 1709 750 1750 hic„
795 1709 899 1757 quod
929 1708 967 1744 in
998 1708 1186 1758 proximis
1219 1707 1481 1755 superioribus
1513 1720 1576 1744 ae-

159 1780 296 1816 cidisse
326 1780 573 1823 recentiores,
608 1779 763 1828 cognita
793 1779 934 1816 codicis
965 1779 1156 1828 scriptura
1201 1779 1235 1828 (g
1270 1782 1310 1815 4:
1343 1779 1448 1827 ipse
1479 1791 1578 1815 eum

160 1849 373 1886 tribunis
406 1850 676 1899 primisque
720 1849 980 1886 ordinibus
1027 1862 1126 1896 quae
1157 1848 1212 1884 ad
1245 1850 1577 1898 contemplan-

159 1921 245 1957 dos
276 1922 546 1969 transitus)„
584 1921 775 1965 viderunt,
808 1927 849 1956 ut
878 1920 1037 1956 verbum
1070 1932 1184 1955 unum
1219 1927 1283 1955 aut
1318 1920 1478 1956 alterum
1511 1933 1577 1956 ex-

159 1991 311 2036 cideret,
343 2004 459 2039 quum
489 1991 708 2027 huiusmodi
741 1986 875 2027 fuisset
905 1990 1090 2026 orationis
1112 1990 1256 2026 forma:
1297 1991 1382 2026 His
1416 1991 1576 2039 explo-

159 2061 298 2106 ratis,
329 2062 429 2101 ulia
460 2074 655 2110 quoque
688 2059 913 2111 [novavit
941 2061 1024 2096 vel:
1050 2061 1098 2096 in
1130 2060 1301 2097 melius
1335 2061 1575 2111 mutavit;]

157 2132 378 2180 primurn,
422 2139 469 2168 ut
501 2132 673 2168 ordine
706 2162 741 2169 ..
763 2162 770 2168 .
796 2130 1001 2177 fierent,
1032 2131 1266 2180 providit.
1314 2133 1447 2180 Atque
1476 2132 1576 2169 idem

160 2202 195 2238 in
223 2202 280 2247 iis,
312 2215 396 2251 quae
426 2208 637 2250 Sequuntur
670 2201 704 2251 (ξ
725 2204 778 2248 6),
809 2201 952 2238 factum
981 2215 1064 2239 esse
1089 2202 1252 2248 videtur,
1286 2203 1352 2239 sed
1385 2203 1577 2251 apertiore

159 2273 205 2309 de
235 2285 365 2309 causa.
424 2273 528 2309 Nam
560 2279 601 2309 ut
627 2285 727 2309 nune
753 2273 894 2309 editur:
926 2274 1018 2311 Ubi
1051 2274 1272 2310 omnibus
1303 2273 1444 2310 simul
1474 2286 1576 2322 pro-

159 2343 491 2388 nuntiaretur,
523 2343 649 2391 quod
681 2343 853 2390 fieret,
894 2356 1047 2392 neque
1078 2357 1242 2381 omnes
1274 2344 1576 2389 exaudirent,

159 2413 350 2450 incerto
390 2413 592 2462 imperio
639 2420 864 2463 accepto,
911 2415 1037 2451 alios
1180 2414 1288 2463 plus
1336 2427 1410 2459 eo,
1453 2415 1576 2463 quod

160 2482 451 2531 imperatum
481 2483 562 2528 sit,
606 2483 734 2521 alios
784 2485 937 2521 minus
979 2484 1167 2531 facere,
1210 2485 1260 2531 id,
1306 2485 1409 2533 quod
1453 2485 1576 2521 minus

159 2560 261 2590 reete
291 2554 465 2590 instituto
497 2553 658 2591 efficitur
690 2556 745 2602 (ut
772 2567 848 2591 non
865 2567 997 2592 omnes
1017 2555 1265 2603 exaudiant),
1296 2555 1350 2591 ita
1380 2568 1466 2592 cum
1491 2556 1576 2604 ipso

159 2623 330 2661 instituto
374 2624 638 2672 coniungitur,
679 2630 719 2661 ut
758 2625 974 2674 tautologia
1004 2631 1197 2666 nascatur.
1266 2627 1418 2673 Itaque,
1459 2638 1575 2673 quum
