1811 2925
850 137 927 174 483
1468 135 1547 168 Lib.
1565 134 1638 165 XL.

221 266 376 305 erant,
407 264 750 308 pervenerunt,
780 259 854 295 hoc
884 264 952 302 est,
983 258 1021 293 in
1052 257 1308 302 Dardaniam,
1340 269 1457 305 quam
1490 257 1538 293 ab
1569 257 1643 293 ini-

223 330 277 366 tio
321 328 509 378 petierant
562 327 784 375 itinerisque
828 328 941 364 finem
997 333 1293 375 proposuerant.
1371 326 1523 364 Deinde
1571 340 1642 376 pro

224 399 545 448 Apolloniam
578 398 899 434 meridianam
930 398 968 434 in
1003 397 1092 433 edit.
1124 398 1242 433 Frob.
1280 400 1290 433 1
1333 398 1413 434 sine
1444 397 1523 433 ulla
1552 410 1643 446 pro-

223 469 424 506 babilitate
454 468 700 505 substitutum
732 475 806 504 est:
849 467 1343 504 Transdanubianam
1384 467 1644 516 regionem2

222 546 436 588 posteaque
466 546 673 582 servatum}
704 538 776 574 nisi
808 538 912 586 quod
945 537 1284 574 'Weissenbornius
1328 537 1643 586 Apolloniam

224 609 636 645 mediterraneam
660 608 905 657 regionem
930 607 1095 656 scripsit,
1117 607 1212 655 ipse,
1236 608 1327 656 quid
1351 607 1645 656 subApollo-

222 679 346 714 niam
372 678 519 723 lateret,
537 679 716 727 ignorare
732 691 773 715 se
788 678 915 715 fassus
933 677 1415 725 oblitusque,Dardaniam
1429 690 1507 714 non
1520 678 1646 715 minus

224 749 541 785 mediterraneam
575 749 704 793 fuisse,
736 761 806 785 nec
837 748 992 784 omnino
1025 748 1122 784 ullos
1146 747 1428 784 Bastarnarum
1460 749 1509 784 ad
1539 761 1646 785 mare

222 831 450 868 progressos
480 819 608 855 fuisse.
696 818 949 856 Scribendum
982 824 1083 863 erat,
1125 817 1282 854 excluso
1318 818 1448 867 inepto
1488 820 1646 868 supple-

223 896 370 926 mento:
423 889 723 941 aquiloniam
769 888 1014 936 regionem
1057 888 1276 936 repetiit.
1355 889 1420 925 Ab
1467 889 1647 937 aquilone

223 960 322 996 enim
357 960 395 995 in
427 958 697 995 Macedoniam
730 965 766 994 et
797 958 1007 994 Thraciam
1039 958 1328 996 descenderant.

335 1029 418 1077 Cap
465 1031 541 1067 59.
594 1030 615 1064 8
668 1029 723 1069 (in
763 1028 1029 1076 prodigiorum
1069 1027 1457 1079 commemoratione)
1503 1029 1573 1066 etsi
1602 1030 1647 1075 is,

223 1100 288 1148 qui
322 1099 442 1136 Iulius
477 1098 705 1147 Obsequens
736 1099 895 1143 dicitur-2
927 1105 962 1134 et
992 1098 1127 1143 lana,
1159 1100 1263 1147 quod
1292 1100 1331 1135 in
1365 1100 1531 1136 editione
1560 1100 1647 1136 Mo-

221 1170 382 1218 guntina
414 1177 488 1214 est,
531 1169 568 1204 in
617 1181 686 1205 suo
721 1169 853 1205 codice
886 1169 1021 1205 habuit
1053 1174 1089 1205 et
1120 1170 1281 1205 eandem
1314 1171 1501 1207 orationis
1532 1171 1649 1207 inter-

222 1240 468 1289 punctionem
500 1246 653 1275 secutus
685 1245 753 1283 est,
786 1239 954 1276 dubitari
985 1246 1115 1275 tamen
1146 1239 1290 1287 nequit,
1322 1240 1412 1287 quin
1443 1241 1558 1277 scribi
1581 1240 1649 1277 de-

222 1311 331 1347 beat:
362 1310 578 1357 lanxque
610 1323 711 1345 cum
743 1309 1114 1357 integumentis,
1147 1322 1249 1357 quae
1278 1309 1391 1346 Iovi
1421 1310 1648 1358 apposita

222 1380 332 1425 fuit,
363 1379 547 1416 decidit
579 1380 634 1416 de
664 1392 842 1416 mensa.
901 1379 1049 1416 Oleas
1090 1392 1278 1428 quoque
1315 1386 1648 1428 praegustasse

225 1463 396 1495 mures,
424 1451 469 1486 in
504 1450 785 1498 prodigium
817 1462 1010 1486 versum
1041 1456 1128 1494 est;
1161 1449 1316 1498 (vulgoz
1355 1449 1548 1485 decidit.
1580 1450 1650 1486 De

225 1533 389 1558 mensa
419 1521 558 1557 oleas
590 1524 816 1568 quoque).
872 1521 1010 1557 Lanx
1040 1519 1265 1568 prolana,
1297 1531 1381 1567 quae
1410 1531 1534 1567 neque
1555 1519 1650 1556 inte-

226 1597 411 1640 gumenta
440 1589 559 1626 habet
590 1601 659 1624 nec
688 1589 726 1625 in
758 1602 890 1626 mensa
921 1590 1142 1638 apponitur-¹
1176 1588 1319 1638 Cuperi
1345 1589 1542 1626 inventum
1573 1596 1649 1634 est;

225 1667 371 1698 rectam
402 1660 589 1697 orationis
621 1660 926 1706 distinctionem,
955 1660 986 1696 si
1017 1673 1093 1696 non
1125 1672 1186 1696 res
1215 1660 1314 1708 ipsa2
1359 1660 1494 1696 saltem
1528 1660 1652 1708 parti-

227 1729 316 1766 cula
347 1742 542 1777 quoque
573 1736 789 1766 monstrare
821 1730 998 1766 debebat.
1060 1729 1328 1779 Coniungatur
1367 1730 1441 1766 hoc
1471 1729 1651 1765 mendum

227 1799 486 1847 Obsequentis
520 1806 673 1836 aetatem
705 1812 914 1848 assequens
961 1813 1047 1836 cum
1077 1801 1167 1846 illo7
1214 1800 1318 1849 quod
1366 1801 1403 1836 in
1448 1801 1522 1836 fine
1560 1799 1651 1836 libri

228 1870 421 1905 XXXVI
453 1870 536 1916 (45,
564 1872 611 1915 9)
651 1869 763 1906 fastis
796 1869 1026 1907 Cassiodori
1056 1870 1204 1918 aequale
1253 1876 1320 1906 aut
1364 1870 1558 1917 antiquius
1589 1870 1653 1905 de-

225 1940 455 1987 prehensum
489 1947 556 1976 est.
