1811 2925
224 128 297 160 Lib.
316 127 515 159 XXXVIII.
889 128 967 163 440

224 258 301 288 not.
339 254 351 287 1
388 250 637 298 exemplaque
668 261 689 284 a
719 248 1031 284 Weissenbornio
1063 249 1111 285 ad
1140 249 1340 293 XXVIII,
1378 252 1435 292 16,
1472 252 1516 286 10
1548 249 1625 285 col-

224 322 339 367 lecta3
370 321 457 358 add.
487 320 667 365 XXVII,
700 321 762 364 39,
796 319 850 363 4.)

335 390 429 439 Cap.
464 392 508 427 17
527 418 536 434 ,
569 392 590 426 6
633 389 684 432 (in
715 389 786 427 Cn.
820 389 954 426 Manlii
984 389 1167 433 oratione,
1213 390 1277 426 ubi
1306 396 1470 426 terrores
1502 388 1624 426 Galli-

225 475 288 499 cos
320 462 476 505 elevat):
521 460 613 497 sed
641 461 761 505 haec,
799 460 972 508 quibus
1009 460 1210 496 insolita
1253 466 1397 508 atque
1432 460 1625 496 insueta

224 538 344 575 sunt,
375 531 529 568 Graeci
560 538 607 566 ct
636 531 854 579 Phryges
885 536 927 566 et
957 529 1108 567 Cares
1139 530 1360 576 timeant3
1386 530 1623 568 Romanis.

225 602 408 640 Gallici
455 601 689 638 tumultus
741 601 987 646 adsuetis,
1035 600 1175 636 etiam
1222 601 1464 637 vanitates
1506 606 1625 636 notae

225 678 346 710 sunt.
409 672 521 719 Quod
550 671 780 716 insolens,
810 670 1289 714 insuetus‚insolitus
1319 670 1528 707 alicuius
1553 670 1623 706 r'ei

225 743 372 788 dicitur,
410 742 497 778 inde
539 755 586 778 ne
616 743 654 778 id
685 742 836 790 quidem
867 741 1055 789 sequitur,
1087 747 1269 777 suetum
1312 740 1525 777 alicuius
1556 742 1623 777 rei

224 820 324 850 recte
354 813 426 849 dici
472 812 545 862 (est
583 813 681 849 enim
721 812 759 848 in
789 812 862 848 hac
890 824 932 847 re
962 811 1074 847 etiam
1106 810 1235 859 aliqua
1264 810 1321 847 vis
1354 811 1517 847 notionis
1547 812 1623 860 pri-

225 884 374 931 vandi);
427 884 658 920 adsuetus
702 883 852 931 quidem
900 888 1057 930 propter
1097 881 1375 929 praepositionis
1420 880 1509 926 (ad)
1547 882 1623 918 vim

225 954 443 1003 longissime
474 955 521 990 ab
554 954 626 990 illis
657 952 853 990 adiectivis
892 953 1006 988 distat
1035 965 1103 989 nec
1132 951 1338 1001 genitivum
1370 952 1441 988 sibi
1471 952 1624 1001 adiungi

225 1026 302 1062 ullo
335 1026 448 1061 modo
480 1025 567 1060 sinit
581 1021 626 1073 1).
705 1026 788 1062 Nec
826 1029 927 1060 recte
963 1023 1128 1059 Romani
1172 1022 1370 1059 Gallico
1401 1022 1625 1058 tumultui

227 1095 415 1132 adsueti
454 1095 666 1132 dicerentur
703 1102 887 1142 tanquam
938 1094 1001 1130 uni
1039 1105 1082 1130 ac
1125 1099 1329 1141 perpetuo3
1370 1099 1514 1129 rectum
1545 1100 1626 1129 erat

227 1165 434 1202 Gallicis
464 1165 762 1201 tumultibus.
827 1165 920 1200 Haec
959 1164 1141 1200 orat-ionis
1172 1164 1264 1199 vitia
1297 1163 1393 1199 tollit
1423 1164 1455 1199 B
1486 1163 1553 1214 (de
1582 1164 1625 1200 M

226 1240 399 1283 tacetur),
432 1249 506 1272 una
540 1235 695 1278 exclusa
724 1234 867 1271 littera:
913 1235 1140 1271 Romanis
1177 1234 1361 1272 Gallici
1391 1235 1625 1270 tumultus

228 1307 426 1351 adsueti,
460 1306 600 1342 etiam
631 1306 877 1342 vanitates
907 1311 1026 1341 notae
1056 1312 1175 1342 sunt.
1244 1306 1332 1341 Non
1372 1305 1495 1341 minus
1526 1305 1623 1341 enim

227 1389 299 1413 res
330 1377 473 1412 alicui
513 1377 715 1412 adsueta
758 1388 871 1423 quam
905 1375 1082 1423 aliquis
1120 1374 1187 1410 rei
1217 1375 1443 1411 adsuetus
1477 1375 1624 1417 dicitur,

228 1453 358 1494 estque
389 1448 489 1496 apud
520 1447 642 1495 ipsum
670 1447 819 1483 Livium
855 1447 1014 1496 (XXV,
1051 1444 1135 1494 17):
1185 1452 1337 1481 motus
1372 1457 1624 1493 corporum

227 1530 318 1554 suae
348 1518 520 1566 cuique
549 1516 680 1566 genti
702 1513 949 1557 adS11eti.‘2)

255 1787 285 1827 ¹)
329 1789 427 1827 Quod
454 1789 532 1819 olim
559 1798 617 1829 pci·
643 1787 752 1817 lexica
778 1787 1028 1828 propagabatur
1054 1793 1212 1827 tanquam
1246 1787 1386 1817 Lucilii:
1422 1786 1628 1827 publica-

322 1862 406 1882 rum
445 1860 578 1881 rerum
624 1849 872 1885 adsuefiam,
911 1849 976 1879 iam
1003 1848 1175 1878 omittitur.
1231 1848 1334 1879 Recte
1367 1848 1490 1888 scripta
1526 1847 1627 1878 verba

321 1919 453 1944 exstant
478 1913 564 1952 apud
590 1911 738 1942 Nonium
763 1922 795 1952 p.
822 1914 863 1941 38
891 1916 924 1940 et
949 1913 1010 1941 351
1040 1910 1144 1940 Merc.

274 1980 280 2009 )
322 1976 340 2014 ξ
374 1979 393 2004 4
422 1973 716 2004 Weissenbornius
755 1982 868 2003 errans
906 1983 965 2013 pro
1001 1971 1246 2002 ineuntium
1281 1971 1497 2010 proelium
1524 1970 1628 2011 scrip-

323 2037 364 2066 sit
388 2035 681 2066 inchoantium
709 2034 925 2074 proelium
953 2040 1112 2072 tanquam
1138 2043 1181 2063 cx
1207 2032 1252 2063 M.
1273 2030 1495 2069 Carbachius,
1522 2041 1626 2071 quum

324 2099 478 2129 ederetur
503 2096 817 2132 inchoantium,
861 2095 999 2125 alterum
1035 2105 1052 2125 e
1079 2095 1154 2128 cod⁴
1191 2094 1345 2125 enotavit.
1400 2093 1547 2130 Modius,
1574 2092 1629 2132 qui

324 2160 469 2190 codicem
496 2159 565 2199 ipse
592 2168 659 2189 non
684 2158 835 2195 viderat,
873 2159 1038 2188 ”veterem
1067 2156 1203 2186 cusum''
1229 2156 1309 2195 (hoc
1336 2161 1404 2191 est,
1431 2154 1630 2189 editionem)

322 2222 445 2252 habere
472 2220 773 2251 inchoantium
801 2220 926 2252 scribit.
987 2217 1068 2260 Cap.
1100 2221 1158 2257 18,
1196 2221 1214 2247 3
1257 2216 1309 2247 W.
1339 2216 1511 2246 mirificum
1548 2214 1629 2245 illud

325 2282 547 2323 Compulsi
590 2281 729 2320 reguli
766 2282 869 2320 (quod
914 2291 930 2310 e
966 2279 1293 2311 Drakenborchianis
1341 2277 1512 2308 codicibus
1545 2285 1630 2306 unus

325 2344 450 2380 tuetur)
476 2344 508 2374 in
535 2343 749 2374 Frobcniana
786 2342 819 2373 II
845 2342 1073 2383 comparuisse
1099 2346 1212 2382 putat,
1241 2344 1408 2380 sumptum
1437 2337 1565 2368 scilicet
1590 2346 1632 2366 ex

328 2406 374 2438 M.
427 2404 491 2436 Sed
513 2406 637 2445 legitur
662 2406 750 2445 apud
782 2404 916 2441 Aldum,
944 2403 999 2444 qui
1026 2403 1066 2432 de
1094 2402 1130 2432 M
1156 2402 1239 2432 nihil
1265 2401 1391 2432 sciebat
1417 2400 1478 2431 nisi
1505 2397 1631 2430 Carba-

327 2467 391 2497 chii
418 2466 561 2505 indici03
588 2465 798 2497 Cal-bachius
824 2471 922 2496 tacet.
973 2464 1071 2503 Quod
1097 2464 1151 2495 W.
1178 2462 1353 2504 probabile
1383 2465 1496 2502 putat,
1522 2460 1630 2500 reguli

327 2538 451 2560 nomen
475 2539 494 2559 a
518 2528 613 2560 Livio
635 2527 781 2568 positum
809 2535 893 2558 esse.
918 2527 951 2557 id
977 2536 1057 2556 vero
1079 2525 1257 2565 aliquoties
1275 2523 1419 2564 positum
1439 2528 1503 2560 θεῖς
1522 2523 1631 2562 ipsum

327 2591 414 2621 enim
441 2591 696 2631 Eposognatum
722 2588 903 2628 significari
939 2593 971 2618 et
1005 2588 1089 2619 Livii
1115 2586 1263 2617 narratio
1290 2583 1468 2615 manifesto
1494 2584 1631 2614 demon-

325 2657 407 2683 strat
432 2657 463 2681 et
488 2650 648 2691 Polybius
674 2649 803 2688 (XXII.
831 2654 884 2687 20,
912 2650 962 2689 2).
