1811 2925
292 146 485 178 LibXLII.
968 146 1045 180 526

295 269 435 316 osse),
480 267 617 304 Latine
647 266 739 301 nihil
781 266 884 303 aliud
927 266 1142 314 significare
1178 272 1304 314 potest
1339 266 1410 302 nisi
1448 271 1570 301 totum
1612 278 1714 302 aurae

295 338 470 388 populari
502 336 671 373 deditum
715 348 798 372 esse
843 338 953 385 eique
987 337 1148 372 servire:
1196 336 1282 372 dem
1314 336 1579 384 Volksgunste
1613 348 1714 383 ganz

295 410 481 456 gehorem
525 419 759 454 quamquam
800 420 917 443 aura
958 420 1033 442 non
1066 405 1179 442 facile
1222 405 1275 440 ita
1316 405 1444 441 animo
1487 406 1713 455 concipitur,

297 486 336 516 ut
367 479 503 527 aliquis
535 478 614 513 eius
647 489 729 513 esse
762 477 928 521 dicatum
972 476 1172 512 multum
1219 475 1357 523 (plus)
1399 488 1524 512 aurae
1565 490 1715 526 popu—

296 551 416 586 laris
448 549 628 585 habere
657 547 771 595 longe
803 547 907 583 aliud
938 552 1006 583 est.
1064 545 1186 593 Atqui
1218 558 1265 581 ex
1299 558 1364 591 eo,
1408 548 1511 594 quod
1546 549 1713 584 Perseus

298 623 379 669 ipse
417 632 551 656 auram
584 618 808 666 popularem
841 617 1047 665 captabat,
1080 629 1156 651 non
1193 615 1444 660 efficiebatur,
1478 622 1520 652 ut
1550 617 1712 653 aliorum

297 696 459 727 ventosa
488 688 644 737 ingenia
675 688 723 723 ad
756 687 836 723 eius
861 694 991 736 partes
1022 688 1276 723 traherentur.
1350 686 1452 721 Tum
1486 687 1653 727 demum,
1685 688 1715 723 si

299 774 393 798 aura
422 759 621 809 popularis
664 759 808 794 Perseo
848 757 1018 802 favebat,
1055 770 1138 793 eam
1183 763 1345 792 ventosa
1385 757 1540 804 ingenia
1579 770 1715 805 seque-

299 835 438 869 bantur
469 831 681 876 eodemque
718 841 758 864 se
801 828 1049 864 inclinabant.
1122 828 1167 863 In
1211 827 1342 863 codice
1382 840 1458 863 non
1504 829 1716 864 Perseus

300 910 368 946 est,
399 903 466 939 sed
498 903 645 938 Perse
658 912 691 937 a.
760 900 897 947 Itaque
933 898 1176 934 scribendum
1200 904 1272 933 est:
1305 898 1418 945 quia
1448 897 1502 937 ad
1533 898 1716 934 Persea

300 974 451 1022 magis
483 983 598 1011 aura
641 969 901 1017 popularis
941 970 1069 1008 ierat
1113 968 1170 1014 (se
1201 972 1472 1011 converterat).
1544 969 1620 1005 Ad
1651 981 1717 1004 ex-

300 1045 391 1080 vidit.
417 1050 505 1091 post
535 1055 569 1081 a.

414 1112 508 1161 Cap.
542 1113 605 1155 32,
641 1112 662 1146 2
698 1116 735 1145 et
766 1111 786 1145 3
820 1109 901 1154 (ubi
931 1107 974 1145 C.
1000 1107 1158 1144 Cassius
1193 1107 1325 1144 consul
1355 1107 1544 1156 collegam
1575 1110 1620 1147 P.
1655 1109 1717 1145 Li-

301 1184 438 1220 cinium
480 1186 597 1229 negat
637 1181 674 1216 in
723 1179 961 1228 provinciam
1006 1178 1061 1214 ire
1105 1176 1258 1226 posse):
1306 1178 1571 1214 Praetorem
1615 1191 1717 1215 eum

302 1249 510 1302 (Rha),
540 1264 594 1287 ne
624 1251 669 1286 in
701 1248 1005 1298 provinciam
1036 1248 1223 1293 i1·et,in
1256 1248 1485 1284 contione
1513 1249 1717 1286 iurasse.

302 1337 349 1359 se
376 1328 505 1358 stato
532 1321 641 1356 loco
672 1319 918 1366 statisque
940 1318 1111 1354 diebus
1134 1318 1393 1355 sacrificia
1413 1319 1718 1366 habere,quae

303 1395 501 1430 absente
531 1404 578 1427 se
607 1394 738 1425 recte
771 1388 893 1425 fiere
922 1401 1014 1424 non
1047 1395 1269 1436 possent;
1311 1401 1409 1436 quae
1438 1402 1531 1425 non
1563 1389 1718 1437 magis

303 1464 501 1501 consule
534 1473 670 1509 quam
701 1466 910 1508 praetore
950 1459 1152 1494 absente
1184 1465 1313 1494 recte
1354 1458 1466 1495 fieri
1497 1467 1719 1507 possent.

305 1534 353 1570 Si
403 1538 600 1569 senatus
630 1543 746 1571 non,
796 1529 908 1576 quid
952 1529 1102 1564 vellet
1145 1529 1189 1564 in
1221 1528 1500 1574 consulatu,
1552 1530 1719 1577 potius

303 1616 464 1651 quam,
505 1601 618 1650 quid
663 1600 707 1635 in
738 1604 951 1647 praetura
996 1599 1238 1635 iuraverit
1271 1600 1317 1635 P.
1349 1599 1590 1643 Licinium
1622 1599 1720 1635 ani-

306 1671 701 1708 madvertendum
742 1682 845 1705 esse
876 1675 1089 1711 censeat„
1130 1682 1177 1705 se
1222 1676 1379 1705 tamen
1426 1669 1640 1706 fut-urum
1672 1670 1718 1706 in

305 1748 501 1778 senatus
532 1746 792 1789 potestate.
854 1739 957 1786 Quid
990 1745 1088 1775 esset
1118 1739 1155 1774 in
1186 1740 1245 1776 his
1278 1739 1372 1781 vitii,
1402 1740 1473 1775 etsi
1495 1739 1720 1777 Gronovius

307 1825 448 1860 magna
482 1824 530 1847 ex
561 1816 672 1858 parte
702 1810 840 1850 sensit,
883 1815 1011 1844 tamen
1046 1822 1170 1857 neque
1210 1810 1242 1846 is
1274 1815 1394 1845 totam
1428 1810 1720 1858 perversitatem

306 1881 502 1930 perspexit
531 1893 654 1928 neque
688 1884 835 1915 ceteros
868 1879 1001 1914 movit.
1061 1880 1233 1916 Primum
1265 1892 1423 1928 prorsus
1453 1892 1634 1927 perverse
1664 1879 1722 1916 bis

307 1951 500 1988 scribitur:
533 1963 630 1998 quae
662 1978 698 1987 .,
726 1948 839 1985 fieri
873 1962 964 1985 non
996 1951 1112 1997 (quae
1143 1963 1233 1985 non
1270 1978 1308 1988 ..
1346 1949 1479 1996 fieri)
1516 1955 1723 1997 possent

308 2023 345 2058 in
377 2021 572 2058 sententiis
603 2019 853 2055 diversissimi
886 2019 1061 2066 generis:
1105 2020 1225 2056 altera
1268 2020 1366 2056 enim
1398 2031 1488 2067 pars
1522 2024 1580 2054 est
1610 2019 1722 2054 iuris-

308 2092 459 2128 iurandi
490 2089 640 2133 Licinii,
686 2102 770 2137 quae
813 2096 915 2125 reete
945 2090 1186 2126 coniunctivo
1225 2090 1340 2124 modo
1377 2088 1558 2132 efferturg
1601 2089 1725 2125 altera

311 2167 575 2210 argumentum
611 2160 780 2196 continet
822 2160 942 2208 ipsius
984 2159 1107 2196 Cassii
1152 2159 1240 2194 inde
1271 2158 1445 2202 ductum,
1477 2171 1562 2206 quae
1592 2171 1723 2195 neees-

311 2232 412 2268 sario
442 2231 629 2267 infinitam
664 2229 878 2265 orationem
908 2231 1052 2265 habere
1083 2229 1214 2270 debet,
1257 2228 1437 2275 quoniam
1487 2241 1589 2276 quae
1633 2229 1724 2265 nihil

311 2302 414 2338 aliud
442 2308 499 2337 est
529 2300 618 2336 nisi:
652 2312 705 2334 ea
736 2305 895 2335 autem
938 2303 1106 2347 (porro).
1168 2298 1318 2333 Deinde
1352 2298 1387 2333 iu
1420 2298 1542 2335 altera
1572 2306 1724 2335 senten-

310 2374 383 2414 tia,
428 2369 750 2419 quemadmodum
793 2369 945 2416 quidem
978 2382 1077 2405 nune
1103 2375 1161 2404 est
1190 2367 1442 2411 conformata,
1486 2375 1588 2404 recte
1619 2369 1726 2405 Gro-

311 2441 448 2477 novius
497 2440 612 2482 vidit,
671 2439 913 2486 negationem
972 2439 1178 2474 tollendam
1233 2450 1316 2473 esse
1368 2437 1479 2484 eique
1523 2438 1724 2475 Bekkerus

311 2510 451 2558 paruit.
518 2510 604 2545 Hoc
645 2509 745 2544 enim
783 2508 940 2545 Cassius
983 2509 1091 2546 dicit.
1133 2509 1163 2544 si
1208 2508 1470 2544 iusiurandum
1518 2507 1649 2544 Crassi
1689 2509 1724 2544 in

312 2587 478 2628 praetura
514 2579 645 2614 datum
689 2580 828 2619 valeatvq
877 2579 993 2614 nihilo
1040 2591 1125 2614 eum
1169 2578 1290 2625 magis
1330 2591 1429 2613 nune
1459 2579 1654 2614 consulem
1686 2579 1724 2614 in

315 2650 551 2698 provinciam
583 2650 637 2685 ire
668 2662 792 2697 posse.
825 2650 956 2685 eadem
993 2648 1223 2697 impediente
1252 2660 1314 2687 re:
1345 2648 1374 2682 si
1409 2653 1537 2683 tamen
1561 2654 1724 2689 ¹senatus
