1811 2925
810 129 830 162 5
837 127 859 163 9
866 128 887 164 3
1351 127 1423 158 Lib.
1450 127 1558 159 XLV.

141 248 347 285 intenditur
374 249 637 297 (perbene);
675 259 763 283 nam
809 254 875 284 aut
914 247 1137 296 simpliciter
1168 261 1307 286 numen
1338 257 1376 286 et
1405 250 1561 286 fortuna

140 318 320 354 laudatur
370 319 528 360 (bene,
562 319 681 354 bene
710 323 861 366 atque
892 317 1128 366 feliciter)
1175 325 1241 355 aut
1273 319 1397 356 rarius
1428 332 1560 369 super-

139 387 258 425 lativo
290 389 457 437 (optim
469 388 520 437 e).
586 387 677 427 Sine
707 388 823 424 dubio
858 388 990 425 Livius
1019 401 1097 424 una
1127 388 1254 425 littera
1284 389 1410 425 minus
1440 390 1559 438 serip-

137 458 208 494 sit:
240 459 503 495 Fortunam
537 472 574 507 p.
605 459 653 496 R.
686 458 836 507 (populi
854 458 1036 505 Romani)
1068 459 1185 495 bene
1215 459 1411 496 fecisse.
1453 459 1560 497 Solet

138 528 238 564 enim
269 530 427 578 propria
458 529 591 578 populi
621 528 788 566 Romani
818 527 975 564 fortuna
1006 527 1150 565 extolli.
1239 527 1354 571 (Cod.
1386 531 1558 578 perbe-

139 597 594 647 neficiissequendo
625 598 774 636 finito
807 597 955 634 aliter
986 597 1115 634 bello
1137 600 1384 647 sequendo
1416 601 1560 637 aliter

137 669 452 717 gratulandi,
497 669 660 706 notabili
702 681 831 705 errore
868 675 904 704 et
942 680 1081 704 vocum
1115 669 1372 717 repetitione.)
1437 671 1557 709 Utin

137 739 278 775 Rhodii
310 740 427 789 legati
459 739 659 784 oratione,
701 739 754 776 sie
793 739 831 775 in
865 745 1019 775 senatus
1052 750 1205 787 quoque
1236 752 1422 789 responso
1454 754 1558 778 men-

137 810 227 846 dum
271 811 411 847 residet
457 814 490 855 (ξ
524 810 586 859 6):
633 810 854 847 Rhodios
897 822 980 846 nee
1022 809 1318 847 utilitatium
1361 811 1559 850 Graeeiae

137 892 292 928 neque
332 894 445 918 cura
494 881 821 929 impensarum
871 879 1041 929 populi
1082 881 1310 918 Romani.
1361 883 1441 919 sed
1472 897 1557 932 pro

139 950 324 987 Perseo
375 964 472 988 eam
518 950 814 998 legationem
861 950 1064 986 misisse.
1147 951 1375 988 Ablativum
1407 954 1558 1002 utrique

142 1022 313 1058 membro
357 1021 541 1058 orationis
587 1020 776 1069 negativae
824 1020 1013 1069 copulatae
1057 1033 1298 1058 communem
1330 1035 1405 1059 non
1444 1035 1557 1071 posse

140 1091 236 1127 inter
266 1093 508 1140 negationem
541 1098 578 1127 et
608 1090 768 1126 alterum
801 1090 1011 1138 genitivum
1044 1091 1259 1139 interponi,
1289 1099 1391 1128 recte
1422 1093 1558 1129 Duke-

139 1173 203 1198 rus
236 1168 272 1198 et
317 1163 380 1199 alii
424 1168 647 1204 senserunt,
695 1160 762 1197 sed
802 1161 839 1196 in
871 1161 1100 1210 corrigendo
1133 1163 1374 1199 aberrarunt.
1451 1164 1558 1200 Nihil

138 1232 235 1268 enim
269 1233 371 1269 aliud
401 1233 580 1269 librarius
599 1245 728 1280 quam,
749 1232 853 1280 quod
884 1232 1094 1280 saepissime
1124 1232 1225 1278 fecit,
1240 1234 1402 1270 duarum
1418 1246 1556 1270 vocum

136 1302 308 1339 ordinem
341 1303 518 1347 invertit,
551 1315 665 1350 quum
699 1303 865 1338 scribere
896 1303 1111 1339 debuisset:
1145 1316 1230 1340 neo
1259 1304 1556 1340 utilitatium

137 1370 335 1408 Graeciae
379 1385 502 1409 eura
551 1385 704 1420 neque
751 1372 1079 1421 impensarum
1129 1375 1298 1423 populi
1342 1376 1556 1412 Romani.

136 1441 189 1477 Iis
222 1443 407 1491 exemplis
437 1443 655 1479 huiusmodi
695 1443 1063 1491 uanspositionum,
1110 1456 1194 1492 quae
1224 1457 1340 1493 supra
1371 1444 1427 1493 (p.
1459 1447 1558 1486 491)

137 1524 185 1547 ex
218 1512 316 1550 libro
348 1514 491 1550 XLIII
522 1514 655 1563 posui,
686 1525 734 1549 ex
764 1513 837 1548 hoe
867 1513 964 1549 libro
996 1514 1113 1550 XLV
1149 1515 1238 1551 addi
1269 1517 1349 1552 haec
1379 1523 1558 1564 possunt:

136 1584 249 1627 o.5,3
269 1586 424 1631 (quam
443 1584 562 1620 mori
582 1597 652 1632 pro
677 1583 794 1619 mori
817 1586 985 1630 quam),
1005 1586 1100 1629 13,1
1138 1586 1349 1635 (rettulit
1379 1586 1558 1632 rediit),

145 1655 201 1696 17,
225 1653 246 1688 2
280 1658 392 1695 (tum
434 1654 616 1699 Pauli),
652 1655 715 1693 21,
748 1656 769 1689 4
805 1652 935 1701 (ante
966 1667 1056 1692 non
1088 1663 1125 1692 et
1157 1657 1337 1693 vellent
1374 1656 1559 1693 ferrent

138 1735 207 1771 pro
239 1722 392 1759 ferret
424 1725 639 1770 vellent)q
673 1726 736 1767 34,
763 1725 774 1760 l
800 1729 871 1766 (ea
901 1725 986 1771 ad),
1019 1727 1083 1771 31,
1114 1729 1133 1762 5
1168 1727 1558 1769 (elatiRomano-

142 1793 271 1839 rum)5
303 1805 333 1830 e.
373 1796 436 1838 35,
473 1796 494 1831 9
532 1795 753 1842 (militum
796 1795 1008 1843 pecunia
1047 1796 1187 1833 illum
1220 1797 1402 1834 iudicia
1446 1797 1559 1833 dare

138 1860 266 1911 non):
315 1876 385 1900 nee
416 1864 545 1900 omnia
576 1877 635 1900 me
668 1865 868 1913 collegisse
901 1866 1078 1902 arbitror.

248 1932 344 1982 Cap.
376 1937 412 1978 4,
450 1936 470 1970 ‘2
505 1947 620 1982 quum
652 1934 688 1971 in
730 1936 860 1972 codiee
884 1936 938 1972 sie
968 1937 1174 1973 scribatur:
1206 1936 1389 1973 Paulus
1415 1936 1558 1972 AEmi-

138 2003 229 2039 lius
261 2004 443 2049 consul,
475 2018 572 2042 cum
606 2013 782 2050 castra,
814 2013 863 2042 ut
894 2019 1044 2055 supra
1079 2007 1254 2043 dictum
1288 2012 1370 2050 est,
1403 2006 1458 2041 ad
1490 2005 1558 2043 Si-

136 2085 213 2110 ras
259 2080 404 2110 terrae
433 2075 858 2112 Odomantidichae
883 2077 934 2119 (id
966 2075 1393 2120 estOdomanticae)
1414 2076 1557 2112 habe-

138 2143 418 2188 1·et,litterae
447 2146 503 2181 ab
521 2146 1205 2194 regePerseoperignobiles
1236 2154 1338 2183 tres
1370 2146 1558 2195 legatos

140 2221 382 2257 cerneret,
417 2221 461 2250 et
490 2215 958 2263 ipseillacrimasse
989 2217 1138 2253 sortis
1180 2218 1218 2266 (i.
1251 2231 1281 2254 e.
1313 2217 1451 2263 sorti)
1484 2217 1559 2252 hu-

137 2296 287 2320 manae
319 2284 513 2325 dicitur„
548 2292 722 2333 apparet,
752 2284 931 2322 lacunam
964 2286 1017 2323 sic
1048 2288 1174 2324 notari
1205 2294 1242 2324 et
1268 2294 1462 2335 uteunque
1494 2299 1559 2322 ex-

136 2353 232 2402 pleri
262 2353 459 2389 debuisse:
498 2383 534 2393 ..
574 2356 791 2399 haberet,
821 2355 998 2393 litterae
1029 2357 1085 2393 ab
1120 2370 1236 2406 rege
1261 2359 1443 2394 Perseo
1477 2369 1560 2405 per

135 2423 383 2471 ignobiles
415 2430 513 2460 tres
544 2424 740 2472 legatos
773 2424 984 2475 [traditae
1016 2427 1060 2463 ei
1093 2434 1217 2472 sunt,
1249 2440 1366 2475 quas
1398 2425 1557 2476 quum]

137 2500 378 2538 cerneret,
408 2492 747 2531 illacrimasse
798 2503 869 2535 etc.
953 2497 1105 2533 Deinde
1134 2501 1152 2542 ξ
1185 2500 1206 2534 4
1251 2498 1288 2534 in
1323 2498 1382 2534 his
1412 2497 1557 2533 verbis:

137 2569 419 2610 postquam,
457 2565 633 2612 Regem
672 2564 857 2602 Persea
900 2567 1088 2603 consuli
1135 2568 1289 2605 Paulo
1335 2567 1558 2604 salutem.

138 2632 274 2680 legit,
305 2633 547 2670 accusativus
579 2634 640 2670 ille
673 2647 834 2683 regem
868 2637 1052 2673 Persea
1087 2650 1246 2686 prorsus
1280 2649 1459 2686 perverse
1490 2649 1558 2684 po-

176 2714 315 2738 mnvmn
338 2715 460 2739 Eum».
486 2715 543 2737 ιω
1248 2709 1290 2737 38
