1811 2925
266 126 467 160 LiprLII.
943 129 1021 164 516

266 249 403 286 Latine
434 249 583 286 tacite
615 248 817 297 aliquid
854 249 1035 285 habere
1066 261 1111 285 ac
1141 262 1219 286 non
1262 251 1501 295 tacitum,
1549 259 1589 288 ut
1619 258 1696 289 ta-

264 319 410 356 citum
467 318 657 367 aliquid
707 325 897 364 tenere,
946 319 1235 367 relinquere
1283 327 1320 357 et
1365 321 1412 358 de
1458 335 1530 366 eo,
1589 323 1694 371 quod

263 389 348 437 quis
378 389 462 437 ipse
493 389 708 434 commisit,
755 389 955 426 tacitum
989 389 1178 438 aliquid
1224 391 1367 430 ferre.
1441 392 1577 428 Codex
1608 398 1695 429 tan-

262 465 341 495 tum
374 459 475 507 pati
504 460 647 505 habet,
698 472 786 508 que
831 459 1024 508 Grynaeus
1056 459 1226 506 addidit,
1270 463 1451 499 mendum
1483 463 1694 500 occultans.

263 529 516 567 Scribendum
536 536 615 568 est:
650 530 972 567 dissimulare
1004 535 1048 566 et
1077 533 1235 572 tacita
1264 534 1433 574 haberi
1464 533 1567 582 pati
1599 540 1692 570 sta-

261 597 477 645 tuerat.¹)

374 669 470 720 Cap.
512 674 571 716 17,
606 673 628 708 3
662 672 728 717 (de
759 671 941 709 Rammio
972 670 1243 722 Brundusino)
1287 673 1408 708 verba
1451 674 1506 709 sie
1554 674 1694 710 distin-

260 741 415 789 guenda
446 754 549 778 esse:
592 742 822 791 hospitio
854 754 1049 790 quoque
1080 748 1125 778 et
1154 743 1297 779 duces
1322 743 1570 780 Romanos
1602 758 1690 781 om-

260 825 342 849 nes
374 819 422 849 et
450 813 669 861 legatos,
715 819 998 849 exterarum
1045 825 1244 861 quoque
1284 814 1504 861 gentium
1534 814 1692 864 insig-

259 895 353 929 nes,
385 884 634 933 praecipue
668 884 847 932 regios,
880 884 1186 932 accipiebat,
1228 890 1266 919 et
1295 895 1435 932 perse
1466 890 1504 920 et
1535 897 1583 920 ex
1614 889 1632 930 ξ
1666 889 1688 922 5

260 955 421 999 (duces
454 967 618 991 omnes
666 954 929 1003 legatique
959 955 1182 999 Romani)
1218 960 1383 1003 apparet
1417 962 1454 990 et
1503 968 1551 990 ex
1601 955 1688 992 loeo

258 1025 457 1074 particulae
478 1038 687 1074 quoque.
749 1026 819 1071 (V.
851 1038 1036 1069 omnes,
1087 1032 1132 1062 et
1172 1025 1364 1072 legatos
1409 1031 1688 1062 exterarum

258 1108 452 1144 quoque
482 1096 727 1144 gentium).
794 1095 871 1133 Sed
902 1102 1102 1144 praeterea,
1135 1095 1317 1143 quoniam
1349 1102 1470 1131 totum
1506 1095 1580 1131 hoc
1610 1108 1686 1132 non

256 1172 442 1214 tanquam
475 1167 638 1203 alterum
670 1166 892 1214 adiungitur
920 1166 1163 1215 principis
1195 1165 1383 1213 dignitati,
1415 1166 1482 1201 sed
1499 1172 1686 1214 tanquam

257 1249 498 1285 consequens
531 1237 759 1282 adnectitur,
792 1236 1037 1273 scribendum
1068 1239 1229 1285 opinor:
1264 1236 1584 1284 hospitioque
1613 1249 1685 1285 pro

257 1307 473 1355 hospitio
507 1319 710 1355 quoque.
772 1307 945 1345 Gravius
977 1315 1053 1353 est,
1084 1308 1189 1356 quod
1221 1310 1238 1351 ξ
1272 1308 1320 1350 6,
1368 1306 1432 1342 ubi
1480 1307 1686 1355 exponitur

259 1378 390 1414 Persei
421 1378 645 1414 Rammium
678 1390 927 1426 eorrumpere
959 1379 1135 1415 conantis
1173 1377 1311 1421 oratio7
1344 1377 1382 1412 in
1413 1377 1492 1413 his:
1543 1377 1684 1414 cuius

254 1448 427 1489 (veneni)
460 1448 591 1484 seire
622 1460 670 1484 se
701 1450 1128 1496 comparationem
1163 1448 1426 1497 plurimum
1458 1447 1683 1484 difficul-

253 1518 372 1554 tatis
401 1524 444 1554 et
485 1519 695 1567 periculi
726 1519 932 1566 habereg
971 1520 1205 1568 pluribus
1237 1518 1455 1555 consciis
1487 1531 1683 1567 eompa-

253 1589 554 1633 rari7eventu
586 1594 830 1637 praeterea
861 1588 1049 1626 incerto
1082 1603 1189 1626 esse
1205 1588 1572 1634 cet.‚etcausasine
1590 1595 1684 1625 nota

252 1659 411 1705 (enim)
447 1659 600 1695 adiecta
631 1658 794 1695 offendit
825 1666 862 1695 et
894 1661 1218 1708 comparandi
1250 1661 1409 1696 verbum
1443 1666 1532 1708 post·
1563 1671 1681 1695 com-

250 1729 563 1778 parationem
595 1730 833 1778 ineleganter
876 1730 914 1766 in
957 1743 1075 1767 eausa
1107 1730 1337 1778 explicanda
1378 1730 1544 1778 positum
1577 1737 1613 1766 et
1642 1730 1681 1766 in

251 1799 471 1848 multiplicis
502 1798 741 1836 difficultatis
772 1807 809 1836 et
839 1801 998 1849 periculi
1029 1801 1358 1837 demonstratione
1380 1799 1490 1835 unius
1506 1799 1561 1835 rei
1580 1800 1680 1848 (plu-

248 1870 346 1906 rium
375 1869 643 1919 consciorum)
675 1871 838 1915 menti03
870 1884 959 1907 nam
992 1884 1078 1919 (111ae
1109 1870 1246 1906 deinde
1268 1871 1462 1906 adduntur
1479 1873 1678 1914 (eventu

249 1947 493 1989 praeterca
515 1940 626 1987 cen),
670 1941 761 1976 nihil
807 1942 855 1977 ad
887 1942 1220 1990 comparationem
1253 1942 1444 1989 pertinent
1473 1939 1680 1988 potiusque

248 2010 552 2059 comparationis
600 2010 817 2047 difficultati
867 2025 914 2048 ex
958 2025 1068 2060 :equo
1104 2018 1292 2058 tanquam
1323 2011 1485 2046 alterum
1518 2017 1679 2046 eventus

248 2081 413 2117 incertus
445 2080 677 2128 adiungitur.
738 2080 880 2118 Omnia
912 2089 1005 2131 apta
1036 2089 1171 2126 erunt„
1209 2081 1240 2117 si
1281 2094 1357 2116 una
1397 2093 1492 2116 voce
1523 2080 1678 2116 sublata

247 2150 300 2185 sic
331 2150 614 2197 scripserimus:
656 2152 800 2188 cuius
837 2153 963 2189 scire
994 2165 1043 2188 se
1077 2151 1495 2200 comparationem
1527 2151 1676 2199 pluri-

247 2232 365 2255 mum
399 2219 740 2258 difficultatis
773 2229 816 2258 et
846 2223 1061 2270 periculi
1096 2223 1277 2258 habere
1308 2221 1529 2270 pluribus
1562 2234 1674 2257 con-

245 2289 383 2333 sciis3
415 2297 593 2326 eventu
626 2298 868 2339 praeterea
908 2293 1099 2329 incerto
1131 2305 1257 2331 esse.
1295 2301 1341 2328 ut
1383 2299 1454 2329 etc.
1537 2292 1675 2339 Itaque

269 2465 300 2505 ¹)
338 2469 377 2500 In
405 2470 425 2508 ξ
453 2474 469 2499 5
500 2471 622 2502 iniuria
651 2473 927 2505 Weissenbornio
954 2474 1141 2515 probabilis
1166 2474 1236 2504 visa
1279 2478 1330 2504 est
1362 2472 1563 2512 lleusingeri
1591 2484 1672 2504 eou-

337 2531 466 2561 icctura
493 2532 592 2562 scribi
629 2534 789 2566 volentis:
818 2540 863 2566 ut
896 2546 972 2568 non
1014 2537 1052 2566 in
1069 2535 1281 2566 consulte,
1336 2534 1467 2574 Coepta
1504 2544 1555 2565 ros
1581 2543 1669 2572 erat,

336 2591 396 2621 etsi
425 2591 629 2629 inconsulte,
657 2599 768 2626 tamon
796 2597 976 2636 audactam-3
1003 2598 1123 2628 relicta
1147 2601 1197 2627 est
1225 2597 1283 2634 ita,
1311 2601 1347 2626 ut
1374 2605 1482 2636 neque
1522 2598 1670 2637 pruden—

336 2652 418 2682 tiam
451 2662 560 2693 neque
587 2655 768 2687 andaciam
805 2658 1105 2697 constantiamque
1134 2658 1302 2689 laudares.
