1811 2925
266 130 341 162 Lib.
364 129 474 161 XLII.
945 130 988 164 51
1001 132 1023 164 4

267 254 446 297 dandum,
462 265 509 288 ne
532 252 666 288 Livius
684 250 898 299 scripserit:
930 249 1171 298 ingentem
1191 250 1544 287 auctoritatem
1567 261 1694 292 essm

268 323 472 360 Seleuci
502 322 662 359 filiam
694 322 898 358 duxisse
929 333 1028 357 eum
1061 325 1132 358 cet.

380 394 477 444 Cap.
502 396 562 437 14,
595 395 638 429 6:
674 393 922 429 Miserant
954 391 1202 440 pleraeque
1234 391 1490 435 civitates,
1522 391 1622 427 alia
1650 391 1695 427 in

267 466 481 515 speciem
512 463 832 513 praeferentes
864 461 969 511 (cod.
999 461 1339 510 praeferentis),
1369 461 1580 510 legatos.
1637 462 1698 498 Et

267 536 458 585 legatio
489 534 789 573 Rhodiorum
822 537 929 569 erat
960 544 1013 568 ac
1044 531 1250 582 Satyrus
1283 532 1539 581 princeps,
1569 532 1695 568 haud

268 607 456 651 dubius,
489 606 606 654 quin
640 606 881 641 Eumenes
917 602 1176 640 civitatem
1209 615 1399 651 quoque
1429 615 1559 638 suam
1586 604 1696 653 Per-

267 679 336 715 sei
371 676 660 714 criminibus
695 675 962 711 iunxisset.
1023 675 1157 710 Prava
1188 686 1271 710 esse
1301 673 1385 709 illa:
1415 673 1476 710 Et
1505 673 1696 721 legatio

266 749 567 787 Rhodiorum
617 752 721 783 erat
767 749 872 794 (quae
918 744 1135 793 significare
1181 745 1338 781 debent:
1395 744 1696 781 Rhodiorum

268 833 357 869 quo
375 831 463 867 que
508 817 697 866 legatio
747 816 956 860 aderat),
998 815 1127 864 plures
1165 821 1383 860 senserunt3
1432 815 1470 851 in
1511 815 1595 851 cod.
1643 815 1697 851 sic

268 890 464 926 scribitur:
503 889 562 925 Et
608 887 797 936 legatio
836 886 1144 924 Rhodiorum
1192 893 1297 923 erat
1332 887 1420 922 hac
1460 884 1696 922 falsaitu-

267 973 348 997 rus
378 959 620 1009 princeps.
681 958 934 995 Scribendum
964 957 1135 994 videtur:
1180 957 1214 993 E
1263 956 1442 1005 legatis
1471 955 1697 993 Rhodio-

268 1045 366 1068 rum
414 1035 520 1067 erat
562 1029 953 1066 Andranodorus
1003 1025 1421 1073 (Atl1an0d01·us?)
1468 1026 1697 1075 princeps

270 1108 356 1146 eet,
390 1101 460 1137 etsi
494 1100 672 1136 usitatius
696 1107 779 1136 erat
795 1099 1103 1146 futurumzLeg
1119 1097 1306 1134 ationis
1329 1097 1476 1134 Rhod.
1520 1097 1697 1144 (Utrum-

270 1185 344 1220 que
391 1184 531 1208 nomen
576 1171 614 1206 in
659 1171 814 1207 Doricae
844 1169 973 1217 stirpis
1022 1168 1241 1205 hominibus
1279 1169 1490 1216 reperitur,
1537 1168 1698 1205 Andra-

269 1241 409 1278 nodori
457 1254 575 1290 supra
622 1241 719 1277 libro
758 1240 906 1278 XXIV
949 1240 1117 1288 saepius).
1198 1238 1274 1276 Sed
1304 1251 1463 1278 vereorq
1507 1250 1554 1273 ne
1594 1237 1697 1273 aliud

272 1313 453 1349 mendum
483 1313 622 1357 lateatq
665 1324 755 1347 nam
808 1311 944 1347 deinde
974 1311 1012 1346 in
1040 1310 1171 1347 codice
1201 1310 1398 1346 scribitur:
1430 1322 1569 1357 quem
1600 1308 1696 1344 Eu-

270 1396 434 1420 menes
462 1382 686 1419 civitatis
719 1394 908 1429 quoque
948 1393 1032 1416 sua
1062 1380 1233 1417 Persei
1265 1394 1296 1419 c.
1335 1380 1384 1417 i..
1425 1380 1528 1427 quod
1558 1392 1605 1415 ne
1635 1378 1697 1414 liic

273 1454 427 1502 quidem
459 1453 639 1489 librarius
672 1465 720 1488 ex
752 1451 1008 1487 civitatem
1047 1463 1180 1486 Suam
1211 1450 1360 1486 videtur
1400 1449 1605 1486 effecturus
1635 1449 1695 1486 fu—

268 1525 353 1561 isse.
441 1524 668 1572 Suspicere.
701 1535 840 1559 nomen
873 1522 1029 1570 aliquod
1064 1521 1253 1557 excidisse.
1300 1520 1543 1569 (civitatis
1578 1533 1696 1568 quo-

269 1609 358 1643 que
404 1608 495 1631 snae
526 1593 936 1633 insectationem;
968 1605 1056 1628 nam
1089 1592 1299 1627 crimina
1331 1605 1379 1627 ex
1410 1604 1468 1635 eo,
1501 1591 1605 1639 quod
1638 1604 1697 1628 se-

271 1666 422 1714 quitur.
463 1665 754 1701 criminibus
798 1663 922 1699 audiri
967 1663 1115 1710 nequit3
1166 1668 1319 1710 poterat
1359 1662 1433 1698 diei
1467 1662 1696 1698 civitatis

269 1750 366 1772 suas
397 1735 609 1772 crimina
639 1734 812 1771 Persei
843 1734 1011 1781 iunx.);
1042 1734 1109 1770 sed
1140 1745 1200 1768 res
1231 1732 1377 1768 ineerta
1407 1739 1475 1769 est.
1554 1732 1696 1769 Proxi-

271 1820 334 1843 ma
366 1807 517 1854 quidem
551 1803 590 1855 (ξ
623 1806 664 1852 S)
699 1818 776 1840 non
810 1804 966 1840 dubium
996 1811 1064 1844 est,
1095 1803 1185 1851 quin
1213 1803 1346 1838 vitium
1378 1803 1580 1845 traxerint,
1611 1815 1697 1851 quae

271 1877 323 1912 sic
355 1876 592 1913 scribuntur:
627 1876 762 1923 Quod
794 1876 850 1917 (ut
882 1874 1044 1911 Rhodiae
1074 1873 1278 1922 legationis
1308 1874 1486 1922 princeps
1513 1886 1598 1910 cum
1617 1874 1697 1910 Eu-

270 1959 379 1982 mene
413 1958 543 1982 coram
578 1946 616 1981 in
653 1952 788 1981 senatu
818 1944 1065 1992 disceptaret)
1101 1956 1240 1991 quum
1273 1956 1361 1979 nou
1398 1944 1695 1992 contigisset

272 2017 372 2062 (cod.
414 2029 467 2052 cu
483 2029 518 2051 m
557 2016 887 2064 contigisset.
936 2014 1074 2050 extrita
1118 2013 1322 2061 negatione
1359 2021 1445 2050 ante
1477 2016 1594 2061 con),
1641 2015 1697 2051 li-

270 2089 466 2123 bertate
529 2086 938 2134 intemperantius
994 2084 1216 2120 invectus
1266 2085 1311 2119 in
1363 2097 1520 2133 regem
1582 2085 1698 2131 (recte

272 2158 395 2193 (ἐι-011.
440 2157 674 2193 libertate
705 2155 1059 2203 intemperanti
1088 2154 1203 2191 inv..
1236 2154 1417 2202 quoniam
1465 2155 1698 2191 libertate

273 2226 441 2262 invehi
472 2226 545 2261 dici
577 2226 754 2274 nequit).
795 2226 919 2272 quod
947 2225 1206 2273 Lyciorum
1240 2233 1427 2271 gentem
1462 2225 1696 2261 adversus

273 2297 493 2333 Rhodios
536 2296 850 2332 concitasset
891 2295 1343 2343 graviorqueAsiae
1375 2302 1525 2334 esset,
1559 2308 1696 2343 quam

273 2366 550 2402 Antiochus
594 2366 800 2405 fuisset,
846 2366 1135 2415 popularem
1180 2366 1369 2414 quidem
1416 2379 1467 2402 at·
1511 2372 1697 2413 gratam

275 2437 477 2485 populis
518 2436 644 2472 Asiae
691 2443 763 2480 (—-
811 2450 915 2473 nam
962 2449 1014 2471 eo
1051 2448 1251 2484 quoque
1285 2436 1374 2472 iam
1407 2437 1550 2473 favor
1580 2437 1697 2473 Per-

273 2507 345 2542 sei
376 2511 669 2551 venerat—j
704 2508 975 2543 orationem
1007 2507 1206 2544 habuit.
1238 2514 1444 2543 ceterum
1488 2507 1697 2543 invisam

273 2577 470 2612 senatui
502 2576 821 2624 inutilemque
853 2577 949 2612 sibi
983 2584 1033 2612 et
1064 2577 1261 2612 civitati
1307 2589 1410 2612 sum.
1476 2577 1566 2613 ,Non
1598 2584 1700 2613 reete.

278 2660 345 2682 nec
379 2646 514 2682 Latine
546 2646 801 2693 popularis
835 2646 959 2682 oratio
993 2646 1238 2695 appellatur.
1273 2659 1356 2693 qum
1389 2660 1408 2681 a
1445 2646 1595 2683 Rhodio
1628 2648 1699 2683 ho-
