1811 2925
846 103 922 139 535
1391 104 1464 135 Lib.
1488 104 1597 135 XLII.

176 228 256 264 haec
273 226 352 263 fere
368 226 458 262 fuit:
485 226 539 262 Et
562 225 800 261 dicentem
820 237 921 261 cum
946 237 1150 262 assensu
1171 226 1391 263 Marcius
1410 227 1599 273 [audire

174 297 313 333 visus
353 302 420 332 est
463 302 529 335 et,
571 308 708 343 quum
751 295 943 332 dicendi
974 296 1118 333 finem
1152 296 1394 347 fecisset,]
1429 304 1599 334 auctor

175 367 270 403 fuit
303 365 523 402 mittendi
558 367 754 403 Romam
788 366 989 417 legatos.
1036 366 1215 416 [Amici
1245 381 1440 417 quoque
1470 368 1598 417 regis

174 444 368 475 secreto
399 435 723 486 interrogati]
758 450 895 485 quum
925 439 1226 486 experienda
1260 438 1417 475 omnia
1447 438 1504 474 ad
1536 439 1598 474 ul-

172 509 335 544 timum
366 520 451 543 nec
482 508 951 555 praetermittendam
974 521 1037 557 sp.
1063 522 1098 547 u.
1123 510 1458 555 censuissent,
1490 510 1597 546 reli-

173 592 264 627 qua
294 585 364 616 cet.
428 579 586 614 Partem
619 578 788 626 aliquam
819 579 900 615 veri
930 579 1007 616 iam
1041 580 1380 617 Weissenbornius
1411 581 1539 617 sensit.

286 648 382 697 Cap.
424 652 488 693 44,
538 651 576 684 l:
619 648 898 687 Chalcidem
939 656 987 687 ut
1029 656 1222 686 ventum
1268 657 1338 687 est
1376 651 1521 700 (agitur
1552 652 1597 688 de

173 724 220 768 Q.
252 720 402 756 Marcio
438 727 474 756 et
503 722 554 758 A.
587 720 740 768 Atilio),
784 720 987 757 aliarum
1031 721 1290 758 civitatum
1332 722 1598 770 principes,

173 792 221 828 id
252 791 378 840 quod
411 791 615 827 maxime
648 797 835 839 gratum
869 799 973 827 erat
999 793 1230 829 Romanis
1261 792 1364 843 (tolli
1395 805 1597 828 commuue

173 863 346 899 Boeotiae
378 861 580 897 concilium
612 862 886 910 cupientibus),
925 875 1008 899 suo
1044 864 1222 912 quique
1256 864 1359 907 (cod.
1392 866 1594 911 quoque)

171 932 376 982 proprio
428 931 626 968 decreto
676 933 926 981 propriam
983 934 1128 983 (Gryn.
1186 940 1223 970 et
1267 935 1352 972 edd.
1401 934 1594 970 decreto

172 1004 361 1046 Perse&
394 1002 494 1039 falso
517 1002 766 1052 Kreyssigius
798 1003 994 1040 decreto
1026 1004 1064 1040 iu
1086 1006 1216 1042 codice
1247 1018 1323 1041 non
1347 1018 1429 1042 esse
1463 1005 1595 1052 tradit)

171 1064 459 1110 societatem
504 1074 756 1121 aspernati
800 1074 900 1120 (cod.
945 1079 1230 1124 aspernata)
1272 1076 1505 1113 Romanis
1548 1089 1595 1112 se

171 1144 506 1192 adiungebant
545 1144 645 1190 (cod.
680 1144 1031 1195 diiungebant),
1062 1147 1307 1183 Ismenias
1339 1153 1409 1183 cet.
1476 1147 1595 1183 Recte

169 1215 418 1264 Kreyssigius
453 1221 490 1251 et
515 1215 854 1252 Weissenbomius
888 1215 925 1251 in
967 1217 1212 1265 propriam
1266 1218 1386 1253 latere
1419 1216 1596 1253 viderunt

171 1285 376 1334 regiam,
427 1286 530 1333 quod
577 1293 736 1334 propter
778 1287 980 1334 proprio
1030 1294 1252 1336 corruptum
1301 1294 1369 1323 est.
1446 1287 1596 1323 Deinde

170 1369 247 1393 non
277 1357 403 1392 minus
434 1362 580 1393 certum
612 1362 691 1401 est,
731 1363 834 1393 recte
873 1357 1083 1406 Grynaeum
1128 1370 1211 1394 suo
1255 1358 1434 1407 quique
1475 1357 1594 1405 scrip-

170 1428 282 1471 sissc;
335 1439 425 1463 nam
470 1427 574 1474 quod
617 1427 957 1464 WVeissenbornius
997 1429 1188 1465 interdum
1233 1441 1345 1465 suus
1393 1428 1595 1476 quisque

168 1498 304 1535 eodem
338 1510 429 1534 casu
462 1498 641 1546 coniungi
673 1498 783 1543 dicit,
831 1499 877 1535 de
921 1512 967 1536 ea
1003 1513 1044 1536 re
1075 1500 1157 1548 ipse
1189 1499 1403 1535 distinctius
1434 1499 1596 1548 exposui

170 1570 220 1605 ad
247 1568 326 1605 Cic.
361 1569 446 1605 Fin.
478 1568 529 1613 V,
578 1571 622 1605 17
663 1582 700 1618 p.
735 1571 832 1614 6993
873 1582 997 1617 neque
1041 1577 1169 1607 tamen
1209 1583 1380 1618 unquam
1420 1570 1594 1606 nomina-

169 1640 288 1676 tivum
332 1640 572 1688 pronominis
615 1640 722 1688 quis
738 1653 829 1688 que
873 1653 896 1676 a
937 1652 1007 1676 suo
1052 1641 1169 1677 verbo
1213 1640 1423 1676 seiunctum
1468 1647 1504 1676 et
1545 1641 1594 1676 ad

169 1723 286 1747 suus
318 1710 652 1747 accommodatum
684 1711 874 1759 reperias3
906 1718 942 1748 et
972 1711 1183 1760 saepissime
1214 1711 1251 1747 in
1284 1711 1415 1747 codice
1446 1712 1594 1748 Vindo-

168 1781 330 1817 boneusi
375 1781 429 1817 sic
470 1794 581 1818 casus
625 1782 674 1817 ad
712 1782 892 1829 proxima
934 1782 1263 1819 accommodatur.
1351 1782 1595 1830 Relinquitur

168 1851 393 1900 proprio,
435 1853 538 1900 quod
570 1852 651 1888 tolli
681 1852 929 1901 Kreyssigius
960 1853 1101 1897 voluit,
1146 1853 1213 1889 sed
1242 1859 1370 1889 tuetur
1401 1854 1593 1902 propri-

170 1934 240 1958 am
272 1922 360 1958 inde
404 1928 544 1961 ortum.
606 1922 757 1971 Opinor
797 1922 933 1960 fuisse:
977 1936 1061 1960 suo
1094 1924 1273 1971 quique
1314 1930 1355 1960 et
1385 1924 1591 1972 proprio

166 1992 380 2030 decreto,
441 1993 566 2029 Paulo
597 2000 685 2042 post
716 1995 750 2039 (ξ
786 1994 839 2041 4),
872 1995 935 2030 ubi
967 1994 1163 2031 scribitur:
1199 1994 1282 2030 sed
1313 1995 1593 2030 constantia

166 2062 457 2111 principum,
490 2064 769 2100 docentium
810 2092 904 2109 ...,
945 2072 1131 2112 quanta
1163 2075 1290 2101 esset
1322 2065 1394 2100 vis
1425 2071 1470 2100 et
1498 2064 1591 2101 for-

166 2139 281 2169 tuna
313 2133 510 2182 imperii
538 2134 761 2179 Romani,
803 2135 935 2170 victa
966 2136 1127 2172 cadem
1157 2136 1418 2173 multitudo
1451 2143 1514 2181 ct,
1546 2143 1591 2172 ut

165 2204 431 2240 tolleretur
461 2205 598 2253 regia
640 2205 875 2248 societas,
921 2206 1139 2243 decrevit
1177 2214 1221 2243 et
1260 2215 1346 2253 cet.,
1376 2220 1590 2256 pronomen

165 2275 329 2310 eadem
359 2275 495 2311 vitiose
523 2275 707 2319 abundat,
737 2289 853 2323 quum
879 2278 1092 2325 praesertim
1116 2291 1163 2314 ue
1182 2284 1485 2315 commemorata
1507 2278 1590 2326 qui—

165 2345 251 2380 dem
277 2351 392 2381 antea
411 2345 614 2381 multitudo
643 2346 702 2391 sit,
734 2348 801 2383 sed
827 2354 957 2396 partes
975 2349 1244 2385 tantummodo
1267 2349 1347 2385 eius
1369 2349 1590 2398 significatae

169 2415 300 2460 (aliis
336 2436 378 2441 —
415 2415 561 2463 aliis).
621 2417 892 2454 Scribendum:
924 2417 1060 2454 victa
1093 2419 1283 2458 tandem
1314 2420 1587 2456 multitudo.

165 2485 288 2534 Origo
321 2486 446 2522 mendi
481 2486 798 2537 (victandem)
839 2488 1046 2525 manifesta
1077 2496 1146 2528 est.
1221 2489 1334 2539 (Cap.
1368 2492 1431 2535 38,
1465 2493 1486 2526 6
1518 2504 1588 2538 pro

165 2568 189 2592 a
225 2562 369 2605 gente
400 2556 748 2593 Thessalorum
797 2559 836 2594 in
877 2559 963 2597 cod.
1005 2566 1078 2595 est:
1124 2573 1145 2596 a
1177 2561 1588 2609 gentessalorum,

163 2628 237 2663 hoc
270 2627 354 2675 ipso
388 2627 514 2675 capite
542 2630 560 2670 ξ
593 2629 614 2664 3
649 2636 874 2677 magnotu
907 2643 978 2678 pro
1009 2643 1181 2679 magno
1214 2632 1372 2676 motu.)
