1811 2925
261 144 333 175 Lib.
350 143 464 176 XLII.
932 142 1008 177 538

374 266 470 314 Cap.
506 267 579 307 50,
613 267 631 299 7
686 263 742 308 (in
790 262 1065 298 deliberatione
1100 263 1236 299 Persei
1280 275 1364 298 cum
1397 262 1474 298 suis
1505 263 1551 298 de
1581 262 1683 298 bello

264 336 457 381 Romano)
489 334 672 382 quoniam
703 333 757 369 sic
788 333 825 368 in
859 332 990 369 codice
1021 331 1219 368 scribitur:
1261 345 1400 368 unum
1433 344 1541 368 esse
1574 333 1681 368 Ma-

264 404 477 443 cedoniae
506 415 706 451 regnum
738 409 781 439 et
811 402 1013 450 regione
1044 401 1334 451 propincum
1359 407 1403 438 et
1428 402 1684 450 quodquia

264 476 331 513 sic
362 474 453 511 tibi
501 472 602 522 (edd.
633 472 811 522 sicubi)
853 485 891 521 p.
922 472 969 508 R.
1002 484 1088 508 sua
1118 472 1320 509 fortuna
1356 472 1513 517 labet,
1547 472 1683 508 anti-

265 558 381 595 quos
415 544 607 580 animos
641 543 839 591 regibus
885 542 984 578 suis
1015 541 1275 578 videbatur
1303 542 1405 590 (edd.
1437 542 1683 587 videatur)

263 629 409 667 posse
440 615 620 657 facere,
653 612 736 648 fieri
767 618 906 661 potest,
940 618 983 648 ut-
1011 612 1050 647 in
1086 612 1200 659 quia
1231 611 1351 648 lateat
1382 613 1572 649 ablativus
1595 625 1686 650 con-

264 687 382 724 trarie
411 685 555 722 relatus
601 683 651 719 ad
682 682 880 731 regione
928 684 989 731 (et
1020 682 1145 729 quod
1174 683 1346 731 opibus
1394 681 1557 718 similive
1597 694 1686 718 sen-

265 751 454 803 tentia).¹)
523 752 674 790 Certius
705 760 742 789 et
773 753 953 788 mendum
985 758 1042 787 est
1073 757 1109 787 et
1141 753 1327 789 correctio
1359 758 1531 788 extremo
1562 752 1687 800 capite

266 832 302 876 (ξ
340 826 424 874 tl):
467 826 726 862 Postremo
758 823 824 858 ita
855 822 985 858 bello
1018 828 1065 858 et
1109 835 1232 872 pace
1263 823 1433 870 quaeri,
1481 829 1532 858 ut
1561 823 1690 858 inter

267 909 428 936 omnes
466 893 757 938 conveniat,
803 905 890 929 nec
937 893 1134 941 turpius
1178 893 1436 941 quicquam
1467 904 1575 928 esse
1613 920 1624 932 .

267 981 349 1006 nec
379 964 677 1016 praeclarius
712 970 782 1000 cet.
843 964 936 1000 Non
967 975 1063 1011 pace
1096 971 1133 1000 et
1163 964 1264 1000 bello
1295 962 1423 999 nescio
1456 962 1547 1010 quid
1585 975 1688 1011 quae-

268 1041 437 1083 rebatur,
469 1037 535 1082 (—
568 1033 906 1071 XVeissenbornius
938 1033 1150 1070 desiderari
1180 1033 1393 1070 subiectum
1409 1034 1587 1079 sentiens⁷
1614 1045 1690 1069 res

269 1108 486 1147 addendum
521 1117 604 1141 esse
633 1104 850 1153 suspicatus
879 1111 960 1149 est,
991 1103 1096 1140 nulla
1126 1104 1334 1148 sententia,
1370 1103 1433 1152 —)
1465 1104 1533 1140 sed
1562 1110 1689 1139 utrum

269 1180 409 1217 bellum
443 1190 491 1214 an
524 1188 605 1224 pax
634 1174 876 1223 praeferenda
906 1181 1027 1219 esset,
1059 1175 1363 1218 deliberabatur3
1402 1174 1440 1210 in
1471 1187 1518 1211 ea
1547 1175 1690 1211 delibe-

268 1250 417 1288 ratione
450 1248 525 1283 ‹luo
558 1257 641 1281 esse
679 1251 785 1281 certa
817 1245 1012 1289 dicuntur3
1058 1246 1301 1282 scribendum
1332 1244 1448 1293 igitur
1486 1244 1567 1280 sine
1612 1243 1690 1280 ulla

269 1319 525 1357 dubitatione:
574 1316 831 1352 Postremo
863 1315 932 1351 ita
963 1315 1017 1354 de
1050 1315 1178 1351 bello
1211 1322 1254 1351 et
1287 1327 1403 1364 pace
1438 1315 1611 1362 quaeri,
1642 1322 1691 1350 ut

269 1397 342 1430 cet.

382 1458 477 1507 Cap.
511 1458 574 1502 51,
610 1469 651 1491 o:
680 1457 885 1492 Paeones
917 1461 963 1490 et
994 1468 1048 1490 ex
1072 1455 1289 1491 Parorea
1320 1457 1689 1505 etParstrymo-

264 1531 342 1567 nia
380 1559 416 1568 ,,
456 1535 500 1565 et
530 1527 778 1575 Agrianes
810 1526 956 1562 trium
1000 1525 1180 1561 milium
1212 1525 1362 1562 ferme
1405 1532 1448 1562 et
1476 1527 1573 1575 ipsi
1605 1539 1690 1563 ex-

265 1602 534 1651 pleverunt
581 1610 842 1634 numerum.
902 1596 1077 1632 Primum
1119 1596 1572 1644 Parast.ry1noniam
1605 1610 1690 1633 eam

266 1672 461 1720 regionem
494 1668 731 1717 appellatam
768 1667 925 1716 opinor;
971 1673 1049 1702 tum
1080 1666 1299 1703 necessario
1332 1667 1573 1704 scribendum
1613 1681 1689 1705 ex-

266 1742 549 1791 pleverant3
593 1751 717 1786 neque
762 1739 865 1774 enim
911 1737 976 1772 illo
1023 1737 1106 1785 ipso
1145 1743 1319 1785 tempore
1359 1749 1444 1774 eum
1489 1751 1687 1775 numerum

266 1812 537 1855 confecerunt,
585 1809 652 1845 sed
699 1816 788 1844 ante
836 1808 1051 1845 confectum
1086 1814 1165 1843 tum
1196 1808 1424 1844 habuerunt.
1502 1809 1690 1856 Alioquin

269 1883 490 1932 ponendum
520 1886 602 1917 erat
633 1880 920 1928 explebant,
954 1885 994 1914 ut
1024 1882 1041 1923 ξ
1074 1880 1110 1923 9,
1142 1891 1173 1916 c.
1209 1879 1272 1923 58,
1305 1881 1360 1923 10,
1390 1886 1431 1914 ut
1463 1880 1690 1924 XXXVII,

270 1956 345 1994 39,
398 1956 469 1996 10,
520 1951 784 1991 XXXVIII,
832 1951 904 1994 26,
946 1951 967 1984 4
1009 1954 1080 1985 etc.
1169 1948 1318 1984 Eadem
1357 1950 1542 1986 correctio
1586 1950 1690 1986 facta

268 2024 526 2067 XXXVIII,
559 2026 606 2067 ὕ,
644 2024 664 2058 3
708 2021 955 2070 (locarant
1000 2032 1071 2068 pro
1105 2019 1349 2063 locarunt)
1397 2025 1433 2054 et
1481 2019 1565 2054 aliis
1595 2019 1689 2054 locis

269 2108 398 2144 supra,
429 2093 683 2140 faciendaque
714 2092 786 2127 erit
819 2103 849 2127 c.
883 2093 954 2134 57,
987 2091 1022 2126 2.
1102 2090 1289 2125 Extremo
1322 2088 1447 2137 capite
1473 2090 1509 2132 (ξ
1547 2088 1609 2134 10)
1651 2088 1689 2123 in

269 2165 399 2201 codice
431 2164 628 2200 scribitur:
659 2162 767 2210 pari
804 2161 952 2197 ferme
983 2160 1197 2209 peditum
1228 2171 1426 2194 numero
1457 2158 1528 2194 ita
1558 2171 1687 2194 sum-

269 2248 351 2280 ma,
384 2241 420 2270 et
449 2240 576 2283 potest
610 2232 723 2269 ferri:
764 2232 841 2268 Ita
872 2244 1076 2275 summa,
1113 2238 1154 2266 ut
1186 2229 1318 2266 Livius
1349 2229 1558 2277 significet,
1590 2230 1689 2265 hanc

269 2317 457 2341 summam
490 2317 537 2339 ex
567 2302 832 2351 superioribus
874 2301 1042 2337 numeris
1084 2300 1203 2348 effici3
1244 2300 1334 2343 etsi,
1379 2305 1420 2335 ut
1449 2312 1547 2335 nunc
1581 2306 1690 2344 sunt,

297 2540 329 2583 ¹)
373 2542 474 2580 Quod
503 2542 521 2580 ἓ
550 2545 566 2571 5
594 2541 719 2581 legitur
745 2541 821 2571 sub
849 2540 1004 2570 multis
1033 2541 1217 2571 casibus
1249 2551 1361 2579 esse,
1398 2544 1589 2579 suspectum
1617 2547 1690 2568 esse

365 2613 432 2634 non
460 2602 596 2641 debuit&
629 2602 688 2633 cfr.
718 2605 779 2639 52,
811 2604 869 2632 12:
897 2602 1096 2632 omnibus
1131 2602 1209 2631 sub
1240 2601 1419 2631 casibus
1454 2600 1689 2630 maritimis

364 2664 470 2695 sore.
