1811 2925
305 150 379 182 Lib.
406 151 521 184 xxv.
925 155 1004 190 296

257 274 408 316 duntur,
439 273 486 309 de
517 285 592 320 quo
624 272 715 308 nihil
747 272 887 309 dictum
922 279 996 318 est,
1054 279 1202 311 tantum
1233 275 1286 311 sic
1316 283 1525 323 narratum,
1556 284 1598 314 ut
1630 278 1667 315 in

260 343 426 379 Lucanis
458 355 595 379 eaesum
628 342 850 379 Gracchum
882 350 1097 391 appareret.
1173 345 1315 382 Omnia
1360 352 1451 395 apta
1484 353 1520 384 et·
1565 355 1671 385 recta

259 419 379 457 erunt,
411 426 458 449 ex
490 426 611 462 pravo
643 426 664 465 q
698 417 913 461 (quaera)
953 415 1101 451 duabus
1132 414 1266 452 litteris
1298 414 1459 452 effectis:
1490 417 1599 454 Haee
1630 419 1670 457 si

258 496 373 519 vera
402 483 529 520 fama
558 489 640 529 est,
672 483 926 521 Gracchus
957 483 1002 519 in
1026 485 1236 521 Lucanis
1267 487 1322 522 ad
1351 499 1560 535 campos,
1591 488 1671 536 qui

261 553 465 590 Veteres
508 560 767 599 vocantur,
810 553 971 602 periit.
1046 553 1184 600 Sunt,
1229 556 1306 604 qui
1348 556 1396 592 in
1437 569 1555 605 agro
1586 558 1671 594 Be-

260 630 536 660 neventano
569 630 637 660 ete.
717 624 909 671 Quoniam
946 630 983 660 et
1019 625 1057 660 in
1098 625 1213 661 modo
1256 631 1292 661 et
1325 627 1527 663 occasione
1559 627 1672 664 eaedis

260 701 297 730 et
325 695 362 730 in
392 695 479 731 Ioco
510 694 747 739 variabatur,
788 695 921 731 Livius
952 708 1010 740 ea,
1055 707 1171 742 quam
1201 695 1283 744 ipse
1313 701 1464 732 secutus
1494 695 1553 741 sit,
1584 709 1672 732 nar-

259 765 407 800 ratione
450 765 576 801 locum
618 765 672 801 rei
710 772 827 814 gestae
870 765 1059 814 assignari
1098 765 1188 801 dicit
1228 765 1266 801 in
1297 765 1470 802 Lucania
1513 777 1672 814 campos

261 835 440 879 Veteres,
502 835 597 871 alios
647 842 684 871 et
732 836 856 872 locum
908 836 1023 872 alium
1072 842 1109 871 et·
1158 836 1273 872 aliam
1324 835 1435 871 caedis
1484 836 1672 874 rationem

260 906 423 941 tradere.

382 974 478 1023 Cap.
518 978 584 1020 19,
637 977 679 1012 13
726 976 796 1022 (de
846 976 897 1011 M.
943 974 1170 1025 Centenio):
1210 977 1338 1012 Data
1387 982 1496 1012 octo
1542 977 1675 1014 milia

262 1044 486 1089 militum,
547 1076 554 1083 .
576 1075 612 1086 ..
669 1053 714 1082 et
764 1047 866 1095 ipse
926 1045 1229 1093 aliquantum
1279 1045 1674 1083 voluntariorum

262 1114 439 1150 itinere
476 1116 519 1151 in
567 1117 701 1165 agris
742 1115 968 1153 concivit.
1042 1115 1293 1152 Scribendum
1327 1127 1408 1151 esse
1440 1116 1502 1167 (ut
1531 1117 1568 1153 in
1598 1130 1675 1154 uno

263 1191 299 1220 et
330 1185 449 1222 altero
481 1187 691 1223 recentiore
719 1187 849 1223 codice
881 1187 984 1234 apud
1015 1186 1137 1223 Drak.
1168 1186 1363 1229 scribitur)
1401 1187 1449 1222 in
1479 1187 1675 1233 itinere,

262 1262 363 1291 recte
394 1257 732 1293 Weissenbornius
762 1256 966 1300 intellexit,
1015 1269 1147 1292 verum
1185 1257 1230 1292 in
1260 1257 1438 1294 itinere
1468 1258 1512 1293 in
1545 1258 1675 1306 agris

263 1326 478 1363 concivit
520 1327 843 1375 inelegantissime
874 1326 1011 1362 dicitur
1053 1339 1122 1362 nec
1153 1327 1307 1362 omnino
1339 1327 1384 1363 in
1415 1329 1548 1376 agris
1578 1327 1675 1364 mili-

262 1403 317 1432 tes
349 1411 372 1433 a
401 1398 496 1433 duee
527 1398 699 1433 celeriter
740 1397 950 1434 transeunti
988 1397 1218 1433 concientur.
1286 1398 1446 1434 Rectum
1493 1398 1581 1434 erit:
1630 1398 1676 1433 in

262 1468 440 1505 itinere
485 1482 539 1506 ex
578 1468 709 1516 agris
756 1468 978 1504 concivit.
1036 1468 1192 1504 Excidit
1235 1480 1290 1503 ex
1319 1474 1407 1516 post
1441 1481 1474 1513 e,
1521 1474 1599 1504 tum
1631 1468 1677 1504 in

264 1538 447 1576 additum.
515 1539 663 1575 Eodem
705 1539 829 1587 capite
874 1542 892 1583 §
930 1542 975 1575 15
1008 1539 1074 1584 (de
1104 1550 1245 1587 pugna.
1287 1551 1363 1586 qua
1394 1538 1598 1575 Centenius
1628 1540 1677 1575 ab

264 1608 483 1645 Hannibale
520 1610 643 1645 victus
675 1622 758 1645 cum
795 1609 962 1645 exercitu
1001 1609 1160 1649 interiit)
1191 1608 1369 1644 scribitur
1398 1608 1435 1644 in
1467 1610 1517 1645 P:
1559 1610 1677 1658 Pug-

265 1685 424 1715 natum
472 1687 651 1722 tamen,
700 1687 751 1716 ut
796 1680 843 1716 in
889 1680 1024 1716 nulla
1054 1679 1158 1728 pari
1201 1692 1267 1721 re,
1311 1679 1429 1715 duas
1472 1679 1678 1728 amplius

264 1750 429 1795 horas,
464 1751 716 1787 concitata
748 1757 810 1795 et,
841 1751 994 1787 donee
1027 1751 1119 1786 dux
1150 1749 1678 1787 stetitssetRomanam

266 1821 427 1856 aciem.
478 1821 698 1857 Edebatur:
742 1821 996 1857 concitata
1036 1826 1099 1864 et,
1134 1820 1290 1856 donec
1318 1820 1411 1855 dux
1441 1820 1680 1865 stetisset,

266 1892 485 1927 Romana
518 1892 641 1935 acie,
666 1891 760 1927 vitio
785 1892 822 1927 in
839 1891 1028 1939 particula
1054 1898 1097 1927 et
1129 1891 1313 1938 verbique
1330 1890 1445 1925 modo
1465 1890 1680 1927 manifest-o.

267 1962 404 2009 Itaque
422 1961 760 1998 Weissenbornius
776 1962 923 2010 Sigonii
938 1960 1250 2007 Alschefskiique
1277 1959 1514 1996 coniecturas
1529 1966 1681 1996 secutus

269 2032 437 2080 scripsit:
490 2033 743 2069 concitata
789 2038 850 2075 et,
905 2032 1055 2068 donee
1113 2031 1205 2065 dux
1250 2030 1408 2072 stetit,
1455 2028 1679 2080 [invicta]

268 2104 483 2139 Romana
514 2103 628 2140 acie.
698 2102 774 2139 secl
804 2102 885 2150 ipse
916 2102 1119 2145 intellexit,
1166 2100 1319 2135 minime
1351 2107 1439 2148 apte
1472 2100 1681 2137 concita-

268 2178 361 2207 tam
393 2172 511 2209 fuisse
542 2174 759 2209 Romanam
794 2172 914 2208 aciem
947 2171 1036 2214 diei3
1085 2170 1231 2207 aceedit
1261 2170 1439 2206 indicium
1473 2170 1613 2206 codicis
1643 2170 1681 2205 in

270 2242 531 2279 stetitsset.
608 2243 830 2290 Requiritur
879 2247 1188 2288 monstraturque
1233 2240 1450 2276 huiusmodi
1498 2239 1683 2276 orationis

270 2312 413 2348 forma:
457 2319 785 2357 sustentante,
838 2313 986 2348 donec
1049 2312 1141 2346 dux
1173 2310 1330 2353 stetit,
1375 2321 1422 2344 se
1466 2310 1682 2345 Romana

271 2383 384 2418 acie.
447 2382 641 2432 (Ceterum
685 2383 884 2431 scrupulus
926 2382 965 2418 in
993 2381 1121 2418 animo
1153 2381 1270 2416 haeret
1303 2380 1348 2415 de
1385 2386 1433 2415 ut
1472 2378 1682 2427 particulam

270 2460 373 2489 reete
411 2453 620 2489 diceretur:
673 2460 723 2489 ut
765 2454 810 2489 in
841 2453 976 2489 nulla
1006 2452 1114 2501 pari
1155 2464 1228 2495 re,
1283 2463 1373 2487 non
1404 2448 1684 2485 infeliciter

272 2523 504 2567 similiterve,
547 2524 737 2572 particula
767 2524 964 2560 modulum
1001 2523 1056 2559 rei
1085 2520 1318 2558 aestimandae
1347 2518 1603 2568 significante;
1634 2518 1684 2554 ad

274 2593 390 2629 duas
422 2593 628 2641 amplius
660 2595 807 2630 horas
838 2594 969 2641 inepta
998 2594 1078 2629 haec
1108 2590 1333 2639 significatio
1361 2585 1493 2638 est.)¹)

275 2744 305 2786 1’)
344 2747 424 2787 Cap.
455 2750 507 2779 20,
539 2749 555 2776 5
599 2750 659 2785 (but
697 2750 821 2776 tanto
848 2742 1129 2782 discnmine)
1164 2751 1231 2772 non
1266 2741 1375 2772 solum
1411 2740 1596 2780 requiritur
1622 2740 1684 2772 in.
