1811 2925
792 167 863 204 185
1318 167 1391 198 Lib.
1419 167 1480 198 IX.

116 294 287 324 nostram
318 295 470 326 aetatem
508 289 650 326 editum
682 296 756 326 est:
796 290 980 326 Decius
1023 289 1215 339 collega
1253 291 1411 336 datur3
1444 291 1528 339 (cfr.

117 360 297 404 XXXV,
330 360 393 403 24,
432 363 472 397 5:
505 360 700 398 additur
737 361 778 398 ei
809 361 862 398 de
891 360 1031 410 plebe
1061 360 1252 409 collega
1281 362 1345 399 M!
1376 362 1529 400 Acili-

117 443 167 467 us
198 430 443 477 Glabrio).
515 431 592 469 Sed
633 432 699 468 vix
739 433 827 469 hinc
857 438 990 468 natum
1031 432 1182 469 Decio
1224 439 1334 470 esset.
1393 435 1530 483 Itaque

117 502 290 551 suspicor
320 503 472 540 Livium
504 504 557 541 sic
588 504 802 553 scripsisse:
832 502 987 540 Fabio
1025 525 1071 529 —
1104 504 1388 542 consulatus
1425 518 1529 542 con—

117 573 353 619 tinuatur,
387 575 537 611 Decio
568 575 760 624 collega
800 575 891 619 (hoc
921 581 990 620 est,
1020 574 1074 610 ita
1108 580 1149 611 ut
1180 575 1341 613 Decium
1372 578 1532 616 haberet

117 645 333 694 collegam).
392 646 453 682 Ea
492 647 680 683 brevitate
715 646 899 683 orationis
941 659 1017 682 non
1062 647 1333 684 animadversa
1362 648 1530 699 interpo-

116 716 235 761 lator,
273 730 389 765 quum
432 717 626 767 collega
667 717 944 755 nominativum
990 729 1121 754 casum
1160 724 1334 766 putaret,
1387 719 1532 756 addidit

117 788 270 824 datur.
385 789 533 825 Eodem
566 789 691 838 capite
721 787 739 840 ξ
772 791 808 834 8.,
839 789 903 826 ubi
934 792 1076 827 editur:
1107 791 1427 840 Tranquillas
1456 802 1531 827 res

116 859 207 896 iam
250 860 470 896 Etruscis
512 861 738 897 turbavit
782 863 1039 910 repentina
1076 862 1294 900 defectio
1333 863 1531 901 L'mbro-

117 944 235 976 rum,
266 931 418 967 dativus
448 931 540 968 ferri
569 938 722 980 posset,
763 933 795 969 si
826 934 959 971 Livius
1000 935 1185 971 Etruscos
1217 934 1466 971 seditionibus
1496 940 1531 970 et

117 1002 238 1038 turbis
281 1003 455 1039 excitatis
495 1003 561 1040 otii
601 1003 726 1040 fructu
767 1005 940 1053 privatos
982 1012 1223 1054 quereretur3
1270 1018 1370 1042 nunc
1415 1018 1530 1053 quum

116 1081 295 1122 pacatam
328 1087 351 1110 a
380 1074 502 1111 Decio
532 1082 684 1124 gentem
716 1076 765 1112 ad
795 1077 936 1114 bellum
966 1077 1153 1114 Romanis
1192 1076 1408 1114 faciendum
1439 1088 1532 1112 con-

118 1145 274 1181 citatam
304 1146 502 1194 significen
533 1161 609 1184 non
645 1148 790 1193 dubito,
832 1148 922 1197 quin
953 1148 1165 1197 scripserit:
1207 1147 1531 1196 Tranquillas

118 1228 192 1252 res
234 1217 325 1253 iam
370 1219 416 1258 in
448 1218 672 1255 Etruscis
717 1219 938 1256 turbavit
982 1218 1070 1255 def.
1116 1219 1189 1264 U„
1233 1219 1532 1268 praepositioque

116 1294 206 1336 post
225 1301 259 1328 m
281 1288 475 1333 exciderit,
504 1295 545 1324 ut
567 1289 685 1333 XXI,
718 1292 780 1337 43,
808 1292 853 1327 18
877 1292 1150 1339 (procedam
1174 1291 1339 1338 aciem)
1370 1290 1532 1334 XXIII,

120 1360 183 1403 29,
218 1362 235 1396 7
273 1361 341 1407 (eo
370 1373 441 1409 pro
469 1360 513 1396 in
545 1373 595 1397 eo
626 1368 715 1410 post
744 1361 985 1411 patriam),
1016 1363 1177 1409 XXVI,
1202 1365 1265 1409 22,
1288 1364 1309 1398 9
1331 1362 1392 1408 (in
1415 1361 1532 1410 Fun),

119 1431 300 1475 XXVIL
329 1435 364 1475 ὃ,
386 1436 406 1469 3
431 1439 466 1468 et
502 1435 562 1477 15,
600 1434 620 1468 3
651 1433 704 1478 (in
736 1433 902 1480 eodem),
932 1434 1139 1480 XXXIII,
1170 1437 1233 1480 31,
1266 1437 1287 1471 4
1328 1434 1533 1482 (legato-

118 1515 219 1539 rum
261 1503 495 1540 civitates
535 1517 606 1553 pro
644 1503 731 1552 leg.
772 1503 818 1539 in
859 1504 1134 1553 civitates),
1175 1505 1377 1548 XXXIV,
1416 1506 1474 1549 13,
1511 1507 1528 1540 7

121 1575 276 1622 (quum
309 1575 555 1623 Hispania
584 1588 655 1624 pro
689 1588 827 1623 quum
859 1576 904 1612 in
934 1576 1099 1624 Hisp.),
1167 1575 1262 1613 cfr..
1294 1589 1378 1625 quae
1408 1576 1532 1612 dicam

119 1645 170 1681 ad
199 1645 359 1691 XXIV,
392 1648 427 1691 7,
459 1648 496 1686 4.

233 1716 329 1766 Cap.
363 1720 425 1756 44.
459 1720 480 1753 4
523 1717 587 1761 (cle
618 1717 759 1753 biennii
789 1717 1009 1755 consulibus
1041 1731 1064 1754 a
1096 1719 1140 1755 L.
1173 1719 1318 1756 Pisone
1349 1717 1534 1763 omissis):

122 1789 415 1825 Memoriane
445 1788 630 1837 fugerit,
662 1789 706 1825 in
740 1789 997 1826 annalibus
1029 1790 1310 1839 digerendis
1341 1802 1397 1825 an
1429 1801 1533 1825 con-

121 1860 250 1897 sulto
283 1861 421 1897 binos
456 1861 678 1897 consules
703 1881 749 1886 -
780 1861 1155 1902 transcenderit,
1186 1861 1425 1898 incertum
1453 1866 1534 1896 est.

122 1932 260 1980 Neque
297 1931 527 1968 memoria
568 1934 739 1981 fugere
779 1931 1023 1980 (aliquem)
1072 1938 1175 1969 recte
1216 1932 1354 1969 dicitur
1395 1932 1453 1978 (ut
1488 1931 1536 1967 sit

121 2002 353 2043 deficere)
384 2015 521 2051 neque,
552 2003 655 2051 quod
688 2009 777 2052 post
807 2003 1168 2040 Drakenborchium
1199 2002 1535 2039 lVeissenbornius

122 2074 300 2123 praefert,
345 2075 572 2112 memoria
620 2074 809 2122 aliquid
854 2074 1023 2123 fugere
1070 2074 1123 2122 (in
1169 2086 1243 2122 qua
1295 2072 1536 2109 enarratione

121 2151 308 2194 praeterea
347 2145 490 2182 nullum
535 2153 590 2182 est
626 2146 733 2182 verbi
774 2143 1019 2194 subiectum).
1094 2144 1345 2182 scribendum
1388 2143 1538 2179 videtur

123 2216 422 2252 Memoriane
453 2216 685 2261 defuerit,
717 2230 762 2253 eo
795 2216 947 2264 quidem
979 2216 1115 2264 magis,
1148 2216 1251 2264 quod
1271 2215 1309 2252 in
1330 2214 1536 2258 codicibus,

124 2300 200 2323 uno
243 2294 277 2324 et
324 2287 444 2324 altero
474 2287 735 2324 recentissimo
767 2293 948 2336 excepto,
991 2293 1048 2323 est
1078 2287 1399 2329 memoriaene,
1434 2285 1537 2334 quod

125 2359 175 2395 ob
206 2357 416 2394 defuerit
448 2358 633 2407 (nondum
662 2359 786 2408 ipsum
820 2363 1061 2407 corruptum)
1094 2366 1218 2395 ortum
1250 2358 1371 2394 videri
1401 2364 1537 2406 potest.

126 2429 284 2477 Alioqui
316 2429 467 2478 placere
496 2437 647 2479 poterat
684 2426 976 2475 defecerit.¹)

151 2578 182 2621 1)
216 2580 261 2611 Et
303 2592 328 2610 c.
367 2583 421 2615 44,
470 2583 509 2610 14
552 2581 641 2620 quod
685 2579 863 2611 Creverius
902 2579 1116 2612 scribendum
1156 2578 1239 2609 vidit
1276 2579 1538 2617 (Bovianum

221 2643 332 2679 urbs)
374 2649 406 2673 et
432 2651 458 2673 c,
485 2645 545 2678 45,
585 2646 635 2677 12,
669 2643 759 2681 quod
791 2642 1092 2673 VVeissenbornius
1131 2640 1361 2682 (verteret,
1389 2646 1455 2671 est
1479 2649 1539 2681 pro

219 2705 460 2742 vertisset),
487 2709 667 2745 utrumque
691 2705 810 2745 ignaro
836 2705 919 2736 mihi
945 2705 1080 2735 illarum
1108 2704 1379 2735 coniecturarum
1395 2704 1428 2734 in
1448 2712 1540 2734 men·

221 2773 290 2799 tem
316 2774 463 2805 venerat,
491 2768 518 2799 si
545 2768 624 2808 quid
650 2768 677 2799 is
704 2777 888 2799 consensus
912 2767 990 2799 fidei
1016 2767 1140 2797 addere
1165 2771 1286 2807 potest.
