1811 2925
835 157 908 193 221
1329 155 1403 186 Lib.
1431 155 1527 187 XXI.

170 279 209 315 si
239 279 349 316 inde
379 291 582 324 cessero,
613 279 658 315 in
688 278 905 316 Africam
941 285 1010 315 cet.
1085 278 1160 316 Sed
1191 285 1318 315 tamen
1360 286 1479 316 restat
1509 280 1576 316 ali-

172 349 261 398 quid
293 350 540 387 dubitationis
570 358 618 395 et,
649 350 719 387 nisi
750 350 875 395 fallor,
908 350 1045 387 mendi.
1103 351 1207 387 Nam
1237 350 1302 386 illa
1326 351 1466 387 ctiam
1498 352 1576 388 Hi-

170 420 396 469 spanias?
439 434 514 457 non
544 427 647 457 recte
679 422 937 471 superioribus
969 422 1246 470 adiunguntur,
1283 429 1323 458 ut
1352 422 1439 458 inde
1469 423 1576 459 audi-

170 498 256 528 atur
285 491 475 534 adimis;
507 498 543 528 ct
572 504 632 528 res
663 492 761 529 enim
792 493 979 541 postulat,
1020 499 1062 529 ut
1091 493 1315 542 Hispaniae,
1362 493 1398 529 in
1439 494 1576 541 quibus

168 562 334 599 nondum
381 562 582 611 quisquam
613 565 875 600 Romanorum
916 565 1050 613 pedem
1080 571 1282 612 posuerat,
1325 578 1348 600 a
1380 564 1511 601 Sicilia
1541 571 1577 601 et

171 633 352 671 Sardinia
382 635 560 671 seiunctae
605 648 689 672 cum
721 634 858 672 Africa
897 635 1176 683 coniungantur
1206 643 1242 672 ct
1281 636 1328 672 ad
1360 636 1459 673 idem
1491 650 1576 673 ver-

169 705 257 741 bum
289 704 642 753 (transcendes)
670 706 896 751 referantur,
927 712 964 741 ct
993 705 1211 742 itaaLivio
1242 708 1454 744 orationem
1471 721 1574 745 com-

167 776 331 824 positam
348 776 780 826 fuisse.0ste11dit,quod
811 777 983 825 sequitur
1010 777 1055 813 de
1085 783 1248 825 utroque
1266 779 1430 824 consule,
1454 779 1574 816 altero

167 846 204 882 in
239 846 461 895 Hispanias,
493 849 613 885 altero
644 849 680 885 in
711 848 884 886 Africam
918 849 1045 893 misso,
1077 848 1148 884 hoc
1176 855 1244 893 est,
1275 850 1320 885 de
1352 856 1575 887 transcensu

168 918 243 954 iam
274 917 311 954 in
342 926 543 968 utramque
575 928 715 956 terram
747 919 862 955 facto.
930 919 1067 967 Itaque
1103 926 1268 956 retracta
1305 921 1575 969 praepositione

168 989 225 1031 in,
249 1002 332 1038 quae
364 997 404 1026 ut
438 991 529 1027 alibi
559 1003 659 1039 saepe
689 988 786 1039 (vid,
821 991 869 1026 ad
890 990 966 1034 IX,
988 993 1050 1034 41,
1070 992 1108 1036 8)
1140 991 1367 1039 praecedenti
1394 992 1522 1028 littera
1541 1006 1575 1032 m

168 1061 306 1097 hausta
336 1068 403 1106 est,
436 1061 549 1098 scribi
580 1062 710 1098 debet:
740 1061 901 1098 Etiam
933 1061 977 1097 in
1008 1061 1281 1109 Hispanias
1312 1069 1367 1107 et,
1398 1062 1436 1098 si
1467 1063 1575 1100 inde

168 1143 383 1175 cessero,
426 1133 471 1168 in
511 1132 731 1169 Africam
764 1131 1105 1168 transcendes?
1163 1133 1264 1169 Nam
1315 1133 1351 1169 in
1383 1134 1455 1170 hac
1487 1148 1573 1170 ora-

165 1202 278 1238 tionis
310 1203 456 1247 forma,
504 1203 684 1252 quoniam
716 1203 849 1239 mediae
881 1210 982 1239 certe
1013 1203 1207 1239 sententiae
1239 1204 1304 1240 illa
1338 1218 1408 1254 pro
1441 1206 1574 1242 condi-

164 1275 272 1311 cione
304 1274 509 1311 affirmatio
539 1276 629 1310 ficta
660 1275 773 1311 inseri
803 1287 878 1310 non
916 1285 1030 1322 posse
1059 1274 1231 1317 videtur,
1270 1276 1486 1313 necessario
1524 1277 1574 1313 si-

164 1345 241 1381 mul
255 1345 471 1382 addendum
488 1345 525 1382 si
543 1342 686 1395 put0.¹)
725 1346 875 1382 Deinde
893 1354 1018 1381 autem
1037 1344 1346 1394 interrogationis
1369 1347 1574 1383 correctio-

165 1428 249 1452 nem
281 1416 482 1452 indicantis
513 1416 639 1454 forma
671 1417 763 1453 scite
805 1415 1076 1452 animadversa
1116 1429 1140 1451 a
1178 1415 1379 1453 Gronovio
1421 1417 1573 1464 (tran-

165 1471 375 1523 scendes
406 1495 563 1524 autem
595 1487 742 1534 dico?)
775 1487 891 1523 habet
921 1493 1072 1529 tamen,
1122 1484 1158 1520 in
1191 1497 1266 1533 quo
1297 1486 1379 1523 iure
1409 1489 1573 1531 hae1·eas;

164 1571 253 1594 nam
283 1565 349 1594 aut
386 1559 704 1594 transcendes
739 1556 919 1594 autem?
965 1562 1030 1591 aut
1074 1558 1389 1594 transcendes
1437 1559 1574 1596 dico?

165 1629 364 1665 dicendum
410 1629 560 1665 videtur
589 1628 723 1674 suisse3
771 1628 835 1664 ubi
866 1634 1067 1675 utrumque
1097 1627 1351 1676 coniungatur
1397 1628 1571 1675 (autem

164 1700 328 1744 dico?)‚
359 1700 514 1741 frustra,
547 1700 702 1748 opinor„
735 1711 896 1747 quaeras,
962 1698 1094 1746 (Locis
1125 1698 1292 1747 quinque
1325 1699 1370 1735 de
1413 1707 1571 1737 autem

170 1772 223 1808 sic
252 1772 379 1821 posito
419 1772 467 1808 ab
505 1771 660 1807 Handio
692 1769 857 1806 Tursell.
902 1769 921 1805 Ι
951 1781 988 1817 p.
1025 1772 1101 1807 576
1134 1770 1308 1806 excitatis
1340 1783 1387 1806 ex
1418 1770 1572 1808 Cicero-

162 1842 218 1878 nis
248 1842 355 1891 epist.
387 1843 436 1879 ad
468 1842 587 1879 Attio.
630 1842 689 1885 V.
727 1844 786 1883 13,
819 1842 899 1885 VI,
932 1842 980 1886 2,
1012 1841 1116 1886 VII,
1151 1843 1196 1885 1,
1241 1849 1336 1877 orat.
1368 1855 1439 1890 pro
1471 1843 1569 1881 Rab.

160 1913 270 1950 Post.
307 1920 425 1962 repet.
460 1916 502 1957 5,
541 1916 607 1957 10,
638 1912 752 1949 Plinii
782 1913 928 1961 Paneg.
963 1925 992 1949 (¹.
1026 1913 1076 1949 28
1108 1912 1197 1948 addi
1226 1920 1387 1961 possunt
1417 1912 1571 1950 Cicero-

160 1983 218 2020 nis
258 1984 345 2028 duo,
377 1998 435 2034 ep,
468 1984 517 2020 ad
551 1984 663 2020 Fam.
702 1985 743 2028 1,
796 1986 838 2028 9,
895 1986 939 2020 10
974 1989 1010 2019 et
1039 1984 1075 2019 in
1110 1985 1244 2024 Pison.
1276 1985 1413 2032 fragm.
1448 1986 1468 2020 2
1522 1998 1570 2021 ex

158 2054 265 2091 initio
298 2055 499 2092 orationis:
538 2055 745 2103 ingenii;
794 2054 976 2103 ingenii
1008 2055 1189 2091 autem?
1234 2055 1326 2091 imo
1367 2055 1569 2104 ingenui

161 2125 368 2161 hominis
399 2139 451 2162 ac
481 2126 646 2171 liberi7
677 2133 714 2162 ct
742 2126 913 2162 nonnihil
943 2126 1123 2161 inflexum
1147 2125 1319 2162 Terentii
1349 2139 1397 2162 ex
1426 2127 1568 2176 Hecyr.

165 2199 195 2240 1,
217 2197 252 2241 2,
275 2198 340 2239 25,
374 2197 448 2243 ubi,
478 2203 685 2246 postquam
710 2197 874 2234 Philotis
897 2197 1011 2233 dixit:
1038 2210 1233 2233 uxorem
1260 2197 1448 2243 habere,
1470 2199 1568 2234 Par-

159 2279 268 2303 meno
313 2268 509 2316 corrigens
547 2268 716 2305 subiicit:
756 2268 936 2304 habere
968 2267 1149 2303 autem?
1180 2269 1252 2305 hoc
1282 2275 1358 2304 est:
1389 2269 1568 2305 habere

158 2337 324 2386 dicis?)
384 2341 515 2388 Auget.
547 2339 815 2388 suspicionem.
848 2338 949 2386 quod
980 2338 1016 2374 in
1048 2339 1243 2376 codicibus
1275 2341 1324 2386 (P
1355 2347 1391 2376 et¹
1412 2341 1564 2384 ceteris)

182 2563 208 2604 ¹)
251 2569 363 2600 Vidco
391 2580 489 2600 nunc.
517 2571 614 2601 etiam
642 2570 951 2609 Frendenbcrgium
990 2570 1023 2600 in
1047 2569 1166 2601 Jahnii
1203 2571 1373 2602 annalium
1400 2582 1564 2603 novorum

247 2631 313 2662 vol.
342 2631 458 2662 LXXI
485 2635 531 2668 (a.
563 2635 665 2673 1855)
691 2643 722 2674 p.
752 2635 816 2663 726
843 2631 884 2662 in
909 2632 1147 2672 Hispanias
1174 2632 1388 2664 scribendum
1415 2643 1489 2664 esse
1514 2634 1565 2664 in-

248 2693 429 2725 tellexisse.
