1811 2925
887 123 962 160 377
1408 121 1483 152 Lib.
1500 121 1634 155 xxxl.

222 258 299 283 res
344 246 449 282 ideo
503 244 813 287 instituisse,
881 252 928 282 ut
966 246 1138 295 legati,
1201 246 1399 289 tribuni,
1456 253 1635 284 centu-

221 318 409 358 riones,
455 316 639 352 milites
695 315 905 365 denique
961 317 1206 366 triumpho
1263 317 1520 362 adessent,
1586 327 1633 355 ut

224 389 382 425 virtus
412 400 569 424 rerum
601 394 848 435 gestarum
881 387 1009 433 eius,
1057 387 1130 424 cui
1176 394 1344 424 tantus
1373 387 1529 425 honos
1559 390 1634 426 ha-

221 461 428 504 beretun
459 458 654 507 publice
685 458 951 504 videretur,
982 458 1055 494 nisi
1085 458 1189 507 quod
1219 459 1392 495 nonnulli
1424 460 1634 498 habebant:

220 538 268 568 ut
297 531 505 567 virtutes
535 541 688 565 rerum
830 529 1030 577 publice
1060 529 1275 575 videret,
1305 530 1392 566 inde
1424 543 1447 567 a
1477 532 1635 580 Sigonio

221 602 422 639 edebatur:
476 606 523 637 ut
562 600 745 636 veritas
789 612 947 636 rerum
1115 599 1311 648 publice
1363 601 1633 640 videretur.

221 674 407 718 oratione,
437 679 478 709 ut
509 670 711 708 Creverius
750 677 852 707 recte
882 671 1086 716 iudicavit‚
1130 670 1286 707 minime
1315 671 1458 710 Latina
1488 675 1633 718 (veri-

221 751 297 780 tas
339 744 534 792 publice
579 742 810 785 videtur).
893 743 1040 780 Nostra
1082 747 1218 780 aetate.
1264 755 1381 790 quum
1426 744 1462 779 in
1499 745 1532 781 B
1576 759 1635 782 re-

220 822 370 864 pertum
410 820 525 850 esset:
575 820 625 849 ut
678 825 834 849 rerum
870 820 1118 862 gestarum
1172 813 1298 859 eius,
1339 826 1372 853 c.
1406 820 1431 850 t.
1462 815 1499 853 h.
1550 817 1634 853 ha-

221 887 436 929 bel-etun
489 898 525 933 p.
570 885 618 923 R,
658 883 876 920 videret.
922 884 1047 932 spatio
1089 896 1213 920 vacuo
1256 884 1355 921 inter
1397 891 1446 921 ut
1489 892 1526 922 et
1570 900 1634 923 re-

221 969 319 992 rum
348 955 503 992 relicto.
548 953 797 1003 Kreyssigius
840 967 1003 1002 eumque
1046 955 1165 990 secuti
1209 956 1325 992 ceteri
1374 956 1633 1005 scripserunt:

222 1034 268 1063 ut
298 1027 555 1063 veritatem
591 1037 746 1061 rerum
900 1025 1112 1073 populus
1146 1026 1193 1062 R.
1229 1026 1445 1072 videret,
1489 1028 1634 1066 lacunae

220 1097 485 1146 supplemento
517 1095 728 1144 Sigoniano
759 1102 920 1140 retento,
953 1108 1044 1132 casu
1075 1101 1223 1132 tantum
1257 1104 1418 1134 mutato.
1487 1100 1564 1137 Sed
1594 1109 1635 1138 ut

220 1168 406 1207 omittam,
436 1180 513 1203 non
542 1174 622 1203 tam
654 1166 784 1214 quaeri,
818 1179 968 1203 veraene
998 1167 1073 1203 sint
1101 1179 1163 1203 res
1193 1174 1322 1216 gestae,
1341 1181 1458 1216 quam
1481 1178 1633 1219 quantae

222 1242 292 1284 (et,
336 1251 479 1275 verane
523 1250 655 1275 earum
687 1237 824 1285 fama),
856 1237 1037 1273 Latinum
1068 1250 1144 1274 non
1178 1245 1235 1275 est
1265 1240 1633 1278 totumhocdicendi

218 1322 359 1358 genus,
389 1310 652 1346 veritatem
682 1308 750 1344 rei
782 1308 951 1344 videre
982 1321 1053 1357 pro
1086 1322 1159 1354 eo,
1203 1310 1304 1357 quod
1337 1318 1420 1346 est:
1461 1312 1632 1349 videre

218 1393 312 1417 rem
343 1393 503 1417 veram
553 1392 670 1416 esse.
749 1379 888 1427 Neque
928 1379 1027 1416 enim
1073 1392 1244 1428 unquam
1282 1381 1411 1418 Latini
1452 1382 1506 1419 sic
1546 1396 1632 1420 cum

219 1451 449 1496 affirmandi,
479 1451 647 1500 negandi
676 1450 960 1499 intelligendive
990 1450 1116 1486 verbis
1148 1451 1355 1496 abstractzn
1388 1466 1472 1501 quae
1502 1453 1632 1490 dicun-

216 1529 289 1568 tur,
320 1523 489 1567 nomina,
521 1522 644 1570 qualis
676 1534 838 1570 quaeque
867 1534 927 1557 res
959 1521 1017 1565 sit,
1049 1521 1260 1558 indicantia
1281 1522 1633 1572 coniungunnbar-

219 1594 391 1641 bar-aque
422 1600 509 1629 sunt
549 1599 586 1629 et
615 1592 808 1628 veteribus
850 1592 1047 1636 inauditam(
1093 1604 1177 1640 quae
1207 1592 1323 1629 etiam
1368 1607 1391 1630 a
1429 1594 1634 1644 philologis

219 1664 311 1712 poni
343 1663 464 1709 videor
497 1662 756 1699 affirmare
788 1663 1051 1699 veritatem
1084 1663 1298 1699 alicuius
1328 1665 1419 1709 seit
1456 1678 1632 1714 negare

218 1734 712 1770 verisimilitudinem
738 1734 805 1770 rei
845 1734 1079 1782 similiaque;
1132 1734 1262 1783 itaque
1292 1734 1535 1773 falsitatis
1564 1750 1633 1773 no-

218 1818 304 1842 rnen
335 1818 381 1842 ne
412 1807 627 1841 habuerunt
658 1805 810 1853 quidem
842 1805 970 1841 Latini
1002 1806 1073 1841 nisi
1105 1812 1279 1842 extrema
1309 1812 1419 1842 aetate
1434 1804 1478 1854 ¹).
1545 1807 1633 1844 Sine

219 1876 335 1913 dubio
368 1876 502 1913 Livius
533 1876 757 1924 scripserat:
808 1883 856 1912 ut
895 1880 1055 1916 testes
1080 1890 1188 1913 reru
1201 1890 1237 1913 m
1268 1885 1514 1926 gestarum
1560 1909 1567 1915 .
1588 1908 1624 1916 ..

218 1961 255 1996 p.
277 1949 322 1984 R.
354 1947 554 1984 videret.

330 2018 424 2067 Cap.
460 2020 534 2061 502
571 2020 613 2054 11
650 2017 774 2054 oratio
805 2017 859 2053 sic
892 2018 1197 2067 interpungenda
1229 2026 1304 2055 est:
1336 2020 1394 2056 Et
1433 2020 1486 2056 de
1517 2020 1633 2056 alte-

218 2102 268 2125 ro
311 2089 448 2126 aedile
486 2088 657 2125 scitum
699 2089 832 2137 plebi
876 2096 950 2125 est
979 2089 1178 2125 factum.
1245 2090 1350 2137 (Hoc
1380 2091 1557 2127 universe
1588 2091 1632 2128 ei.

220 2160 323 2208 quod
354 2160 400 2196 de
427 2160 555 2208 priore
586 2159 693 2195 aedile
727 2158 910 2195 traditum
942 2166 1010 2204 est,
1027 2160 1245 2209 respondet.
1308 2161 1478 2198 Additur
1498 2162 1633 2198 deinde

221 2230 440 2279 explicatio,
471 2231 538 2266 sed
567 2230 633 2275 ita,
665 2235 706 2266 ut
735 2229 847 2266 simul
865 2229 978 2278 plura
996 2231 1413 2279 comprehendanturz)
1439 2234 1634 2281 Rogan-

219 2301 349 2337 tibus
383 2302 598 2338 tribunis
628 2301 713 2349 pl„
745 2312 864 2348 quos
896 2301 1013 2337 duos
1182 2302 1433 2349 iuberent,
1475 2312 1522 2341 ut
1560 2333 1596 2344 ..

220 2372 266 2409 L.
313 2372 523 2408 Manlius
559 2372 803 2409 Acidinus
847 2372 1107 2409 decederet
1138 2373 1192 2409 de
1224 2374 1480 2422 provincia
1511 2376 1632 2412 mul-

220 2448 294 2479 tos
326 2450 439 2491 post
470 2456 632 2489 annos,
662 2443 830 2493 plebes
869 2471 906 2481 ..
944 2443 1206 2492 imperium
1242 2456 1346 2480 esse
1386 2476 1420 2483 ..
1459 2446 1614 2482 iussit.

246 2598 277 2643 ¹)
311 2602 580 2644 Intelligere
606 2603 907 2645 praestantiam
934 2604 994 2635 rei
1034 2611 1065 2635 et
1094 2604 1238 2636 similia.
1264 2605 1299 2635 in
1327 2605 1448 2643 quihus
1474 2605 1546 2637 laus
1571 2613 1632 2638 est.

318 2665 492 2695 dicuntur:
531 2665 614 2697 Sinn
641 2664 741 2696 dafiir
767 2665 892 2698 haben.
