1811 2925
860 131 937 167 433
1317 129 1391 161 Lib.
1418 129 1602 160 xxxvn.

196 261 289 289 tum
321 259 410 300 est,
449 260 492 289 et
532 252 811 289 nominatim
854 252 1152 301 Magnesiam
1198 253 1253 289 ad
1284 253 1503 303 Sipylum
1535 260 1602 291 eet.

196 323 241 360 ln
271 322 330 359 his
363 323 447 359 duae
478 331 566 360 sunt
594 324 719 360 mendi
761 323 996 372 suspiciones
1036 335 1258 371 pergraves,
1297 324 1419 360 altera
1446 324 1522 360 iam
1555 324 1603 360 ab

196 394 292 440 aliis,
327 394 447 431 altera
477 407 500 430 a
530 394 728 431 nullodum
767 401 886 431 mota.
962 394 1066 431 Nam
1107 393 1296 442 genitivus
1338 395 1400 431 ille
1444 394 1604 443 Lydiae

197 465 471 514 Ioniaequae,
516 466 581 514 qui
626 466 793 514 pendere
836 465 949 502 debet
989 477 1037 501 ex
1080 465 1235 501 notione
1274 465 1421 502 inclusa
1460 466 1497 501 in
1527 465 1604 501 his:

195 543 335 573 extra
365 549 417 572 ea
447 536 625 586 oppida
663 536 841 586 (Lydiae
870 536 1117 583 Ioniaeque
1160 536 1351 584 reliqua
1381 542 1520 572 extra
1553 548 1605 572 ea

196 607 338 656 opp.).
383 607 459 643 iam
503 607 702 644 Dukerum
744 614 781 644 et
826 606 1046 644 Creverium
1093 607 1280 645 advertit:
1326 607 1417 643 mihi
1452 606 1603 655 quidem

197 680 269 715 hoe
297 678 478 726 loquendi
513 691 633 727 genus
664 679 719 716 ita
748 679 898 715 videtur
928 678 1160 722 incredibile„
1198 686 1239 715 ut
1267 678 1602 727 transpositionem

194 750 336 786 factam
380 756 508 798 putem
547 750 883 798 seribendumque:
939 749 1101 798 Lydiae
1143 750 1388 798 Ioniaeque
1428 750 1606 798 oppida

194 828 332 857 extra
364 833 436 864 ea,
469 833 565 868 quae
605 827 674 857 eet.
753 819 904 857 Certius
940 827 1067 857 tamen
1111 821 1269 857 alterum
1313 821 1491 857 mendum
1523 833 1605 857 esse

195 892 309 928 eredo
340 892 377 927 in
408 891 500 928 illis:
532 891 753 940 Mysiam,
783 891 944 939 regias
988 891 1162 934 silvas,
1193 892 1231 927 in
1266 892 1402 939 quibus
1440 891 1602 940 primum

195 969 412 1011 suspectum
444 969 512 1002 est,
556 962 659 1010 quod
689 962 829 1011 Mysia,
880 962 984 998 nullo
1016 962 1146 998 addito
1176 963 1272 1006 finem!
1317 969 1398 998 tota
1440 963 1605 999 Eumeni

196 1034 327 1071 datur:
369 1045 459 1069 nam
490 1045 539 1068 ex
569 1032 690 1068 altero
724 1033 825 1069 Livii
864 1033 948 1069 loeo
981 1033 1027 1069 de
1058 1039 1171 1070 aucto
1202 1034 1386 1070 Eumenis
1418 1045 1536 1082 regno
1566 1033 1604 1069 in

195 1105 290 1141 libro
322 1103 569 1147 XXXVIII,
608 1104 656 1139 39
693 1110 730 1139 et
760 1117 807 1140 ex
838 1104 1011 1154 Polybii,
1056 1116 1168 1152 quem
1204 1104 1256 1140 ibi
1290 1104 1422 1140 Livius
1453 1111 1604 1142 secutus

194 1182 263 1215 est,
293 1175 390 1212 libro
420 1175 560 1216 XXII,
593 1175 657 1213 27.
686 1178 745 1217 10,
774 1189 1010 1224 quamquam
1032 1188 1109 1211 non
1142 1176 1276 1212 eodem
1298 1177 1414 1213 modo
1436 1177 1604 1213 scribunt

193 1247 291 1287 (ille:
345 1246 567 1295 Mysiam,
623 1259 759 1295 quam
810 1246 1013 1283 Prusias
1068 1259 1151 1283 rex
1206 1247 1475 1292 ademerat,
1522 1248 1602 1286 hie:

200 1311 399 1363 Μυσούς,
432 1310 509 1360 οὓς
531 1309 753 1369 πρότερον
775 1309 911 1361 αὐτὸς
933 1310 1313 1368 παρεσκευάσατο,
1330 1319 1376 1355 de
1400 1319 1604 1366 Eumene),

194 1397 322 1425 tamen
352 1388 510 1438 intelligi
540 1389 702 1429 videtur,
732 1397 879 1425 tantum
910 1396 1058 1438 partem
1080 1389 1247 1438 aliquam
1274 1389 1410 1438 Mysiae
1438 1389 1602 1426 Eumeni

198 1462 346 1499 datam:
377 1460 443 1496 sed
463 1460 536 1495 hoc
552 1459 654 1504 leve3
688 1473 735 1496 ne
762 1461 855 1497 illud
878 1461 1032 1509 quidem
1054 1461 1183 1509 magni
1203 1474 1271 1510 per
1292 1473 1332 1497 se
1366 1461 1548 1497 momenti
1570 1469 1606 1497 et

197 1539 326 1567 tamen
342 1531 593 1579 suspiciosum
611 1537 677 1576 est5
697 1532 799 1579 quod
816 1532 914 1568 inter
930 1539 1056 1569 cetera
1075 1532 1255 1580 copulata
1270 1532 1344 1568 hoc
1357 1523 1605 1575 α’συνδὲτως

197 1601 450 1650 interponitur
494 1605 558 1645 (et
587 1603 811 1651 Mysiam,
852 1603 1016 1651 regias
1047 1603 1204 1639 silvas
1235 1610 1278 1639 et
1308 1603 1471 1652 Lydiae
1501 1602 1603 1652 cet.).

198 1672 274 1709 Sed
305 1684 478 1720 quaenam
510 1680 596 1709 sunt
627 1674 690 1710 ille
719 1673 862 1721 regiae
903 1673 1056 1718 silvae,
1103 1686 1187 1722 quae
1226 1675 1306 1711 sine
1347 1674 1425 1710 ulla
1461 1673 1536 1710 loci
1569 1680 1604 1710 et

196 1743 362 1791 regionis
393 1742 666 1791 significatione
696 1744 794 1780 inter
832 1745 1117 1793 provinciarum
1155 1752 1420 1793 terrarumque
1449 1745 1606 1782 nomina

197 1813 485 1850 interficiuntur.
511 1820 697 1862 tanquam
722 1814 802 1852 haee
822 1816 907 1864 ipsa
928 1816 1059 1864 aliqua
1081 1828 1128 1852 ex
1149 1815 1195 1852 iis
1215 1815 1289 1852 sit?
1325 1815 1438 1863 Quod
1453 1816 1603 1852 illarum

197 1890 263 1920 aut
292 1883 413 1920 altero
444 1884 544 1920 Livii
566 1884 651 1921 loco
684 1892 751 1921 aut
780 1887 882 1935 apud
910 1887 1115 1936 Polybium
1145 1887 1347 1936 vestigium
1379 1887 1461 1923 est?
1492 1887 1604 1935 Quae-

196 1967 283 1990 nam
317 1954 355 1991 in
388 1955 487 1991 Asia
527 1955 579 1992 eis
620 1957 793 1994 Taurum
835 1957 1054 1994 huiusmodi
1096 1957 1202 1993 silvae
1244 1966 1603 2004 commemorantur,

196 2038 280 2074 quae
310 2022 518 2074 separatim
548 2027 646 2063 inter
674 2027 892 2076 provincias
914 2036 1098 2077 tanquam
1128 2029 1308 2065 notabilis
1337 2029 1446 2076 regni
1476 2042 1604 2066 acees-

195 2096 251 2132 sio
283 2096 366 2133 dari
395 2096 617 2146 potuerint?
668 2099 919 2148 Perspicuum
950 2112 1032 2136 esse
1063 2099 1240 2144 arbitron
1272 2101 1392 2136 errori
1422 2100 1605 2138 silvarum

196 2179 334 2203 nomen
365 2168 513 2212 deberi;
558 2170 623 2205 sed
657 2170 747 2218 quid
778 2171 911 2210 subsit,
950 2170 1103 2207 difficile
1133 2177 1190 2207 est
1220 2171 1403 2208 invenire.
1479 2172 1604 2209 Valde

194 2245 323 2274 tamen
352 2238 509 2275 inclinat
540 2239 701 2283 animus,
732 2246 772 2276 ut
792 2252 862 2288 pro
893 2240 1050 2276 siluas
1081 2241 1262 2290 scriptum
1285 2255 1309 2278 a
1329 2242 1441 2279 Livio
1473 2252 1603 2292 putem

196 2309 271 2355 (et)
302 2309 486 2358 Milyas
512 2309 738 2359 (Miluas),
770 2311 980 2347 incolarum
999 2312 1153 2348 nomine
1175 2325 1246 2361 pro
1278 2313 1435 2362 regione
1463 2314 1604 2362 posito.

196 2379 299 2416 Nam
330 2379 548 2430 Milyada
588 2389 625 2417 et
653 2382 735 2430 ipse
767 2381 898 2418 Livius
928 2382 965 2418 in
998 2382 1096 2420 libro
1129 2383 1365 2421 XXXVIII
1403 2397 1486 2421 cum
1518 2386 1604 2421 reli-

196 2451 293 2498 quis‚
325 2440 420 2499 quas
450 2452 510 2488 hic
546 2459 762 2497 enumerat,
806 2453 1026 2502 regionibus
1068 2454 1202 2490 eodem
1232 2455 1316 2491 loco
1348 2454 1456 2504 (ante
1486 2457 1603 2505 Lydi-

195 2526 277 2562 am)
308 2522 481 2559 nominat
512 2529 549 2558 et
577 2522 776 2572 Polybius,
834 2523 1011 2573 Regias
1042 2524 1132 2572 quid
1163 2525 1337 2569 occultet,
1367 2527 1507 2572 neseio,
1537 2527 1603 2563 sed

196 2591 316 2628 latere
345 2592 490 2641 aliquid
519 2593 684 2639 videtur,
716 2594 818 2641 quod
848 2594 1038 2644 pertineat
1067 2595 1118 2632 ad
1146 2596 1281 2645 Mysiae
1310 2605 1458 2645 partem
1489 2598 1603 2647 signi-

195 2662 387 2699 ficandam
432 2664 650 2713 (Mysiam
698 2665 883 2714 regiam
940 2671 982 2702 et
1036 2665 1273 2716 Milyas?).
1347 2668 1472 2705 Paulo
1517 2676 1603 2717 post

231 2741 371 2765 mnvmu
385 2742 508 2765 Eut-no.
523 2742 595 2766 Lm.
1296 2740 1337 2767 28
