1811 2925
250 160 328 194 Lib.
353 160 397 191 X.
881 159 951 194 194

205 292 241 322 et
271 295 431 321 omnes
463 281 806 323 Hernicorum3
845 285 1014 316 ceterum
1045 286 1147 316 recte
1182 278 1384 316 Cluverius
1438 278 1626 315 intellexit

205 356 257 393 ibi
287 354 531 392 scribendum
578 364 679 389 esse:
728 362 892 388 omnes
941 350 1144 387 Hernici
1191 349 1403 387 nominis
1453 349 1627 398 populi

205 428 419 464 Romano
463 424 642 461 bellum
671 422 970 459 indixerunt.
1035 421 1123 457 Hoc
1154 421 1331 469 quidem,
1373 421 1420 457 de
1461 433 1537 468 quo
1571 419 1627 455 di-

206 510 291 534 cere
325 496 455 545 eoepi,
484 495 570 530 1000
602 492 920 529 verisimillimum
938 492 1089 528 videtur
1124 492 1223 527 inter
1260 504 1365 527 omn
1377 503 1423 527 es
1453 497 1491 527 et
1521 503 1628 527 eon-

206 568 373 604 sidunt.
420 565 609 604 excidisse
649 562 821 611 copiae,
868 563 1071 597 aberrante
1110 562 1257 598 librarii
1296 561 1407 598 oculo
1454 574 1478 597 a
1523 561 1628 610 prio-

205 640 310 676 ribus
340 638 476 674 litteris
508 649 560 673 00
591 635 641 672 ad
672 634 825 671 alteras.
900 632 1004 669 Nam
1035 645 1102 669 cur
1133 634 1182 669 ob
1214 646 1331 669 unum
1353 633 1387 669 P
1418 639 1454 669 et
1486 632 1626 668 editio-

206 724 291 747 nem
316 711 556 753 Romanam,
587 707 625 742 in
657 705 795 754 quibus
827 710 884 740 est
914 703 982 739 ibi
1012 704 1067 739 ad
1098 702 1398 749 Samnitium,
1447 703 1562 752 plura
1590 703 1629 739 in

206 781 333 818 mendi
363 780 620 828 suspicionem
650 781 860 819 vocentur,
890 787 1009 811 causa
1039 774 1144 810 nulla
1187 787 1270 811 esse
1300 775 1464 810 videtur.

319 852 416 900 Cap.
450 852 525 893 33,
559 852 579 885 4
614 848 678 894 (de
706 845 895 884 Romanis
926 845 1134 889 militibus,
1178 846 1358 881 hortante
1389 845 1545 882 consule
1576 845 1632 882 M.

207 923 331 960 Atilio
364 922 512 971 regulo,
547 926 682 957 contra
716 916 924 961 Samnites,
958 916 1024 964 qui
1052 916 1090 952 in
1121 922 1250 952 castra
1272 916 1505 965 irruperant,
1535 928 1632 964 pug-

207 994 427 1043 nantibus):
459 992 694 1029 Clamore
724 988 920 1024 sublato
951 987 1149 1024 connixi
1179 988 1334 1036 primo
1365 987 1632 1030 resistunt3

208 1065 384 1101 deinde
414 1061 633 1099 inferunt
679 1060 848 1108 pedem
880 1066 1187 1107 urguentque
1227 1065 1269 1095 et
1299 1058 1536 1106 impulsos
1567 1070 1633 1094 se-

208 1135 300 1172 mel
330 1141 519 1170 terrore
551 1132 721 1169 eodem
753 1136 910 1179 agunt,
944 1142 1034 1178 quo
1060 1136 1343 1178 ooeperunt3
1377 1128 1635 1177 expellunt

210 1213 349 1243 extra
370 1210 564 1253 portam
595 1202 892 1250 vallumque.
939 1200 1122 1237 Postilla
1153 1200 1391 1248 impulsos
1423 1199 1569 1235 semel
1599 1204 1637 1235 et

209 1285 400 1314 terrore
428 1276 593 1312 eodem
606 1273 823 1309 necessario
842 1277 1089 1320 exspectatur
1104 1272 1158 1307 rei
1176 1271 1226 1307 ad
1250 1271 1395 1307 exitum
1409 1282 1485 1306 uno
1502 1277 1636 1306 tenore

209 1347 403 1396 perductae
434 1344 682 1393 significati03
714 1350 754 1378 at
783 1342 966 1390 sequitur,
990 1354 1065 1389 quo
1087 1341 1181 1377 nihil
1198 1348 1254 1377 est
1279 1342 1443 1386 inanius,
1470 1347 1635 1389 agunt3

211 1431 287 1466 quo
319 1414 504 1452 tandem?
546 1422 627 1451 tum
661 1415 823 1461 abrupte
855 1413 1025 1448 additur:
1072 1412 1326 1461 expellunt
1364 1418 1435 1448 cet.
1495 1410 1637 1448 Omnia

212 1495 317 1526 recta
347 1494 469 1531 erunt,
503 1486 548 1530 si,
570 1485 723 1522 sublato
755 1484 821 1520 illo
854 1490 1025 1532 agunt,
1072 1484 1354 1532 scripserimus:
1394 1482 1633 1531 impulsos

212 1560 358 1598 semel
388 1565 577 1595 terrore
609 1557 789 1600 eodem,
822 1568 913 1604 quo
945 1561 1235 1603 coeperant.
1267 1554 1524 1603 expellunt
1553 1566 1635 1589 ex-

213 1641 291 1669 tra
321 1636 509 1679 portam
543 1627 836 1674 vallumque.
906 1627 990 1662 Iam
1023 1632 1211 1674 apparet.
1251 1624 1407 1661 minime
1438 1623 1637 1660 abundare

212 1705 333 1741 verba
365 1714 454 1750 quo
489 1705 783 1747 coeperant.
825 1698 1029 1734 coniuncta
1064 1709 1148 1732 cum
1179 1696 1264 1732 finis
1296 1702 1332 1731 et-
1366 1695 1491 1731 exitus
1520 1692 1637 1742 signi-

214 1775 404 1812 ficatione.
492 1771 788 1819 (Coeperant
830 1781 900 1816 pro
942 1774 1212 1816 coeperunt
1254 1774 1356 1803 recte
1393 1766 1432 1801 in
1461 1764 1638 1805 Gaertn„

216 1848 398 1884 Haverc..
430 1842 514 1879 aliis
546 1840 813 1877 emendatione
845 1839 1047 1887 scriptum:
1080 1838 1146 1876 cfr.
1178 1850 1350 1886 prooem.
1382 1849 1421 1885 p.
1454 1831 1561 1881 3S.¹)

327 1915 424 1964 Cap.
457 1916 521 1950 36.
556 1915 574 1948 7
612 1910 774 1958 (Consul
802 1911 856 1946 M.
880 1909 1048 1955 Atilius)
1081 1908 1279 1945 obstitit
1308 1906 1507 1956 profuse
1536 1911 1639 1941 ten-

217 1987 444 2025 dentibus
476 1984 579 2020 suis
620 1983 666 2018 in
715 1987 892 2016 castra.
973 1980 1151 2016 Effusa
1182 1986 1331 2023 eunteS,
1360 1977 1550 2021 cedentes,
1580 1975 1640 2012 fu-

218 2060 376 2108 gientes,
407 2062 560 2093 ruentes
591 2053 695 2097 novi,
726 2053 763 2088 h.
800 2064 844 2097 e.,
877 2051 1049 2087 celeriter
1083 2057 1119 2086 et.
1149 2050 1229 2085 sine
1247 2049 1324 2085 ullo
1347 2048 1491 2093 ordine,
1525 2047 1641 2083 etiam

218 2130 343 2174 fuse3
373 2126 580 2176 profuse
610 2128 817 2160 ruentes
847 2134 924 2157 non
957 2122 1078 2169 magis
1107 2121 1186 2157 scio
1219 2120 1284 2168 qui
1301 2120 1387 2164 sint,
1420 2131 1535 2167 quam
1557 2130 1642 2166 quae

219 2200 348 2248 fuga
377 2197 613 2247 p1·ofusa;
644 2206 733 2229 nam
765 2193 998 2241 profusus
1030 2205 1182 2240 semper
1215 2191 1262 2227 ad
1296 2190 1446 2239 copiam
1464 2188 1641 2238 pertinet.

219 2273 359 2318 Itaque
409 2268 518 2304 aliter
557 2264 691 2301 Livius
744 2263 914 2311 scripsit;
959 2263 1096 2311 opinor
1142 2262 1259 2299 fuisse
1292 2262 1401 2298 oliui:
1447 2258 1643 2297 obst-itit

220 2352 370 2394 prope
401 2340 506 2378 tuse
537 2333 855 2372 tendentibus
898 2334 944 2369 in
975 2341 1149 2371 castra.

333 2410 430 2457 Cap.
468 2409 530 2443 38.
564 2407 585 2442 2
619 2418 704 2453 sqq.
764 2406 810 2442 In
840 2406 913 2441 hoc
946 2404 1031 2441 loco
1061 2404 1250 2452 primum.
1281 2410 1322 2439 ut
1353 2408 1480 2438 cetera
1509 2400 1644 2436 melius

250 2630 280 2672 ¹)
320 2632 371 2663 De
400 2636 454 2665 32,
482 2635 501 2661 4
534 2638 567 2661 ct
593 2632 647 2665 37,
675 2632 712 2659 15
741 2633 830 2659 recte
857 2628 921 2658 iam
961 2627 1001 2657 ab
1029 2627 1102 2657 aliis
1129 2625 1315 2656 iudicatum
1344 2630 1410 2661 est3
1447 2623 1502 2654 cfr.
1531 2630 1648 2654 tamen

320 2702 466 2734 prooem.
495 2703 524 2733 p.
557 2695 595 2722 16
623 2698 654 2721 et
679 2702 711 2731 p.
739 2694 795 2721 30.
