1811 2925
265 165 340 197 Lib.
366 164 498 197 XXVI.
902 165 979 200 316

233 301 317 325 nem
366 286 618 324 Tarentinum
668 290 705 321 et
746 285 797 321 D.
829 284 1048 332 Quinctium
1090 285 1346 333 Romanum):
1387 285 1479 322 Hic
1511 284 1644 333 (Nico)

234 357 517 407 Quinctium
547 355 687 392 simul
716 361 1009 404 pugnantem
1033 355 1406 404 hortantemque
1437 366 1552 391 suos
1581 354 1645 390 in·

233 435 427 466 cautum
457 429 601 464 hasta
630 425 906 474 transfigit3
956 424 1045 461 ille
1090 431 1233 473 atquc
1281 437 1494 474 praeceps
1545 436 1646 461 cum

233 499 378 536 armis
409 496 629 547 procidit
669 501 781 532 ante
820 507 1032 543 proram;
1080 495 1238 532 vietor
1273 496 1570 533 Tarentinus
1601 495 1645 531 in

231 570 480 606 turbatam
513 568 633 603 duce
664 566 843 602 amisso
864 578 1030 602 navem
1060 566 1270 615 impigre
1300 572 1646 615 transgressus

231 647 302 679 etc.
367 640 433 676 Ad
465 637 743 687 expediendum
774 635 875 672 istud
918 635 1004 672 ille
1045 642 1192 684 atque
1237 637 1441 674 adhibetur
1469 643 1579 674 vetus
1610 643 1647 673 et

230 711 402 760 poeticus
432 708 630 758 particulae
661 715 808 755 atque
837 718 948 751 usus,
998 719 1074 754 quo
1104 719 1176 755 pro
1216 708 1380 744 statim
1410 707 1502 757 poni
1535 714 1646 756 puta-

228 789 303 821 tur.
361 781 408 818 Id
438 780 492 816 sic
516 780 580 824 fit,
621 784 663 814 ut
704 777 879 814 celeritas
909 777 964 813 rei
995 777 1210 814 declaretur
1247 779 1387 827 copula
1416 779 1453 814 in
1485 779 1646 828 apodosi

229 853 378 902 posita,
422 856 585 897 utraque
616 848 767 884 actione
802 848 913 895 quasi
942 847 979 884 in
1010 860 1126 884 unam
1158 849 1341 893 conflata3
1387 861 1477 884 nam
1507 860 1577 897 per
1607 860 1646 883 se

229 930 375 971 atque
404 933 601 969 nunquam
632 932 702 968 pro
733 919 896 955 statim
939 919 1081 955 dictum
1127 926 1196 955 est.
1277 919 1416 967 Itaque
1447 925 1488 955 ut
1516 925 1648 967 posset

230 995 278 1032 ad
309 993 462 1031 Livium
494 1004 517 1028 a
546 990 688 1027 Plauto
723 996 760 1026 et
795 990 957 1038 Virgilio
987 991 1050 1027 ille
1080 1002 1171 1026 usus
1207 989 1430 1034 transferri,
1480 1001 1556 1025 non
1587 994 1646 1024 ta-

228 1077 315 1101 men
345 1062 557 1105 diceretur,
602 1060 925 1108 quemadmodum
955 1074 1068 1098 nemo
1102 1061 1139 1097 in
1168 1060 1235 1096 illa
1265 1060 1392 1096 forma
1421 1059 1529 1105 dixit,
1560 1058 1645 1095 ille

229 1140 391 1183 atque.
466 1131 574 1169 Nihil
604 1137 731 1167 tamen
764 1144 783 1167 e
813 1131 1023 1180 longinquo
1055 1131 1324 1168 arcessendum
1356 1129 1645 1167 emendationis,

228 1205 295 1242 sed
327 1201 545 1240 adhibenda
575 1202 837 1250 transpositio,
881 1209 922 1238 ut
951 1204 1035 1239 fiat:
1079 1208 1224 1250 atque
1256 1201 1341 1238 ille
1370 1212 1583 1250 praeceps
1614 1212 1645 1236 c.

227 1289 260 1312 11.
294 1274 507 1324 procidit
548 1277 658 1308 ante
697 1285 892 1320 proram
924 1279 995 1312 cet.
1056 1274 1223 1310 Prorsus
1261 1271 1440 1308 similium
1464 1278 1645 1319 transpo-

227 1345 406 1381 sitionum
449 1343 593 1393 (haud
640 1342 753 1390 quia
794 1356 864 1391 pro
897 1344 1011 1392 quia
1046 1344 1191 1389 haud,
1237 1343 1389 1380 solum
1437 1354 1528 1378 non
1575 1354 1646 1390 pro

226 1429 316 1452 non
347 1413 518 1463 solum)
561 1414 598 1450 in
630 1414 664 1450 P
695 1412 886 1450 factarum
918 1414 1095 1462 exempla
1126 1414 1262 1463 collegi
1293 1413 1341 1450 ad
1372 1413 1514 1457 XXII,
1550 1413 1586 1456 2,
1623 1415 1644 1449 6

226 1501 263 1536 p.
297 1487 387 1523 231.

339 1555 435 1604 Cap.
485 1557 559 1599 40,
610 1557 676 1591 17:
723 1553 969 1601 Quattuor
1015 1556 1148 1592 milia
1199 1555 1438 1592 hominum
1487 1561 1644 1598 erant,

230 1627 370 1664 mixti
401 1639 455 1663 ex
487 1625 612 1661 omni
645 1624 948 1671 colluvione,
999 1626 1215 1669 exsules,
1262 1625 1484 1669 obaerati,
1516 1624 1645 1673 capi-

228 1699 350 1735 talia
384 1697 489 1733 ausi
520 1696 765 1744 plerique,
808 1702 851 1731 ct
889 1709 1025 1744 quum
1057 1697 1102 1733 iu
1134 1697 1423 1734 civitatibus
1454 1695 1552 1731 suis
1593 1708 1645 1731 ac

229 1768 313 1804 sub
351 1767 541 1816 legibus
586 1767 834 1811 vixerant,
875 1774 918 1803 et
959 1775 1218 1815 postquam
1259 1778 1338 1803 eos
1383 1779 1438 1802 ex
1486 1765 1644 1802 variis

230 1838 390 1874 causis
420 1838 621 1874 fortuna
651 1836 826 1873 similis
861 1838 1255 1885 conglobaverat
1286 1837 1644 1885 Agathyrnam,

229 1921 312 1957 per
355 1907 619 1944 latrocinia
662 1919 714 1943 ac
755 1908 971 1956 rapinam
1015 1908 1292 1944 tolerantes
1322 1907 1484 1945 vitam.
1550 1907 1647 1942 Haec

230 1978 414 2015 orationis
444 1977 567 2014 forma
601 1978 801 2026 significat,
844 1979 915 2014 hos
948 1977 1120 2014 homines
1151 1984 1185 2013 ct
1217 1984 1309 2021 turn,
1350 1990 1466 2025 quum
1498 1977 1537 2013 in
1568 1978 1645 2013 suis

231 2049 450 2085 civitatibus
480 2049 550 2085 sub
581 2049 729 2097 legibus
761 2048 967 2093 vixissent,
1017 2055 1054 2084 et
1082 2054 1219 2097 postea
1248 2049 1489 2097 Agathyrnae
1511 2048 1643 2084 eodem

231 2132 389 2168 prorsus
422 2120 538 2155 modo
570 2119 687 2157 vitam
720 2119 917 2164 tolerasse,
950 2119 1053 2167 quod
1083 2117 1287 2155 manifesto
1318 2130 1541 2167 perversum
1577 2124 1646 2154 est..

233 2189 365 2225 Livius
410 2189 508 2225 enim
543 2190 623 2226 haec
667 2189 864 2238 distinguit
900 2189 966 2238 (—
1000 2202 1122 2237 eaque
1152 2189 1235 2225 sola
1265 2194 1321 2225 est
1351 2200 1470 2225 causa
1499 2188 1646 2236 superi-

232 2259 310 2295 oris
348 2260 545 2308 temporis,
577 2260 680 2308 quod
730 2260 768 2296 in
810 2260 888 2296 suis
932 2260 1149 2296 civitatibus
1195 2265 1364 2308 egerant,
1412 2270 1646 2295 commemo—

232 2330 342 2366 randi
373 2331 441 2378 —)
474 2337 521 2375 et,
577 2330 641 2378 qui
671 2330 708 2366 in
740 2330 817 2366 suis
849 2330 1066 2367 civitatibus
1098 2330 1207 2366 unius
1245 2335 1309 2365 aut
1341 2328 1497 2365 alterius
1528 2327 1646 2363 male-

232 2401 306 2437 ficii
337 2401 508 2437 damnati
537 2406 682 2445 essent,
727 2412 792 2436 eos
823 2401 1063 2449 Agathyrnae
1101 2413 1149 2437 ex
1178 2400 1282 2436 nulla
1313 2412 1353 2436 re
1383 2398 1455 2434 nisi
1488 2410 1537 2434 ex
1565 2409 1647 2434 sce-

231 2470 371 2507 leribus
403 2471 544 2507 victum
575 2471 755 2507 habuisse
786 2471 886 2508 dicit.
962 2472 1100 2519 Neque
1129 2482 1296 2520 praesens
1326 2467 1519 2518 participii
1550 2474 1647 2504 tem-

233 2553 306 2590 pus
337 2542 645 2589 (tolerant-es)
676 2548 779 2577 recte
810 2542 948 2578 dicitur
975 2541 1047 2577 nisi
1083 2542 1129 2577 de
1159 2554 1204 2577 eo
1235 2546 1350 2584 statu,
1378 2540 1417 2575 in
1449 2551 1525 2587 quo
1556 2544 1646 2574 tunc

232 2611 357 2660 ipsum
389 2618 508 2649 erant.
570 2611 710 2659 Itaque
741 2617 783 2647 et
813 2618 902 2661 post
930 2612 1157 2661 plerique
1187 2623 1235 2646 ex
1265 2622 1286 2649 e
1308 2615 1481 2645 extrema
1521 2614 1646 2644 ortum

234 2687 301 2725 est,
331 2687 372 2718 ut
403 2694 434 2719 c.
473 2683 533 2725 12,
571 2683 616 2718 18
649 2690 686 2718 et
717 2682 820 2724 alibi,
852 2682 1052 2730 oratioque
1081 2681 1135 2718 sic
1166 2681 1367 2717 decurrere
1407 2679 1536 2716 debet:
1578 2690 1649 2715 ca·
