1811 2925
808 148 882 183 317
1289 145 1362 176 Lib.
1382 144 1513 176 XXVI.

139 268 314 317 pitalia
355 269 458 305 ausi
500 268 742 317 plerique,
777 280 915 316 quum
947 267 989 303 in
1021 268 1312 304 civitatibus
1357 267 1455 303 suis
1503 280 1555 304 ae

138 340 222 376 sub
260 338 447 387 legibus
491 339 740 383 vixerant,
782 345 845 382 et,
875 344 1133 386 postquam
1166 351 1244 375 eos
1281 366 1319 378 ..
1358 338 1553 374 fortuna

137 408 313 446 similis
343 409 731 457 conglobaverat
772 409 1124 457 Agathyrnam,
1166 422 1250 458 per
1287 408 1553 444 latrocinia

241 479 386 516 vitam
437 479 721 515 tolerantes,
781 480 898 516 Recte
935 479 1033 515 inter
1064 491 1104 515 se
1133 479 1383 528 respondent:
1429 479 1552 518 ausi.

138 562 277 598 quum
316 578 353 588 ..
392 549 626 586 vixerant
659 556 713 586 et:
755 556 1009 598 postquam
1061 579 1096 587 ..
1143 550 1552 598 conglobaverat.

138 619 426 657 tolerantes.

248 689 344 738 Cap.
376 691 440 735 41,
480 693 522 726 17
557 690 612 733 (ἰη
644 690 818 727 oratione
849 689 1038 738 Scipionis
1069 690 1172 739 apud
1202 690 1339 726 milites
1368 690 1552 738 Hispani-

136 758 283 807 enses):
315 759 437 806 Quid
468 760 618 809 igitur
648 761 801 797 minus
832 760 1115 805 conveniat,
1154 761 1357 805 milites,
1390 772 1550 808 quam.

137 841 281 877 quum
323 830 431 866 aliae
476 842 619 878 super
664 830 789 867 alias
832 831 998 867 clades
1032 831 1393 868 cumularentur
1425 843 1477 866 ac
1507 830 1551 866 di

137 911 286 948 prope
332 900 426 949 ipsi
469 912 570 936 cnm
625 901 904 937 Hannibale
965 907 1170 945 starent,
1225 914 1310 937 vos
1360 900 1433 937 hic
1479 931 1486 938 .
1535 930 1541 937 .

136 970 431 1006 sustinuisse
490 970 738 1007 labantem
801 970 1046 1007 fortunam
1108 971 1274 1019 populi
1330 970 1551 1007 Romani.

136 1052 256 1077 nunc
300 1041 515 1085 eosdem,
565 1041 678 1088 quia
721 1041 826 1077 illic
876 1041 1032 1077 omnia
1080 1041 1292 1077 secunda
1344 1040 1551 1088 laetaque

135 1117 263 1155 sunt,
285 1110 458 1146 animis
489 1110 731 1148 deficere?
757 1112 896 1160 Inepta
916 1117 973 1147 est
1002 1111 1039 1146 in
1072 1111 1130 1147 his
1149 1111 1330 1148 extremis
1360 1109 1548 1158 particula

135 1181 300 1218 causalis
331 1180 496 1229 (quia);
534 1193 657 1229 neque
688 1182 787 1218 enim
820 1181 1024 1230 quisquam
1055 1181 1142 1217 ideo
1173 1182 1375 1217 deficiebat
1405 1170 1548 1223 animo,

135 1251 239 1300 quod
268 1263 328 1287 res
358 1250 396 1286 in
429 1251 551 1287 Italiae
581 1252 675 1288 laetae
707 1258 852 1296 essent3
895 1251 1056 1287 miratur
1098 1251 1241 1301 Scipio,
1281 1262 1392 1294 nunc,
1432 1263 1546 1298 quum

134 1321 228 1358 laetae
258 1321 333 1358 illic
362 1333 422 1358 res
453 1322 538 1367 sint,
569 1322 731 1359 deficere
761 1322 910 1366 animis,
943 1322 1007 1370 qui
1036 1322 1280 1370 gravioribus
1311 1321 1547 1370 temporibus

133 1403 209 1428 non
241 1391 460 1430 defecerint.
525 1393 663 1440 Itaque
693 1405 741 1429 ex
770 1405 893 1429 nunc
932 1422 969 1430 ..
1009 1392 1122 1440 quia
1157 1391 1374 1429 necessario
1405 1390 1547 1427 facien-

135 1462 246 1499 dum:
276 1474 401 1499 nune
543 1462 1074 1511 011111ian2(cflia)illic
1106 1469 1175 1499 cet.

246 1531 343 1582 Cap.
391 1536 454 1577 47,
503 1536 521 1569 7
571 1533 634 1581 (de
679 1533 811 1582 praeda
856 1532 1101 1582 Carthaginis
1146 1534 1314 1579 NovzeJ:
1365 1539 1550 1582 paterae

135 1615 291 1640 aureae
321 1602 525 1640 fuerunt
544 1602 861 1647 CCLXXVI,
894 1603 1049 1640 libras
1070 1603 1171 1640 fere
1194 1614 1360 1639 omnes
1379 1603 1549 1651 pondo.

135 1673 198 1710 Sic
228 1673 391 1718 codices,
421 1679 458 1709 et
488 1673 542 1710 sie
572 1673 695 1710 editur
725 1673 811 1709 inde
842 1686 865 1709 a
895 1673 1110 1720 Gronovio,
1140 1681 1248 1710 tanta
1279 1674 1431 1722 quidem
1463 1686 1546 1710 cuin

134 1744 286 1789 fiducia,
316 1751 357 1780 ut
387 1744 436 1780 ad
468 1744 649 1789 XXVII,
680 1746 718 1788 4,
749 1745 784 1786 9,
815 1744 879 1779 ubi
910 1743 1048 1793 legitur
1091 1752 1229 1781 terna
1271 1744 1428 1793 pondo
1472 1758 1547 1793 pa-

134 1822 243 1851 terae
293 1827 468 1859 aureae,
518 1814 685 1850 adscribi
729 1814 881 1850 videam
900 1842 909 1860 ,
968 1815 1144 1851 usitatius
1198 1814 1367 1852 futurum
1412 1814 1547 1851 fuisse:

133 1890 296 1921 ternas
330 1884 485 1921 libras
515 1885 676 1933 pondo
721 1891 798 1930 aut,
839 1885 992 1921 libras
1037 1884 1199 1929 omisso,
1242 1891 1405 1921 ternas
1436 1898 1546 1933 pon-

132 1954 200 1991 do.
266 1954 456 2003 Equidem
490 1968 684 2004 nunquam
704 1955 914 2004 intelligere
945 1955 1063 2003 potui,
1096 1955 1179 2003 quis
1211 1961 1311 1991 esset
1344 1955 1404 1991 hie
1435 1968 1546 1992 aceu-

131 2025 245 2062 sativi
294 2024 423 2074 (quem
479 2038 667 2062 mensurae
716 2026 926 2062 Muellerus
976 2025 1025 2061 ad
1063 2025 1167 2063 Fest.
1218 2037 1255 2073 p.
1305 2026 1355 2062 98
1414 2026 1545 2075 appel-

133 2094 201 2142 lat)
247 2106 337 2130 usus
380 2102 445 2131 aut
487 2108 602 2144 quam
647 2096 807 2132 haberet
847 2095 1079 2143 analogiam.
1165 2095 1269 2132 Nam
1310 2108 1394 2144 quae
1433 2096 1545 2132 video

131 2164 361 2213 comparari,
401 2165 444 2201 id
475 2177 643 2213 genus,
684 2165 730 2202 id
761 2165 934 2210 aetatiS,
966 2178 1012 2201 ea
1041 2165 1103 2200 vel
1133 2165 1303 2202 additum
1333 2178 1543 2215 pronomen

131 2241 298 2284 separat,
329 2234 452 2282 magis
485 2242 610 2271 autem
641 2235 870 2271 substantivi
900 2234 1024 2278 noti0;
1068 2235 1190 2272 simile
1229 2237 1328 2273 enim
1371 2243 1482 2281 esset,
1513 2237 1543 2272 si

131 2305 320 2342 diceretur
349 2311 527 2353 patera
556 2305 601 2341 id
632 2305 808 2354 pond03
838 2317 937 2341 nune
967 2313 1140 2353 patera
1176 2306 1354 2343 libram
1383 2306 1542 2355 pondo

129 2375 183 2412 sic
213 2375 350 2411 dicitur
391 2387 436 2410 ae
478 2375 510 2411 si
539 2375 661 2411 dicas:
692 2375 829 2411 homo
875 2387 1044 2411 annum
1076 2383 1234 2418 aetate,
1278 2376 1381 2424 quod
1412 2388 1543 2412 omnes

130 2445 296 2482 sentiunt
334 2443 535 2481 ridiculum
563 2456 657 2481 esse.
735 2443 925 2481 Gronovii
955 2452 1081 2482 autem
1116 2445 1433 2494 explicationem,
1479 2446 1542 2494 qui

130 2515 302 2551 adhibita
332 2514 454 2563 ellipsi
479 2514 592 2559 ultra,
635 2527 750 2562 quam
782 2515 856 2551 dici
887 2521 1024 2563 potest,
1055 2516 1232 2560 mirabili,
1263 2522 1434 2552 enarrat:
1465 2529 1540 2564 pa-

129 2592 242 2622 terae
270 2585 506 2621 habentes
537 2584 727 2633 pondus
758 2584 911 2621 libras
941 2586 1109 2633 pondo,
1145 2586 1405 2623 condonemus
1426 2586 1539 2629 aetati,

130 2667 208 2704 qua
236 2654 296 2691 vir
327 2654 502 2703 egregius
533 2654 640 2691 vixit.
699 2654 891 2704 Exempla
922 2655 970 2692 ad
1001 2656 1099 2693 hanc
1118 2655 1361 2692 insolentiam
1383 2656 1540 2704 loquen-

128 2725 166 2761 di
197 2725 497 2762 confirmandam
545 2730 684 2772 praeter
728 2725 801 2761 hoc
845 2737 960 2761 unum
1020 2725 1117 2762 Livii
1157 2725 1233 2761 duo
1278 2725 1538 2774 proferuntur,
