1811 2925
782 156 854 192 179
1305 155 1382 187 Lib.
1415 155 1478 187 IX.

221 275 315 326 Cap.
354 280 412 314 19.
472 277 636 315 Duobus
666 278 704 315 in
734 280 807 316 hoc
838 279 963 328 capite
994 279 1264 316 additamentis
1310 286 1425 316 aucta
1468 286 1526 317 est

107 349 210 386 Livii
242 349 386 395 oratio,
432 362 594 398 quorum
637 350 799 387 alterum
837 351 875 387 in
911 354 928 396 ξ
966 354 985 387 4
1019 350 1296 399 (Samnites)
1328 351 1404 388 iam
1435 358 1525 400 post

108 422 309 458 Dobreum
343 434 366 457 a
396 421 711 458 Weissenbornio
756 422 811 458 ita
843 422 956 458 video
989 421 1218 466 convictum,
1261 430 1303 459 ut-
1332 423 1425 459 nihil
1455 423 1523 460 ad-

109 493 274 530 dendum
306 493 543 538 existimem,
574 493 645 529 nisi
677 493 780 541 quod
809 493 882 537 illi,
923 505 1000 529 non
1029 500 1244 541 perspecto,
1279 493 1369 542 quid
1400 494 1524 531 codex

109 567 338 614 archetypus
382 565 420 600 in
462 566 535 601 hoc
580 577 718 613 genere
759 577 897 613 passus
943 572 1061 609 esset,
1103 565 1373 612 quaesiverunt,
1419 566 1523 615 quod

107 636 378 673 substituerent
410 636 562 672 sublato
592 636 797 672 vocabulo.
864 636 1042 673 Alterum
1075 649 1211 681 nem0,
1256 637 1359 685 quod
1389 638 1522 684 sciam,

107 707 323 756 suspicione
363 706 508 755 attigit,
549 706 619 743 etsi
656 719 733 742 non
765 707 889 743 minus
920 706 1163 743 manifestum
1196 714 1263 746 cst.
1321 708 1424 745 Nam
1457 709 1523 746 ubi

107 779 262 819 Livius,
301 792 322 815 a
362 777 597 826 digressione
637 778 683 814 de
714 777 944 814 Alexandro
976 777 1121 826 Magno
1153 790 1193 815 se
1223 792 1422 826 revocans,
1465 780 1521 817 in-

105 850 208 887 victa
248 851 511 887 Romanorum
557 862 666 885 arma
711 848 879 894 extollit,
930 849 1010 885 haec
1055 849 1199 897 scripta
1245 858 1331 887 sunt
1363 850 1398 900 (ς’
1437 852 1521 899 15):

107 921 252 959 Absit
294 921 484 957 invidia
524 921 671 956 verbo
709 926 752 955 et
783 919 956 956 civilia
998 919 1130 955 bella
1160 920 1360 965 sileant3
1400 935 1521 959 nun-

108 1006 243 1042 quam
283 993 338 1029 ab
389 992 549 1040 equite
583 991 740 1035 hoste,
800 1003 1039 1038 nunquam
1091 1003 1114 1026 a
1162 992 1342 1039 pedite,
1405 1006 1521 1029 nun-

106 1077 241 1112 quam
287 1069 460 1112 aperta
505 1062 627 1109 acie,
681 1075 922 1110 nunquam
968 1062 1137 1110 aequis,
1186 1063 1353 1111 utique
1401 1077 1520 1101 nun-

105 1148 247 1184 quam
287 1134 469 1171 nostris
505 1134 629 1170 locis
668 1133 1023 1170 laboravimus.
1084 1133 1125 1172 Si
1157 1148 1281 1183 neque
1312 1137 1360 1172 ab
1392 1136 1520 1184 equite

103 1220 228 1255 neque
273 1220 295 1243 a
331 1206 458 1255 pedite
494 1207 604 1242 hoste
633 1204 802 1242 Romani
833 1217 1003 1253 unquam
1039 1205 1286 1252 laborarunt,
1321 1219 1517 1255 nunquam

105 1279 258 1315 omnino
291 1277 460 1315 terrestri
482 1277 582 1314 bello
606 1277 842 1313 laborarunt,
901 1276 1037 1312 Mirari
1060 1283 1190 1313 tamen
1219 1277 1357 1326 aliquis
1384 1279 1521 1328 possit,

102 1354 182 1386 tam
200 1356 389 1386 recentem
408 1348 537 1385 Crassi
560 1349 678 1385 cladis
697 1348 734 1384 in
751 1348 908 1385 Parthis
925 1348 1150 1384 memoriam
1170 1348 1280 1385 Livio
1295 1362 1371 1385 non
1385 1362 1518 1387 occur-

102 1420 211 1468 risse,
247 1434 363 1469 quam
392 1420 430 1456 in
451 1421 603 1457 Horatii
636 1420 764 1456 animo
795 1426 874 1456 tam
898 1419 1055 1454 infixam
1074 1418 1284 1455 videamus.
1344 1422 1401 1456 At
1429 1421 1518 1457 vide

101 1492 215 1537 mihi,
266 1493 358 1541 quid
398 1491 530 1528 Livius
570 1492 770 1528 subiiciat:
816 1491 1049 1543 Equitem.
1087 1490 1312 1540 sagittas,
1360 1492 1518 1529 saltus

100 1562 381 1612 impeditos,
427 1563 535 1598 avia
582 1563 934 1599 commeatibus
991 1560 1101 1597 loca
1155 1562 1321 1609 gravis
1372 1563 1519 1600 armis

101 1634 240 1670 miles
281 1634 453 1670 timere
493 1640 666 1683 potest.
741 1634 855 1682 Ipsos
885 1640 1058 1669 tenemus
1090 1633 1271 1678 Parthos,
1309 1634 1375 1671 sed
1406 1635 1520 1671 simul

103 1704 257 1740 Livium
301 1705 338 1741 in
380 1705 606 1742 brevissimo
651 1706 857 1741 verborum
906 1704 1075 1749 ambitu,
1127 1704 1165 1740 in
1211 1705 1520 1743 elaboratissima

102 1776 299 1820 oratione,
344 1777 382 1812 in
414 1776 614 1813 contrariis
644 1776 743 1813 inter
771 1789 812 1813 se
843 1776 893 1812 ad
922 1775 1075 1811 lectoris
1107 1775 1274 1812 animum
1304 1776 1519 1814 feriendum

103 1846 389 1895 diligentissime
419 1848 640 1896 compositis
673 1852 744 1892 (-—-
772 1861 862 1884 nam
895 1847 1056 1883 saltus
1087 1847 1307 1896 impediti
1340 1854 1374 1884 et
1409 1848 1520 1885 avia

101 1917 209 1955 loca
227 1919 459 1967 respondent
481 1926 659 1968 apertae
690 1919 816 1956 aciei
847 1924 883 1954 et
909 1918 1031 1955 locis
1054 1919 1213 1967 aequis,
1244 1919 1516 1967 nostris,—)

102 1995 236 2037 aperte
267 1996 303 2025 et
332 1989 490 2026 ridicule
520 2003 648 2027 secum
679 1996 928 2040 pugnantem,
965 1996 1005 2026 ut
1036 1990 1131 2026 nihil
1161 2002 1257 2038 opus
1289 1990 1335 2026 sit
1364 1990 1518 2038 addere,

105 2058 256 2095 Livium
302 2072 413 2096 omne
455 2062 719 2098 Romanorum
763 2061 883 2097 robur
925 2060 964 2097 in
1007 2061 1135 2110 pedite
1176 2061 1330 2109 (gravi
1372 2062 1518 2098 armis

104 2130 275 2175 milite)
306 2132 537 2169 constituere
575 2146 738 2182 eumque
776 2145 863 2169 cum
898 2132 1159 2169 Macedonum
1191 2131 1385 2181 phalange
1414 2146 1519 2170 eom-

102 2214 257 2250 parare,
286 2202 446 2239 statario
476 2203 567 2239 item
601 2203 719 2240 milite
750 2204 784 2250 (ξ
817 2202 870 2252 S).
935 2202 1074 2250 Itaque
1106 2202 1238 2238 Livius
1268 2204 1349 2240 haec
1370 2211 1519 2243 tantum

105 2271 271 2308 scribere
314 2274 456 2322 potuit:
500 2296 549 2300 ——
585 2274 786 2319 sileant;
830 2285 1073 2321 nunquam
1114 2286 1137 2309 a
1175 2274 1356 2323 pedite,
1398 2290 1518 2313 nun-

106 2354 243 2390 quam
271 2350 445 2392 aperta
475 2345 596 2390 acie,
628 2367 678 2371 -
713 2344 1068 2389 laboravimus3
1113 2345 1334 2393 equitem,
1365 2348 1519 2397 sagit-

105 2421 178 2450 tas
211 2421 280 2452 cet.
342 2415 493 2464 Equitis
530 2415 672 2452 mentio
715 2416 844 2465 priore
885 2415 972 2452 loco
1003 2416 1162 2452 accessit
1193 2417 1242 2453 ab
1274 2417 1416 2467 aliquo,
1459 2420 1521 2457 cui

105 2497 242 2533 parum
288 2486 411 2523 visum
457 2492 513 2523 est
552 2487 751 2524 Romanos
790 2487 912 2524 altero
958 2486 1087 2536 (longe
1134 2487 1292 2537 potiori)
1330 2491 1519 2528 exercitus

102 2567 245 2604 genere
274 2556 436 2594 invictos
467 2557 552 2595 dici.
611 2558 772 2599 (Parum
787 2557 990 2608 probabile
1020 2563 1088 2603 est,
1119 2558 1271 2595 Livium
1301 2560 1520 2609 scripsisse:

106 2626 359 2675 Nunquam
391 2640 414 2664 a
445 2628 606 2677 pedite
638 2629 800 2675 hoste,
844 2628 1006 2675 deinde,
1049 2629 1256 2678 praeposito
1296 2630 1361 2668 illo
1402 2645 1522 2669 nun-

1185 2728 1251 2762 12*
