1811 2925
817 161 866 197 93
1339 157 1411 188 Lib.
1439 157 1501 187 IV.

140 286 317 335 componi
344 297 420 322 una
445 283 540 320 serie
564 284 643 320 haec
674 283 746 319 tria
777 288 1013 323 senatum,
1043 281 1252 329 equitum
1285 280 1550 324 centurias,

141 355 330 392 decoris
369 353 720 402 dedecorisque
767 354 1043 390 discrimen.
1094 352 1166 389 hoc
1215 358 1283 396 est,
1314 351 1465 387 ordines
1515 356 1551 386 et.

141 426 313 464 homines
344 438 427 462 cum
461 425 620 462 actione.
703 425 854 461 Deinde
890 423 988 461 falso
1032 422 1186 459 omnino
1224 429 1420 459 senatus
1466 421 1550 457 sub

142 497 334 534 dicione
367 508 576 532 censurae
604 494 721 532 fuisse
752 495 905 539 dicitur;
936 506 1024 530 nam
1045 493 1082 529 in
1108 493 1342 541 singulorum
1368 493 1552 541 dignitate

142 566 405 605 conservanda
430 566 683 602 minuendave
708 579 906 603 censorum
937 571 1107 614 potestas
1129 571 1228 604 erat:
1259 578 1282 600 a
1312 571 1465 601 senatus
1489 576 1552 600 ac-

142 640 244 676 tione
275 646 311 675 et
339 637 505 674 consiliis
535 636 710 685 regendis
740 637 958 686 longissime
998 636 1168 673 aberant.
1228 636 1328 672 Tum
1362 635 1552 672 decoris

143 718 185 746 et
217 708 470 746 dedecoris
501 707 639 754 (omnis
657 709 843 756 omnium)
876 707 1077 744 discrimen
1105 705 1215 741 nimis
1237 706 1380 742 infinite
1403 705 1551 742 dicitur.

142 782 345 818 Postremo
376 780 413 815 in
451 779 581 815 codice
625 779 832 827 archetypo
875 775 1119 825 (MPHILI,
1157 777 1269 813 etiam
1303 775 1553 813 deterioribus

144 851 330 901 pluribus)
348 851 527 899 scriptum
549 856 628 886 erat
660 849 913 891 centuriis,
945 848 1046 896 quod
1071 847 1263 895 quomodo
1283 848 1317 883 h.
1335 847 1356 885 l.
1376 859 1423 883 ex
1451 858 1552 882 een-

145 922 281 958 turiae
313 921 432 970 (quod
462 921 499 956 in
531 921 679 956 duobus
706 919 1050 968 interpolatissimis
1078 918 1236 966 reperiri
1266 917 1433 960 videtum
1463 929 1554 952 nam

144 994 181 1030 in
225 993 308 1029 aliis
353 999 409 1028 est·
450 990 790 1036 centuriarum)
839 988 929 1025 oriri
969 989 1154 1037 potuerit,
1196 1000 1307 1024 nemo
1342 987 1454 1024 facile
1489 1001 1553 1024 ex-

144 1064 281 1113 pediet.
357 1062 434 1099 Sed
485 1068 571 1111 post
620 1060 830 1109 regimen
871 1060 1012 1096 excidit
1060 1060 1116 1096 in.
1196 1059 1411 1107 scripserat
1455 1059 1553 1095 enim

147 1135 297 1172 Livius:
327 1133 373 1169 in
403 1139 573 1169 senatu
601 1131 909 1180 equitumque
941 1129 1174 1165 centuriis
1205 1129 1395 1165 decoris
1419 1129 1555 1166 dede-

146 1206 371 1254 corisque
402 1203 659 1240 discrimen
690 1203 774 1239 sub
805 1201 994 1238 dicione
1026 1200 1125 1237 eius
1157 1200 1472 1249 magistratus
1503 1222 1556 1226 —

147 1277 321 1323 (esset).
391 1276 509 1312 Recte
543 1287 635 1310 vero
666 1286 741 1309 non
772 1272 939 1316 omnine,
971 1271 1037 1307 sed
1068 1271 1104 1307 in
1135 1278 1269 1307 senatu
1311 1270 1556 1319 equitumque

147 1347 324 1384 centuriis
354 1346 501 1383 decoris
533 1343 806 1392 dedecorisque
836 1342 1038 1379 discrimen
1078 1354 1195 1391 penes
1231 1353 1406 1378 censores
1439 1341 1556 1378 fuisse

147 1419 255 1464 dicit,
299 1431 414 1466 quum
449 1423 516 1452 aut
545 1422 679 1452 senatu
708 1421 905 1451 moverent
935 1421 1001 1450 aut
1031 1425 1150 1462 equos
1194 1413 1421 1451 adimerent:
1466 1426 1555 1450 nam

145 1489 183 1526 id
223 1501 420 1526 censorum
463 1487 561 1522 notis
612 1486 817 1535 agebatur,
861 1492 903 1521 ut·
938 1485 975 1521 hi
1014 1485 1166 1520 ordines
1207 1482 1552 1533 (quemadmodum

146 1559 280 1597 Cicero
311 1559 460 1607 scribit)
499 1557 591 1593 vitio
621 1564 822 1593 vacarent:
862 1556 1057 1592 hominum
1090 1555 1136 1591 de
1176 1554 1286 1603 plebe
1316 1566 1393 1590 non
1423 1555 1554 1603 singu—

146 1629 252 1666 latim
283 1628 370 1664 vitae
404 1634 439 1664 et
471 1639 595 1664 mores
627 1640 649 1663 a
681 1627 899 1663 censoribus
931 1626 1231 1674 exquirebantur
1260 1626 1555 1670 notabanturve,

147 1700 219 1736 nisi
251 1699 282 1735 si
316 1699 405 1747 quid
442 1705 551 1734 extra
589 1697 759 1733 ordinem
798 1710 820 1733 a
864 1697 990 1733 multis
1021 1703 1218 1745 peecatum
1257 1705 1356 1735 erat:
1409 1697 1458 1732 ad
1489 1709 1554 1733 eos

147 1770 360 1820 pertinebat
391 1769 608 1805 universum
649 1768 759 1811 illud,
811 1767 913 1815 quod
955 1768 1085 1804 Livius
1130 1768 1253 1817 primo
1285 1767 1370 1803 loco
1415 1767 1554 1816 posuit,

147 1853 324 1878 morum
367 1838 733 1887 disciplinaeque
774 1838 1003 1886 regimen,
1048 1838 1149 1886 quod
1190 1838 1320 1875 edictis
1355 1850 1555 1874 censorum

147 1911 425 1948 continebatur.
484 1910 620 1958 Itaque
653 1909 770 1945 multo
802 1909 876 1945 iam
913 1909 1053 1953 verius,
1093 1915 1199 1945 recta
1229 1909 1418 1958 scriptura
1446 1909 1555 1945 resti-

147 1988 240 2026 tuta,
271 1994 469 2018 censorum
500 1993 659 2017 munera
690 1993 712 2016 a
744 1980 856 2016 Livio
887 1979 1271 2028 comprehenduntur.
1347 1978 1555 2028 (Praeposi-

147 2053 250 2089 tione
290 2052 450 2096 omissa,
496 2057 692 2088 senatus
723 2063 793 2100 pro
837 2057 1006 2087 senatu
1036 2050 1220 2098 scriptum
1249 2049 1416 2095 videtui-3
1463 2063 1553 2086 nam

148 2124 299 2160 Livium
335 2123 380 2159 in
411 2128 607 2158 senatus
638 2121 946 2170 equitumque
985 2120 1219 2157 centuriis
1249 2120 1410 2163 dixisse,
1452 2120 1555 2168 quod

148 2200 356 2237 senatores,
399 2205 514 2241 quum
545 2192 754 2240 antiquitus
785 2203 904 2240 equos
945 2191 1117 2240 publicos
1148 2192 1344 2236 haberent,
1387 2191 1555 2239 equitum

148 2264 324 2301 centuriis
357 2263 648 2307 continerentur,
679 2269 719 2299 nt
749 2275 801 2299 eae
832 2262 946 2298 etiam
976 2268 1196 2299 senatorum
1231 2267 1369 2304 essent,
1401 2261 1448 2297 de
1480 2274 1557 2310 qua

148 2347 189 2371 re
225 2334 305 2370 dixi
345 2334 434 2370 olim
466 2334 609 2382 Opusc.
642 2334 768 2372 Acad.
802 2334 822 2370 I
851 2346 888 2382 p.
924 2336 972 2369 76
1015 2345 1122 2381 sqq.,
1163 2345 1240 2369 non
1283 2331 1474 2377 adducor,
1515 2339 1557 2369 ut

149 2405 330 2451 credam.)
395 2405 520 2442 Paulo
558 2410 645 2453 post
675 2404 710 2453 (ξ
743 2407 780 2447 6)
818 2404 960 2440 frustra
990 2402 1259 2440 Alschefskius
1295 2409 1332 2439 et
1361 2403 1556 2439 Weissen-

148 2474 304 2511 bornius
348 2473 526 2510 mirificas
570 2474 843 2524 interpretandi
889 2474 1085 2510 machinas
1135 2474 1343 2511 admovent
1382 2473 1555 2510 codicum

148 2545 365 2594 scripturae,
407 2557 522 2592 quam
561 2545 674 2581 etiam
712 2545 891 2582 Hertzius
926 2544 1039 2581 tacite
1074 2545 1210 2581 tenuit:
1259 2544 1461 2589 tribuni,
1509 2543 1555 2579 id

149 2615 273 2664 quod
303 2622 413 2652 tunc
443 2622 564 2659 erat,
608 2615 758 2664 magis
798 2615 1125 2652 necessarium
1167 2628 1304 2663 quam
1343 2614 1556 2663 speciosi

149 2685 410 2722 ministerii
439 2686 832 2734 procurationem
869 2687 1132 2731 intuentes,
1170 2693 1211 2722 ut
1241 2698 1290 2722 ex
1322 2697 1368 2721 ea
1407 2690 1556 2721 senten-
