1811 2925
836 171 912 205 505
1396 167 1470 197 Lib.
1490 167 1585 199 XLI.

163 301 322 330 turum
365 294 563 333 sciebat.
643 294 719 331 Sed
761 305 898 342 parum
945 292 1130 329 concinne
1179 293 1260 328 haec
1291 298 1585 340 componuntur.

164 365 321 401 hostis
352 365 531 415 populo
561 367 775 403 Romano
807 370 844 401 et
873 363 1015 412 regni
1044 364 1209 412 heres3
1253 376 1376 411 neque
1406 363 1584 407 Perseus,

166 443 206 473 ut
249 437 370 473 hostis
414 437 602 474 Romanis
643 442 763 481 esset,
808 441 970 472 mortem
1009 434 1181 483 Philippi
1212 433 1584 483 exspectabanfue-

161 515 223 545 rat
262 508 340 545 iam
380 509 520 545 multos
561 521 694 545 annos.
773 508 893 544 Recte
938 506 1164 544 Gronovius
1202 512 1238 542 et
1269 505 1467 543 Rubenius
1499 517 1585 542 sen-

163 587 305 620 serant,
338 580 376 616 in
406 580 534 629 priore
565 581 680 617 etiam
713 578 885 615 membro
915 576 1126 626 genitivum
1168 576 1313 625 requiri
1341 576 1504 612 relatum
1535 577 1584 613 ad

162 651 403 697 heredem3
435 653 531 689 alius
564 652 662 689 enim
694 650 749 686 rei
779 661 887 698 paene
917 648 1023 697 prius
1055 661 1171 697 quam
1203 648 1312 697 regni
1332 647 1583 684 hereditatem

163 722 212 758 ad
242 723 389 759 Persea
417 731 689 772 perventuram
721 720 944 770 Philippum
975 721 1146 759 scivisse.
1217 721 1263 757 Id
1294 732 1410 755 unum
1442 719 1582 756 bellum

162 805 245 830 esse
275 801 447 843 poterat3
480 794 622 840 odium,
653 801 694 830 ut
725 793 816 838 dixi,
851 792 929 828 iam
960 792 1101 828 multos
1118 804 1239 828 annos
1256 791 1394 828 fuerat.
1455 791 1584 840 Scrip—

162 870 266 900 serat
295 864 422 913 igitun
457 865 496 901 ni
525 865 652 911 fallor,
684 865 836 901 Livius:
880 877 1014 913 quem
1062 863 1181 900 belli
1210 863 1415 899 Romani
1445 863 1583 912 prius

162 948 293 984 paene
326 949 470 984 quam
502 937 641 986 regni
670 936 891 973 heredem
923 935 1148 973 futurum
1180 931 1436 980 sciebat.¹)

275 1006 371 1056 Cap.
403 1009 468 1053 24,
504 1010 552 1045 10
585 1008 638 1054 (in
669 1007 843 1044 oratione
865 1007 1078 1044 Archontis
1109 1014 1244 1042 contra
1261 1005 1506 1043 Callicratem
1537 1007 1584 1042 de

160 1078 299 1114 finibus
330 1079 562 1115 Achaeorum
601 1078 883 1115 Macedonibus
923 1075 1172 1124 interdictis):
1233 1075 1326 1113 Cur
1362 1090 1582 1114 exsecra·

161 1149 279 1185 bilis
309 1149 406 1186 ista
438 1149 576 1186 nobis
615 1149 736 1185 solis
780 1150 914 1186 velut
957 1148 1200 1185 dissertio
1237 1148 1361 1185 iuris
1391 1148 1582 1185 humani

162 1220 258 1257 est?
318 1222 481 1258 Frustra
512 1221 773 1270 Kreyssigiusff
806 1222 999 1258 advocata
1019 1219 1309 1266 Fes1i11Paulli)
1342 1219 1582 1265 auctoritate,

161 1292 264 1341 apud
289 1305 401 1340 quem
433 1292 759 1328 dissertiones
781 1298 1027 1341 exponuntur
1044 1291 1317 1328 divisiones
1348 1291 1584 1339 patrimo-

160 1364 347 1399 niorum
379 1364 510 1400 inter
539 1371 821 1408 consortes2
853 1362 1005 1400 efficere
1037 1370 1219 1401 conatur.
1266 1369 1307 1399 ut
1335 1362 1515 1398 usitatum
1549 1369 1585 1398 et

162 1434 366 1471 Livianum
410 1436 601 1471 habeatur
639 1435 956 1471 dissertionis
1009 1433 1362 1482 (dissortionis)
1413 1434 1581 1469 vocabu-

158 1505 250 1549 lum‚
283 1518 397 1554 quum
429 1507 641 1555 praesertim
671 1507 709 1543 id
750 1506 914 1543 alienam
946 1507 995 1543 ab
1039 1505 1151 1542 huius
1182 1505 1256 1541 loci
1297 1505 1485 1541 sententia
1513 1505 1582 1540 ha-

161 1577 329 1613 biturum
362 1578 410 1613 sit
437 1578 666 1626 imaginem:
696 1590 821 1626 neque
859 1578 957 1614 enim
988 1577 1050 1614 hic
1086 1577 1132 1612 de
1163 1576 1376 1612 communis
1404 1575 1496 1612 boni
1527 1575 1582 1611 di-

159 1648 320 1691 visione,
351 1656 391 1684 ut
422 1661 530 1686 suam
565 1649 727 1698 quisque
757 1657 907 1697 partem
941 1648 1125 1697 accipiat.
1157 1648 1295 1697 agitur.
1355 1648 1488 1685 Nihilo
1521 1655 1583 1684 ta-

160 1732 247 1756 men
278 1721 401 1769 magis
431 1720 523 1757 ferri
546 1729 686 1770 potest,
704 1721 807 1769 quod
830 1720 1021 1770 Grynaeus
1050 1720 1313 1764 substituerat„
1336 1720 1417 1756 des
1432 1721 1581 1769 erti0;

159 1804 284 1839 neque
316 1792 415 1828 enim
460 1792 583 1828 deseri
628 1793 686 1828 ius
718 1793 928 1828 humanum
961 1792 1095 1829 Archo
1142 1791 1376 1839 querebatur
1407 1792 1495 1840 (hoc
1527 1801 1583 1830 est

159 1863 301 1899 remitti
331 1875 400 1899 nec
429 1860 614 1912 defendi).
646 1870 780 1911 estque
810 1863 966 1899 omnino
993 1863 1116 1899 lenius
1146 1863 1185 1898 id
1207 1863 1438 1900 vocabulum
1466 1877 1579 1913 quam

159 1947 229 1983 pro
261 1935 451 1971 adiectivo
483 1934 829 1971 exsecrabilis.
897 1934 950 1970 Ni
992 1934 1132 1979 fallor,
1179 1947 1202 1971 a
1234 1934 1346 1972 Livio
1381 1942 1463 1972 erat
1494 1936 1581 1972 dis—

159 2006 370 2054 cerpti03
400 2018 488 2042 nam
520 2006 645 2055 rumpi
676 2013 713 2042 et
742 2005 965 2042 interscindi
995 2006 1185 2042 violenter
1216 2005 1275 2042 ius
1299 2006 1502 2043 videbatur
1516 2007 1581 2043 illa

157 2076 289 2112 finium
318 2076 597 2113 interdictione.
658 2077 766 2114 Nihil
796 2090 957 2114 moveor
975 2105 983 2121 ,
1026 2077 1131 2125 quod
1161 2078 1235 2114 hoc
1270 2076 1431 2114 actionis
1461 2090 1582 2114 voca-

158 2147 290 2183 bulum
322 2148 370 2184 ab
399 2148 650 2185 usitatissimo
685 2150 805 2185 verbo
836 2149 1027 2185 deflexum
1061 2149 1153 2185 alibi
1169 2162 1246 2185 non
1260 2149 1408 2198 ⁷[egitur.
1455 2150 1580 2187 Paulo

158 2226 247 2267 post
277 2218 380 2264 (312
400 2227 437 2256 et
458 2219 527 2267 13)
570 2219 624 2255 sic
653 2219 691 2255 in
723 2220 853 2256 codice
884 2219 1071 2268 script-um
1102 2227 1157 2256 est
1176 2220 1405 2261 (minutulos
1433 2234 1580 2258 errores

159 2291 253 2327 nihil
283 2303 382 2327 nunc
413 2292 579 2338 moror):
611 2292 911 2339 Quamquam
939 2298 982 2327 et
1005 2291 1132 2328 illud
1158 2291 1320 2329 dicere
1349 2299 1579 2342 poteram,

160 2368 300 2398 tanta
344 2362 563 2411 priorum
596 2362 897 2399 Macedoniae
935 2375 1100 2411 regum
1142 2364 1316 2400 merita
1356 2376 1469 2413 erga
1496 2377 1580 2401 nos

158 2433 334 2471 fuisse.
365 2441 414 2470 ut
444 2434 663 2482 Philippi
694 2433 833 2470 unius
863 2433 1074 2470 iniurias
1108 2435 1211 2479 (cod.
1243 2433 1507 2483 iniuriam),
1542 2435 1580 2471 si

185 2668 218 2713 ¹)
259 2672 359 2710 Quod
387 2674 405 2712 ξ
437 2677 472 2704 11
504 2674 801 2705 commendaturus
829 2683 920 2704 eram
947 2673 1152 2704 habebat.
1174 2674 1474 2706 Weissenbornius
1495 2686 1579 2716 prae-

255 2735 356 2776 cepit.
