1811 2925
289 153 363 185 Lib.
389 152 452 184 IX,
919 152 992 188 180

241 291 379 328 quam
421 277 477 313 ab
515 275 702 324 equite,
751 281 959 312 retractum
1002 288 1047 312 eo
1080 288 1163 312 esse
1207 276 1358 314 hoste.
1425 275 1477 312 Et
1505 287 1668 324 prorsus

241 349 414 387 abundat
445 343 658 396 hoste.)1)

353 419 448 469 Cap.
482 420 547 464 26,
588 421 606 455 7
656 417 739 467 (ubi
768 417 896 466 agitur
925 418 972 454 de
1005 418 1164 455 occultis
1194 418 1410 468 principum
1442 416 1667 466 Campano—

240 505 326 529 rum
361 490 689 528 coniurationibus
723 495 760 526 et
797 488 842 528 C.
882 490 1023 527 Maenio
1067 491 1116 527 ob
1154 503 1239 526 eam
1286 502 1442 526 causam
1478 488 1669 524 dictatore

242 562 382 607 dicto):
412 562 592 611 Ingens
615 566 721 597 erat-
745 561 1068 611 magistratus
1100 561 1201 598 eius
1228 561 1465 607 (dictaturae)
1487 567 1666 604 terr0r3

241 635 409 682 itaque
453 633 556 669 sive
601 633 745 669 timor
807 644 890 668 seu
943 632 1258 669 conscientiae
1316 631 1388 667 vis
1433 630 1670 668 Calavios

242 705 412 744 Ovium
443 704 753 752 Noviumque
788 725 838 730 ——
863 716 918 740 ea
957 703 1124 752 capita
1157 702 1523 740 coniurationis
1562 701 1667 739 fue-

242 783 374 822 rant,
406 798 454 802 —
486 775 774 825 priusquam
807 774 1178 811 nominarentur
1209 774 1335 824 apud
1366 774 1671 819 dictatorem,

243 860 370 885 mors
399 848 524 884 haud
555 846 699 884 dubie
731 846 786 882 ab
808 845 931 895 ipsis
953 846 1176 883 conscita
1196 845 1381 882 iudicio
1403 845 1668 881 subtraxit.

244 918 371 957 Sensit
396 918 634 964 Gronovius,
664 918 907 955 incommode
929 925 965 954 et
993 930 1116 967 prave
1147 917 1393 954 nominativis
1420 916 1494 952 illis
1525 916 1670 952 timor

245 1012 294 1016 —
329 990 642 1027 conscientiae
674 990 746 1026 vis
790 989 1025 1038 supperaddi
1054 989 1191 1025 deinde
1230 989 1360 1033 alium,
1392 1000 1539 1031 mors;
1577 1000 1668 1024 nam

243 1061 276 1098 si
306 1061 441 1098 Livius
472 1062 569 1099 duas
607 1062 693 1098 illas
723 1068 910 1110 tanquam
941 1060 1089 1109 species
1126 1060 1320 1097 communi
1349 1059 1483 1096 mortis
1515 1058 1672 1095 nomine

242 1145 312 1182 per
352 1133 635 1182 appositionem
678 1133 812 1169 addito
855 1131 1180 1181 comprehendere
1210 1131 1405 1171 voluisset,
1436 1131 1475 1167 in
1505 1130 1667 1167 eundem

244 1204 441 1240 sententiae
484 1204 611 1241 locum
665 1203 883 1240 necessario
942 1202 1168 1239 coniecisset
1212 1209 1248 1239 et
1291 1203 1344 1239 sic
1389 1202 1668 1239 coniunxisset:

244 1274 526 1324 priusquam
585 1275 962 1311 nominarentur
1016 1274 1140 1322 apud
1198 1274 1510 1317 dictatorem,
1566 1273 1671 1310 sive

244 1347 387 1383 timor
420 1347 523 1383 sive
554 1345 869 1383 conscientiae
903 1345 995 1389 vis,
1024 1358 1148 1382 mors
1180 1352 1309 1382 certe
1331 1346 1386 1382 ab
1417 1345 1538 1394 ipsis
1560 1357 1670 1381 con-

244 1419 371 1456 scita
397 1418 581 1455 iudicio
613 1417 879 1456 subtraxit.
919 1418 1023 1454 Nam
1046 1423 1176 1454 certe
1199 1422 1280 1452 tum
1302 1416 1502 1452 dicendum
1522 1415 1670 1461 fuisset,

243 1496 284 1527 ut
306 1489 598 1538 significaretur.
628 1489 721 1525 nihil
746 1489 795 1525 ad
821 1502 901 1525 rem
923 1489 1127 1537 pertinere„
1159 1494 1285 1524 utrum
1318 1487 1472 1533 fuisset;
1503 1501 1603 1525 nunc
1632 1488 1672 1524 id

245 1568 394 1598 tantum
434 1561 543 1605 dicit,
585 1573 662 1597 non
707 1560 866 1597 dubium
897 1573 992 1605 esse7
1034 1560 1125 1609 quin
1155 1559 1375 1596 voluntaria
1405 1572 1509 1596 mors
1543 1559 1669 1596 fuerit.

245 1634 323 1672 Sed
381 1633 536 1670 omnino
588 1633 703 1669 timor
755 1638 792 1669 et
847 1632 1088 1668 conscientiae
1138 1631 1219 1677 vis„
1283 1631 1351 1667 etsi
1401 1630 1534 1667 mortis
1585 1636 1674 1667 sunt

245 1718 384 1751 causae,
417 1704 566 1754 species
596 1710 726 1740 tamen
757 1704 892 1740 mortis
923 1717 1000 1740 non
1031 1710 1117 1740 sunt
1147 1715 1216 1740 nec
1237 1709 1397 1752 possunt
1432 1702 1485 1739 sic
1515 1703 1671 1752 apposi-

245 1778 348 1815 tione
379 1790 465 1814 cum
497 1775 630 1812 mortis
661 1775 815 1812 nomine
846 1775 1038 1825 coniungi.
1106 1775 1309 1812 Facillima
1340 1780 1396 1810 est
1434 1774 1672 1818 emendatio3

244 1862 335 1886 nam
378 1861 425 1885 cx
467 1848 501 1884 E
542 1847 598 1891 (in
630 1846 966 1893 conscientiae)
1004 1846 1223 1883 faciendum
1268 1846 1312 1890 F,
1364 1852 1552 1894 praetcrea
1593 1857 1672 1881 una

244 1921 372 1958 littera
401 1919 589 1956 mutanda
620 1920 650 1966 (t
678 1931 749 1967 pro
781 1919 834 1964 s):
874 1918 1072 1966 Itaque,
1117 1917 1220 1954 sive
1250 1917 1393 1953 timor
1431 1928 1512 1952 seu
1557 1929 1671 1953 con-

246 1991 455 2029 scicntia
485 1991 598 2030 fuit,
631 1988 865 2026 Calavios
886 2010 941 2016 —
963 2001 1087 2025 mors
1111 1988 1376 2025 —iudicio
1407 1987 1669 2024 subtraxit.

249 2064 417 2108 (Eodem
459 2062 583 2111 capite
626 2064 644 2106 ξ
683 2063 728 2096 15
774 2060 812 2096 in
849 2072 890 2096 rc
933 2060 1073 2109 pusilla
1109 2060 1288 2109 indignor
1316 2066 1444 2095 tamen
1475 2058 1673 2095 XVeissen-

247 2134 423 2172 bornium
457 2140 494 2169 et
524 2131 725 2169 Hertzium
767 2153 801 2156 —
838 2144 927 2168 nam
961 2131 1248 2168 Alschefskium
1280 2143 1355 2167 non
1386 2142 1571 2172 numere,
1617 2151 1671 2157 ——

248 2205 388 2243 oblitos
423 2216 505 2241 esse
537 2203 763 2251 quoniam
795 2202 985 2251 quidem
1015 2214 1203 2250 nusquam
1236 2202 1331 2245 dici,
1374 2201 1446 2237 nisi
1491 2199 1671 2236 coniunc-

247 2277 373 2322 tione,
426 2288 510 2324 quae
558 2275 612 2311 sic
661 2274 809 2323 (addito
858 2273 1063 2322 quidem)
1109 2273 1361 2322 insigniatur,
1414 2272 1539 2321 primo
1583 2271 1671 2307 loco

247 2361 332 2386 cum
382 2347 552 2397 pondere
601 2345 752 2394 posita,
808 2345 889 2381 sed
941 2344 1170 2393 quoniam
1227 2343 1414 2392 quidem
1460 2343 1670 2379 barbarum

274 2523 305 2567 ¹)
342 2524 425 2566 Cap.
454 2529 508 2561 22,
537 2529 555 2555 3
585 2535 723 2565 prorsus
749 2523 886 2562 defugio
913 2523 1155 2560 testimonium,
1182 2522 1223 2552 ad
1247 2521 1336 2561 quod
1354 2531 1372 2551 a
1390 2518 1671 2551 Weissenbornio

342 2589 450 2625 citor,
481 2588 756 2627 Gronoviumquc
791 2596 915 2627 sequor
950 2585 1170 2617 scribentem:
1217 2583 1254 2614 id
1300 2587 1465 2613 tantum
1501 2578 1669 2610 bellum

342 2651 516 2688 duccre3
543 2650 687 2680 alterum
713 2659 755 2679 nc
782 2649 935 2680 umbram
964 2648 1096 2688 quidem
1124 2655 1210 2676 verm
1238 2644 1412 2676 sententiae
1436 2641 1550 2673 habet.
