1811 2925
795 151 871 188 267
1277 149 1351 181 Lib.
1367 149 1498 180 XXIII.

128 282 172 312 et
210 275 438 323 triginta,
490 274 632 321 signa
674 274 913 311 militaria
950 279 1093 322 capta
1131 273 1229 309 tria
1266 280 1310 309 et
1347 273 1547 321 viginti,

128 346 288 389 XXIV,
326 348 396 391 16,
428 347 464 389 4,
494 345 676 389 XXXV,
716 348 745 389 1,ι
783 348 841 382 10.
920 345 1082 381 Veteres
1129 344 1324 380 annalium
1371 345 1546 380 condito-

128 428 203 460 res,
237 416 301 464 qui
335 416 406 452 has
435 427 606 451 summas
636 428 893 464 numerosque
925 415 1125 463 concipere
1143 415 1348 460 audebant,
1379 416 1548 452 maxime

127 487 309 523 Valerius
340 486 493 528 Antias,
525 499 601 522 non
632 499 725 523 sane
755 486 865 534 signa
895 498 1037 534 magno
1068 498 1226 521 numero
1258 494 1372 534 capta
1396 487 1547 522 omissis

128 557 347 593 hominibus
378 563 646 595 narraverant,
711 556 874 604 (Contra
904 569 1017 605 saepe,
1047 556 1151 592 velut
1180 556 1217 592 in
1249 557 1346 593 libro
1377 558 1418 593 X.
1449 558 1548 593 mul-

129 627 176 663 tis
208 627 314 673 locis,
346 628 489 676 captivi
522 634 890 672 conunemorantur,
922 627 1066 663 omissa
1095 627 1292 675 signorum
1321 626 1545 671 mentione.)

130 697 274 734 Tribus
306 699 473 743 omnino,
505 699 535 734 si
566 706 667 735 recte
698 699 842 742 notavi,
872 698 966 734 locis
996 704 1134 746 praeter
1161 709 1260 740 eum,
1292 696 1338 732 de
1356 708 1431 744 quo
1455 696 1548 741 dixi,

131 768 394 817 alterumque,
436 770 481 805 de
513 782 589 817 quo
618 769 744 805 statim
777 769 927 813 dicam,
969 768 1070 816 apud
1109 768 1258 803 Livium
1289 766 1400 814 Signa
1435 776 1550 816 capta

131 839 426 874 commemorari
464 840 636 885 memini,
677 852 753 875 non
797 840 948 875 adiecta
979 839 1174 875 hominum
1208 844 1409 886 captorum
1440 852 1545 874 men-

132 910 245 953 tione,
279 910 342 954 X,
375 913 450 955 30,
483 913 528 956 2,
562 912 721 952 XXVI,
754 914 790 955 (i,
823 911 857 952 8,
888 909 1110 948 XXXHL
1147 910 1223 952 36,
1262 910 1327 952 133
1358 908 1482 956 primo
1515 915 1551 944 et

132 980 244 1015 tertio
276 981 360 1017 loco
391 980 571 1017 facillime
602 981 778 1017 excidere
811 980 1051 1028 captivorum
1083 991 1263 1015 numerus
1293 979 1419 1027 potuit
1449 978 1544 1027 (pri-

132 1062 195 1085 mo
233 1051 385 1098 quidem
415 1052 488 1087 hoc
519 1052 633 1088 modo
664 1056 837 1087 notatus:
873 1062 992 1086 caesa
1041 1049 1246 1098 amplius
1275 1050 1410 1086 milia
1440 1051 1548 1094 tria,

130 1116 188 1170 [D
221 1118 416 1173 milites]
463 1127 506 1157 et
535 1121 674 1170 signa
705 1121 945 1158 militaria
983 1121 1039 1157 ad
1070 1121 1162 1157 XX
1193 1120 1364 1169 capta).
1436 1121 1553 1157 Hane

133 1190 234 1226 Livii
265 1192 576 1229 consuetudinem
611 1192 911 1229 commemoravi
943 1198 1102 1240 propter
1127 1204 1211 1227 eum
1233 1191 1372 1237 locum,
1408 1193 1472 1240 qui
1494 1192 1551 1228 le-

133 1261 235 1310 gitur
264 1261 302 1297 in
332 1262 443 1299 huius
474 1263 560 1299 libri
591 1276 622 1300 c.
655 1265 730 1308 37,
785 1267 821 1300 ll
865 1263 919 1299 sic
950 1262 1113 1310 scriptus
1147 1262 1210 1307 (de
1240 1263 1302 1301 Ti.
1333 1262 1551 1311 Sempronii

135 1332 260 1381 Longi
290 1333 338 1368 ad
373 1333 628 1370 Grumentum
660 1347 746 1371 cum
772 1334 993 1370 Hannibale
1022 1334 1209 1382 proelio):
1247 1365 1254 1370 .
1278 1365 1311 1370 ,,
1352 1346 1546 1382 prospe-

134 1414 182 1438 re
211 1410 407 1451 pugnat.
482 1405 638 1453 Supra
680 1405 770 1442 duo
808 1405 942 1441 milia
987 1405 1232 1441 hominum
1283 1405 1467 1441 occidit
1508 1412 1551 1441 et

138 1472 373 1511 ducentos
415 1477 674 1525 octoginta
713 1476 896 1512 milites
928 1475 1111 1519 amisit,
1143 1476 1282 1523 signa
1312 1476 1554 1512 militaria

139 1544 193 1580 ad
227 1546 557 1595 quadraginta
588 1560 729 1599 unum
763 1547 903 1595 cepit.
963 1546 1058 1593 Quis
1089 1559 1165 1582 non
1196 1546 1328 1590 sentit,
1356 1546 1393 1582 in
1424 1547 1551 1583 decla-

136 1615 258 1650 rando
290 1628 476 1665 prospero
507 1617 643 1665 proelii
666 1624 803 1653 eventu
832 1616 998 1666 permire
1031 1628 1117 1652 cum
1148 1617 1314 1653 hostium
1338 1617 1552 1653 occisorum

136 1698 295 1722 numero
327 1688 500 1735 copulari
532 1689 608 1735 (et)
641 1689 868 1724 amissorum
899 1687 1018 1736 ipsius
1047 1687 1264 1735 Sempronii
1294 1687 1454 1724 militum
1485 1701 1554 1724 nu-

136 1769 283 1793 merum
330 1757 398 1804 (—
440 1766 543 1796 recte
574 1760 672 1796 enim
705 1758 944 1807 comparatio
962 1757 1054 1806 poni
1076 1764 1246 1806 poterat:
1280 1771 1421 1806 quum
1452 1759 1557 1808 ipse

137 1840 227 1864 non
259 1829 363 1877 plus
395 1829 663 1867 CCLXXX
694 1830 875 1866 milites
906 1828 1173 1873 amisisset,
1206 1828 1281 1879 ——)
1320 1836 1357 1865 et
1386 1830 1555 1879 interpo-

137 1899 175 1935 ni
204 1899 302 1936 inter
344 1912 528 1936 caesorum
559 1900 726 1936 hostium
757 1907 794 1936 et
825 1906 1025 1949 captorum
1067 1901 1263 1948 signorum
1297 1900 1554 1937 mentionem?

140 1969 388 2006 Manifestum
434 1978 512 2016 est,
555 1971 594 2007 ni
637 1971 777 2016 fallor,
823 1971 975 2008 Livium
1015 1971 1233 2019 scripsisse:
1272 1971 1430 2020 Supra
1460 1972 1555 2008 ΜΠ

138 2040 376 2077 hominum
415 2042 600 2078 oceidit
643 2048 687 2077 et
724 2041 996 2079 CCLXXX
1028 2042 1230 2086 milites,
1261 2042 1405 2090 signa
1437 2042 1557 2078 mili-

137 2111 269 2147 taria
295 2112 351 2148 ad
380 2112 494 2149 XLI
526 2113 673 2161 cepit,
711 2113 759 2148 ab
803 2112 932 2160 aliquo
976 2118 1126 2156 autem,
1166 2112 1230 2159 qui
1272 2125 1346 2148 non
1380 2113 1553 2149 animad-

138 2181 328 2227 vertisset,
361 2183 527 2219 medium
560 2196 714 2231 quoque
762 2195 963 2218 numerum
998 2182 1046 2218 ad
1097 2182 1227 2231 cepit
1258 2182 1474 2231 pertinere,
1519 2190 1555 2220 et

137 2263 248 2288 suum
287 2253 467 2300 quodque
515 2254 728 2290 membrum
762 2254 922 2289 verbum
953 2253 1095 2289 habere
1124 2253 1329 2297 voluisset,
1381 2254 1555 2290 additum

139 2334 221 2358 esse
252 2322 426 2360 amisit.
492 2326 672 2372 Apparet
700 2324 799 2369 iam,
832 2336 898 2360 cur
928 2323 1062 2360 Livius
1096 2330 1185 2371 post
1214 2323 1455 2359 hominum
1487 2325 1554 2360 ad-

138 2392 285 2428 diderit·
319 2393 518 2438 milites;
559 2395 790 2431 contrarium
830 2394 928 2430 enim
966 2395 1039 2430 hoe
1089 2394 1207 2442 signis
1251 2394 1301 2430 ad
1339 2394 1438 2430 idem
1468 2407 1555 2430 ver·

138 2462 227 2498 bum
262 2463 429 2512 (cepit)
460 2465 642 2509 refertur3
671 2465 709 2500 in
726 2464 885 2513 vulgata
901 2464 1091 2513 scriptura
1107 2464 1245 2501 vitiose
1265 2464 1554 2513 distinguuntur

139 2532 312 2569 homines
344 2535 472 2579 occisi,
503 2535 641 2571 milites
672 2531 861 2578 amissi1).

173 2682 204 2726 ¹)
244 2685 327 2727 Cap.
356 2690 424 2724 36,
458 2690 476 2717 2
505 2686 748 2718 Alschefskius
791 2687 825 2717 in
859 2687 1006 2718 editione
1043 2687 1173 2717 minore
1207 2687 1240 2717 in
1274 2696 1389 2718 verum
1421 2687 1561 2718 incidit:
