1811 2925
841 137 915 171 411
1337 132 1412 165 Lib.
1439 131 1590 163 xxxv.

179 258 339 294 alterum
374 256 557 306 populum
586 255 791 304 prudenter
809 262 908 293 esset
929 256 1153 294 institutum.
1194 256 1311 292 Recte
1341 256 1456 305 igitur
1486 255 1590 292 Bek-

179 329 292 365 kerus
323 328 495 364 codicum
527 327 753 375 scripturam
792 323 966 371 tenuit.¹)

290 397 386 447 Cap.
419 399 484 443 31,
521 400 560 433 l:
599 398 716 433 Dum
746 397 871 434 inter
900 398 1104 434 Achaeos
1135 403 1180 433 et
1211 403 1465 446 tyrannum
1498 396 1590 433 bel-

179 469 272 506 lum
319 475 441 510 erat,
491 468 642 516 legati
681 469 1003 504 Romanorum
1047 467 1301 504 circumire
1347 469 1591 505 sociorum

179 540 341 584 urbes,
391 537 617 583 solliciti,
660 550 716 573 ne
764 538 920 574 AEtoli
960 538 1115 587 partis
1152 538 1364 575 alieuius
1411 539 1591 575 animos

180 609 236 646 ad
268 609 562 646 Antiochum
595 608 907 647 avertissent.
984 609 1045 645 Ne
1087 609 1160 645 hoc
1203 609 1355 657 quidem
1386 609 1471 646 loco
1513 610 1591 646 ulla

179 685 237 715 est
266 680 436 728 repetitae
479 680 616 729 saepius
662 692 731 728 per
773 679 929 727 aliquod
972 685 1122 727 tempus
1170 679 1330 715 actionis
1373 687 1439 716 aut
1469 686 1590 717 status

179 750 340 787 alieuius
371 752 495 800 coepti
526 759 560 787 et
593 751 826 798 aliquamdiu
858 750 1045 786 manentis
1087 750 1336 798 significatiO,
1382 764 1466 799 quae
1509 752 1592 788 infi-

179 821 288 857 nitivi
336 822 505 858 historici
548 822 706 871 propria
752 827 819 866 est,
865 821 931 856 sed
982 821 1036 857 rei
1079 821 1195 857 semel
1244 820 1355 857 faotae
1406 822 1588 859 narratio.

180 892 318 940 Itaque
345 893 533 940 sequitur:
577 892 816 929 Minimum
864 904 1020 939 operae
1055 893 1100 928 in
1132 892 1320 928 Achaeis
1353 893 1591 928 adeundis

181 970 603 1011 consumpserunt.
683 962 934 1001 Scribendum
978 962 1094 1010 igitur
1147 975 1221 997 una
1271 962 1381 998 litera
1425 963 1590 999 adiecta:

181 1033 486 1079 circumiere,
523 1033 844 1082 quemadmodum
875 1032 951 1068 iam
981 1033 1018 1068 in
1047 1033 1130 1069 cod.
1162 1033 1259 1072 Lov.
1297 1033 1317 1068 3
1351 1039 1387 1068 et
1418 1033 1594 1070 editioni-

181 1103 252 1139 bus
294 1103 487 1140 veteribus
530 1104 712 1152 scriptum
755 1110 822 1138 est.
909 1102 1133 1139 Colit-rarius
1165 1116 1272 1140 error
1304 1103 1493 1140 tollendus
1525 1105 1595 1141 erit

180 1173 406 1218 XXXVII,
438 1176 501 1219 31,
534 1177 578 1217 73
609 1174 676 1210 cfr.
704 1174 752 1209 ad
784 1174 924 1219 XXII,
956 1177 1020 1218 47,
1053 1177 1074 1211 ὃ
1105 1188 1143 1223 p.
1179 1176 1268 1211 252.

292 1243 387 1293 Cap.
420 1246 484 1289 32,
516 1248 537 1281 -l
571 1245 655 1289 (ubi
686 1245 818 1281 Thoas
850 1251 886 1280 et
918 1245 1123 1293 Menippus
1150 1245 1331 1281 Antiochi
1362 1258 1453 1294 opes
1485 1253 1594 1282 extu·

178 1313 268 1350 lisse
299 1316 636 1352 commemorando
666 1313 889 1364 narrantur)
920 1315 1161 1352 scribendum
1192 1323 1247 1352 est
1276 1329 1323 1352 ex
1344 1317 1405 1364 M:
1436 1317 1595 1365 ingen-

180 1390 270 1421 tem
301 1385 395 1422 vim
419 1386 629 1435 peditum
664 1386 973 1434 equitumque
1006 1386 1191 1430 venire3
1232 1399 1286 1422 ex
1317 1387 1458 1423 India
1493 1387 1594 1423 ele—

181 1455 397 1503 phantos
444 1457 650 1501 aeeit0s3
700 1463 809 1493 ante
859 1457 1017 1493 omnia
1187 1463 1372 1493 tantum
1421 1457 1595 1494 advehi

181 1524 297 1569 auri,
329 1532 377 1561 ut
407 1526 541 1574 ipsos
573 1540 724 1563 emere
754 1528 996 1564 Romanos
1026 1526 1198 1576 possit.
1265 1527 1406 1575 Vulgo,
1435 1540 1595 1565 suasore

182 1594 398 1641 Gronovio,
428 1597 462 1633 B
493 1604 530 1633 et
557 1597 785 1633 deteriorum
821 1597 1047 1633 auctoritate
1078 1597 1263 1633 omittitur
1285 1598 1494 1643 accitos3
1525 1599 1593 1635 sed

181 1665 241 1702 hic
275 1678 429 1714 quoque
472 1668 680 1704 omittendo
721 1667 896 1703 vitiatum
942 1667 1059 1703 fuisse
1089 1668 1257 1704 codicem
1290 1669 1425 1706 horum
1455 1681 1592 1717 paren-

207 1855 237 1898 ¹)
274 1857 356 1900 Cap.
389 1862 440 1899 17,
469 1864 486 1891 2
523 1868 591 1889 non
624 1864 712 1889 recte
742 1858 1041 1890 Drakenborchius
1076 1865 1109 1890 et
1137 1861 1338 1891 recentiores
1364 1870 1381 1892 e
1408 1861 1482 1893 cod.
1518 1861 1593 1892 Mo-

275 1922 419 1961 guntino
442 1922 646 1962 scripserunt
671 1931 781 1951 nunc
808 1921 1026 1961 querelas,
1053 1931 1162 1952 nunc
1189 1922 1595 1963 expostulationes·⁷

274 1990 363 2014 recte
413 1984 514 2015 ceteri
565 1983 697 2014 codices
740 1983 1077 2024 postulationes3
1125 1993 1204 2014 nam
1253 1984 1384 2015 diversa
1433 1985 1592 2025 componi

275 2046 423 2076 ostendit
449 2045 615 2087 particula
654 2045 780 2084 (nune
807 2062 850 2066 —-
876 2045 1019 2082 nune);
1059 2045 1203 2085 querelae
1238 2051 1269 2075 et
1304 2046 1594 2086 expostulationes

274 2107 425 2138 eiusdem
452 2107 583 2147 generis
610 2112 694 2138 sunt.
755 2105 865 2144 Quem
892 2106 1213 2137 Drachenborehius
1248 2117 1289 2137 ex
1326 2106 1436 2145 XLII,
1465 2112 1506 2138 42
1534 2109 1592 2138 ad-

273 2175 373 2200 vocat
399 2169 531 2206 locum,
571 2169 640 2210 ipse
667 2178 741 2199 eum
767 2178 925 2199 revocare
964 2168 1135 2199 debuerat.
1190 2168 1239 2199 De
1266 2179 1293 2202 c.
1325 2172 1378 2207 20,
1409 2173 1445 2200 ll
1476 2176 1507 2200 et
1538 2174 1591 2208 21,

277 2233 291 2261 1
320 2231 388 2261 dixi
414 2241 446 2272 p.
469 2235 510 2261 52
533 2230 617 2268 adl,
643 2233 698 2260 46.
749 2229 832 2271 Cap.
860 2233 914 2268 27,
942 2234 960 2261 8
988 2230 1162 2261 Bekkerus
1192 2237 1280 2261 recte
1307 2233 1420 2270 sensit,
1448 2238 1593 2263 tamen

275 2293 476 2333 particulam
503 2293 651 2333 ineptam
678 2302 759 2329 esse,
787 2301 888 2332 quum
917 2302 1025 2322 rerum
1060 2292 1148 2322 cladi
1175 2293 1349 2323 hominum
1375 2293 1592 2332 adiungatur.

275 2352 389 2392 Quum
415 2355 451 2385 M
494 2354 616 2385 habeat
654 2360 793 2384 tamen
834 2364 883 2384 ex
918 2360 995 2384 tam
1035 2355 1221 2395 ancipiti
1260 2362 1380 2396 peste
1421 2355 1462 2397 (si
1504 2362 1595 2386 recte

275 2416 441 2457 scriptura
483 2417 644 2447 adnotata
683 2416 768 2456 est),
814 2415 841 2445 B
878 2425 930 2446 ex
971 2421 1051 2446 tani
1090 2417 1274 2458 ancipiti
1314 2422 1448 2457 peste,
1491 2418 1591 2448 ceteri

275 2484 414 2508 tamen
444 2478 630 2518 ancipiti
659 2484 796 2518 peste,
825 2478 978 2517 suspicor
1003 2477 1134 2508 Livium
1160 2478 1353 2519 sc1ipsisse:
1379 2479 1590 2519 perpauci

274 2545 356 2569 tam
396 2549 445 2570 ex
481 2540 672 2581 ancipiti
701 2545 842 2581 peste.
883 2540 923 2570 de
949 2549 1015 2580 quo
1042 2540 1158 2570 ordine
1185 2540 1254 2570 dixi
1281 2541 1322 2570 ad
1350 2538 1422 2571 Cic.
1447 2540 1521 2571 Fin.
1547 2541 1590 2577 V,

276 2604 294 2631 9
321 2612 354 2643 p.
385 2605 461 2639 6603
499 2602 586 2633 addo
612 2601 685 2632 Liv.
713 2600 811 2639 VIII,
853 2604 905 2639 13,
933 2604 995 2632 41:
1035 2602 1262 2633 admodum
1298 2612 1317 2632 a
1352 2603 1501 2642 paucis
1527 2613 1592 2643 po-

274 2663 388 2702 pulis
413 2669 447 2694 et
469 2663 637 2701 XXXVI,
666 2666 720 2701 30,
749 2666 786 2693 5:
814 2672 938 2703 quam
965 2671 1050 2694 cum
1077 2664 1209 2694 inerti
1236 2664 1369 2697 hoste.
