1811 2925
848 120 925 155 355
1380 118 1456 150 Lib.
1482 119 1600 154 XXX.

299 237 394 287 Cap,
430 239 504 279 32,
545 242 566 274 5
601 238 664 287 (de
695 239 832 276 animis
863 239 1038 285 militum,
1070 252 1188 287 quum
1220 240 1410 289 proelium
1444 242 1493 278 ad
1524 243 1599 279 Za-

174 321 276 345 mam
319 309 449 345 inituri
480 317 630 354 erant):
670 309 1242 359 Contemplantibusque
1283 313 1422 349 modo
1454 325 1597 358 suam,

173 379 313 416 modo
346 381 558 417 hostium
590 381 761 423 aciem,
803 394 942 429 quum
974 380 1132 417 oeulis
1165 383 1317 430 magis
1349 396 1490 431 quam
1517 397 1598 420 ra-

172 449 304 486 tione
334 460 596 499 pensarent
627 453 769 495 vires,
801 451 947 487 simul
980 451 1102 496 laeta,
1147 452 1290 488 simul
1322 454 1492 490 tristia
1523 456 1596 490 ob-

171 522 514 558 versabantur.
581 522 623 559 Si
654 522 782 558 stolidi
813 522 952 566 oculis,
984 534 1061 558 non
1096 523 1247 559 ratione
1281 532 1508 573 pensa-ssent
1540 526 1597 562 vi-

170 604 244 637 res,
274 592 369 628 nihil
400 593 502 629 aliud
542 594 614 629 nisi
645 606 801 629 suorum
844 600 881 629 et
910 593 1078 629 hostium
1115 593 1316 631 multitudo
1349 596 1596 638 occurrisset,

171 663 389 700 mirandum
420 672 547 700 tamen
577 671 697 708 esset,
729 677 797 701 cur
830 665 963 701 Livius
993 666 1095 700 hunc
1127 670 1325 712 stuporem
1357 678 1596 703 commemo-

170 735 320 771 ratione
351 736 506 784 diguum
540 742 726 783 putasset.
788 735 864 773 Sed
897 742 933 772 et
965 747 1049 784 quae
1079 735 1301 783 praeoedunt
1343 743 1380 773 et
1423 749 1507 784 quae
1537 750 1597 774 se-

171 813 352 852 quuntur,
383 806 610 850 ostendunt,
646 819 732 842 eum
762 807 835 842 hoc
868 819 1071 850 narrasse,
1111 806 1274 843 militum
1308 807 1445 843 animis
1476 808 1595 845 totius

171 876 259 912 belli
290 877 447 925 eiusque
479 890 636 913 casuum
668 876 897 912 memoriam
928 877 1178 913 obversatam
1212 889 1295 913 esse
1327 890 1469 925 eosque
1486 879 1596 915 varie

172 948 361 984 affecisse.
421 949 560 995 Itaque
593 953 682 982 ante
716 946 856 982 multos
887 959 1010 982 annos
1042 947 1321 983 adnotaveram
1352 948 1596 986 scribendum

171 1031 271 1054 esse:
304 1031 439 1066 quum
477 1031 567 1054 non
610 1016 764 1052 oeulis
809 1016 962 1064 magis
1002 1029 1142 1064 quam
1187 1018 1379 1054 ratione
1419 1032 1594 1067 pensa-

169 1096 273 1125 rent
304 1089 451 1133 vires3
480 1089 659 1136 idemque
692 1087 1008 1123 Weissenbornio
1038 1088 1078 1123 in
1105 1095 1269 1124 mentem
1302 1089 1464 1135 venisse,
1494 1103 1596 1127 nunc

168 1159 294 1204 video,
325 1172 394 1196 nec
425 1167 553 1196 tamen
583 1159 742 1194 firmiter
782 1159 1102 1206 comprehensum
1134 1171 1228 1195 esse.
1300 1159 1472 1196 Similem
1506 1174 1594 1197 ora-

167 1230 281 1267 tionis
314 1231 479 1266 formam
511 1231 591 1266 haee
621 1230 765 1265 habent
802 1229 840 1265 in
872 1230 1016 1275 XLII,
1052 1232 1119 1275 14,
1157 1232 1197 1266 2:
1228 1231 1594 1279 praeoccupatis

165 1313 259 1337 non
291 1302 493 1338 auribus
524 1301 679 1349 magis
712 1312 851 1348 quam
883 1301 1068 1339 animis.
1149 1300 1397 1338 contrariam
1441 1308 1592 1337 senten-

164 1373 259 1409 tiam
291 1373 424 1427 Liyius
455 1372 584 1421 posuit
616 1372 687 1416 VI,
726 1373 783 1415 13,
820 1374 858 1407 1:
891 1371 1156 1408 multitudo
1188 1372 1427 1416 hostium,
1468 1372 1593 1408 nulli

167 1443 237 1479 rei
276 1451 599 1492 praeterquam
642 1455 840 1478 numero
882 1442 1012 1478 freta
1055 1449 1098 1478 et
1144 1442 1298 1478 oculis
1340 1450 1595 1491 utramque

167 1515 369 1551 metiens
401 1514 568 1550 aciem.
585 1510 624 1560 ¹)

262 1724 362 1754 quam
390 1715 430 1745 de
458 1724 498 1745 eo
525 1713 672 1754 reperi03
698 1714 755 1743 sed
781 1713 915 1743 etiamsi
941 1712 976 1742 in
1002 1713 1160 1743 omnibus
1187 1713 1378 1749 codicibus,
1398 1713 1497 1744 bonis
1519 1724 1590 1744 ma-

261 1777 408 1813 lis,absit
426 1776 553 1807 lineola
578 1776 697 1806 litterae
724 1785 753 1808 ιιι
780 1775 892 1812 index,
911 1784 1020 1814 neque
1049 1774 1187 1805 ablativi
1203 1784 1312 1815 neque
1340 1774 1592 1805 cohibendo

261 1839 332 1868 sine
359 1839 554 1868 accusativo
580 1837 727 1877 positum
755 1836 834 1867 ferri
859 1842 983 1877 potest.
1036 1835 1088 1867 Se
1124 1836 1160 1865 in
1195 1845 1275 1866 vera
1303 1837 1470 1878 scriptura
1512 1837 1593 1878 (ef-

260 1899 472 1931 ferentem
500 1909 543 1929 se
575 1898 814 1938 fortunam)
850 1898 958 1928 nihilo
991 1897 1103 1928 minus
1142 1898 1185 1928 ad
1224 1897 1398 1928 fortunam
1433 1898 1591 1932 refertur.

261 1961 433 2000 Quoniam
461 1962 494 1992 in
521 1962 585 1993 hoe
613 1961 722 2002 capite
750 1960 934 1999 aliquoties
962 1960 1107 1989 aliorum
1150 1969 1279 1990 errores
1315 1961 1498 2000 castigavi,
1533 1961 1592 1991 ad-

259 2024 349 2060 dam,
377 2033 431 2053 me
456 2023 569 2064 ipsum
590 2023 625 2053 in
650 2024 808 2063 proximo
835 2022 1007 2063 superiore
1037 2021 1149 2062 capite
1176 2021 1255 2061 (29)
1272 2022 1322 2061 §4
1350 2022 1592 2061 (Hannibal

259 2085 370 2115 nihil
409 2085 579 2124 quidem
609 2094 754 2114 eorum
782 2110 791 2118 ,
820 2107 863 2114 ..
902 2085 1002 2114 laeto
1030 2083 1174 2113 animo
1203 2083 1365 2120 audiit,
1409 2083 1591 2114 maxime

258 2147 402 2178 hostis
429 2147 638 2178 fiducia.
668 2171 675 2176 .
704 2170 710 2176 .
737 2145 983 2187 perculsus)
1012 2154 1081 2174 non
1106 2150 1198 2175 recte
1226 2145 1308 2175 olim
1327 2145 1591 2186 probasseDra-

258 2209 458 2239 kenborchii
485 2209 727 2239 coniecturam,
755 2217 856 2248 quam
883 2207 985 2236 ctiam
1013 2205 1073 2235 W.
1102 2212 1238 2237 secutus
1267 2213 1328 2243 est,
1357 2217 1399 2238 ex
1427 2208 1471 2238 si.
1501 2208 1590 2247 quod

258 2271 292 2300 in
320 2271 491 2301 codicibus
519 2276 597 2311 post
623 2271 806 2301 maxime
833 2269 979 2303 additur,
1008 2268 1194 2298 seilicet
1219 2268 1408 2299 efficientis.
1461 2269 1590 2299 Verum

258 2333 291 2363 id
317 2324 382 2364 hoe
408 2332 496 2369 loco,
526 2332 581 2362 ubi
609 2331 819 2363 concessioni
860 2330 989 2370 (nihil
1015 2329 1207 2370 quidem)
1234 2331 1473 2372 superadditur
1499 2330 1591 2360 aliud

258 2395 377 2431 maius,
400 2395 480 2434 poni
506 2405 574 2425 non
595 2395 716 2435 potuit.
776 2392 866 2431 Quid
889 2392 1007 2430 subsit,
1036 2392 1170 2430 uesci03
1199 2393 1242 2422 ad
1259 2392 1346 2423 Livii
1373 2392 1591 2423 eonsuetudi—

257 2466 334 2486 nem
365 2456 575 2496 aptissimum
604 2462 708 2486 esset:
745 2480 752 2486 .
781 2481 789 2488 .
817 2455 974 2492 audiit3
1012 2451 1231 2495 [ceterum]
1280 2455 1468 2484 maxime
1509 2478 1515 2483 .
1545 2480 1553 2487 ,
1580 2476 1590 2486 .

258 2518 494 2559 perculsus
529 2524 599 2548 est.
651 2518 719 2548 Sed
748 2527 788 2548 eo
814 2517 959 2556 vestigia
985 2526 1053 2546 non
1084 2516 1224 2546 ducunt.

189 2575 220 2619 ι)
259 2578 342 2620 Cap.
371 2583 432 2616 31,
463 2584 474 2610 l
507 2589 616 2620 neque
647 2588 720 2620 per
753 2579 970 2609 adventus
1006 2577 1070 2607 tui
1106 2586 1222 2617 spem
1259 2585 1337 2616 pro:
1373 2576 1589 2607 adventus

258 2643 317 2673 tui
346 2652 416 2683 spe
441 2641 621 2672 Livianum
659 2647 707 2671 est
737 2650 845 2679 neque
881 2640 930 2670 ab
958 2640 1175 2670 adventus
1203 2638 1262 2668 tui
1291 2647 1383 2677 spe,
1409 2639 1523 2678 itaque
1558 2639 1591 2668 in

1258 2711 1322 2745 23*
