1811 2925
843 176 892 211 27
901 177 922 212 5
1330 172 1408 204 Lib.
1423 172 1560 204 XXIV.

172 301 426 350 inquirere
456 300 502 336 in
534 298 800 347 exemplum
832 303 889 334 est
920 310 1117 346 quaerere,
1164 310 1279 345 quam
1311 298 1414 334 bono
1446 297 1599 334 malove

174 372 350 421 exemplo
394 371 485 420 quid
526 372 605 407 fiat.
682 369 955 407 Scribendum:
994 381 1048 405 ne
1081 369 1187 418 quis
1218 375 1299 405 aut.
1329 369 1597 418 exemplum

173 443 464 492 exquireret
494 449 574 478 aut
604 447 675 478 eet.
745 440 874 476 Nemo
915 440 1133 488 exemplum
1168 440 1248 476 eius
1279 440 1334 476 rei
1367 446 1456 476 ante
1485 438 1599 476 faetae

174 514 403 563 exquirebat
429 514 508 563 (ut,
539 513 571 549 si
601 525 677 548 non
708 511 962 559 repperisset,
994 523 1074 548 rem
1106 511 1210 548 nullo
1245 511 1422 560 exemplo
1453 510 1597 547 factam

174 585 429 633 quereretur).
444 581 479 628 1)

294 654 390 704 Cap.
430 657 489 694 10,
527 656 586 693 11,
617 653 682 689 ubi
713 653 760 689 de
789 654 976 702 prodigiis
1009 653 1149 702 agitur,
1191 653 1284 689 nihil
1316 653 1472 690 omnino
1503 658 1598 693 erat,

173 738 240 762 cur
271 726 403 774 Lipsio
435 731 592 762 auctore
635 725 683 760 ab
722 724 900 760 omnibus
947 725 1128 773 deinceps
1174 725 1385 761 editoribus
1429 721 1600 772 quinque

172 798 294 833 verba
322 797 548 833 eiicerentur
585 807 709 843 neque
753 795 926 832 codicum
968 795 1045 832 ullo
1088 796 1229 832 indicio
1260 802 1440 844 suspecta
1473 807 1599 843 neque

175 882 198 904 a
228 868 331 904 Livii
363 868 490 904 animo
522 873 557 903 et
588 866 747 903 consilio
779 865 915 904 aliena.
982 866 1109 905 Nam.
1152 873 1194 902 ut
1223 873 1306 902 erat
1336 867 1416 903 eius
1445 866 1484 902 in
1515 872 1597 902 toto

174 939 248 976 hoc
275 951 415 987 genere
445 938 623 974 instabile
652 937 851 981 iudicium,
895 950 995 973 nunc
1027 937 1076 974 ad
1107 937 1313 985 {equalium
1350 938 1598 974 incredulita-

174 1016 263 1052 tem,
292 1022 392 1045 nunc
423 1010 470 1044 ad
502 1009 667 1057 speciem
709 1007 904 1055 quandam
942 1007 1140 1055 religionis
1180 1021 1265 1044 cum
1310 1009 1478 1056 antiquae
1507 1009 1599 1045 sim-

174 1080 354 1128 plicitatis
399 1080 652 1116 admiratione.
690 1091 730 1115 se
769 1078 980 1123 inclinans,
1038 1080 1111 1115 hoc
1157 1079 1243 1115 loeo
1284 1092 1361 1115 non
1401 1079 1482 1115 sine
1524 1079 1598 1115 leni

173 1151 348 1187 irrisione
377 1151 584 1199 significat,
628 1149 815 1186 miracula.
842 1149 927 1194 illa,
975 1163 1060 1198 quae
1091 1151 1379 1195 nuntiarentur,
1423 1151 1599 1187 homines

172 1221 278 1270 ipsos
324 1221 417 1267 sibi,
459 1222 571 1258 motis
609 1221 727 1257 semel
770 1220 818 1256 ad
861 1220 1159 1257 sollicitudinem
1207 1228 1244 1258 et
1285 1222 1595 1270 superstitionem

175 1292 324 1337 animis,
371 1292 556 1328 obiecisse
600 1298 637 1328 et
666 1290 840 1335 finxisse3
870 1304 988 1327 unum
1021 1292 1175 1339 quidem
1206 1306 1284 1330 non
1302 1294 1433 1329 fictum
1465 1292 1596 1336 fuisse,

174 1363 259 1407 sed,
304 1375 419 1411 quum
461 1363 689 1399 naturaliter
727 1362 951 1407 accidisset„
989 1364 1280 1410 tantummodo,
1324 1365 1429 1413 quod
1467 1378 1597 1402 rarum

175 1440 288 1473 esset,
325 1447 397 1482 pro
439 1433 617 1482 prodigio
661 1439 859 1481 acceptum
897 1433 1006 1469 dicit:
1051 1433 1175 1481 Quin
1215 1435 1372 1472 Romae
1403 1449 1597 1485 quoque

174 1503 219 1540 in
248 1504 355 1552 ipsa
389 1505 506 1540 urbe
539 1504 800 1540 seeundum
835 1516 972 1552 apum
1005 1506 1275 1541 examenin
1306 1506 1413 1544 foro
1446 1508 1598 1545 visum

177 1575 322 1623 (quod
354 1574 585 1611 mirabile
616 1580 708 1619 est,
752 1575 864 1623 quia
900 1578 1108 1622 rarum),
1153 1576 1467 1614 affirmantes
1504 1578 1602 1626 qui-

176 1646 295 1691 dam,
325 1646 545 1694 legiones
575 1658 624 1681 se
655 1652 869 1681 armatas
901 1646 945 1682 in
987 1646 1216 1684 Ianiculo
1263 1648 1452 1694 videre,
1495 1662 1603 1686 eon-

176 1717 395 1753 citavere
426 1717 676 1753 civitatem
709 1716 766 1752 ad
799 1707 950 1763 arma',
985 1729 1148 1767 quum,
1189 1718 1343 1766 quiin
1378 1719 1602 1757 Ianiculo

177 1795 362 1833 essent,
392 1794 648 1836 negarent,
682 1800 970 1836 quemquam
1008 1788 1078 1825 ibi
1108 1795 1285 1837 praeter
1315 1790 1459 1827 collis
1501 1791 1603 1827 eius

202 1966 233 2008 ι)
269 1966 433 1997 Proxima
459 1966 677 2007 paragrapho
709 1966 788 2006 (11)
815 1971 988 2007 receptum
1016 1976 1124 2008 nuper
1162 1973 1212 1999 est
1248 1969 1403 1999 codicum
1432 1970 1602 2006 mendum,

272 2028 364 2069 quod
390 2037 508 2059 omnes
544 2029 587 2059 ad
623 2034 776 2059 nostram
811 2033 945 2059 aetatem
983 2034 1073 2059 recte
1104 2037 1314 2071 spreverant:
1355 2041 1486 2072 seque
1519 2038 1602 2063 tum

271 2089 388 2120 haud
423 2089 554 2120 dubie
581 2099 696 2128 esse3
730 2090 848 2121 abesse
873 2100 1074 2131 pronomen,
1107 2091 1141 2121 in
1170 2101 1237 2132 quo
1263 2092 1337 2133 ipsa
1361 2094 1502 2125 vertitur
1528 2104 1605 2126 sen-

273 2152 397 2189 tentia,
433 2151 569 2191 nequit;
612 2152 769 2183 codicum
808 2152 977 2192 scriptura
1009 2154 1051 2183 ad
1084 2153 1227 2184 Latinas
1262 2163 1361 2186 aures
1392 2156 1479 2186 nihil
1512 2156 1603 2187 aliud

275 2214 499 2253 significaret,
529 2213 592 2244 nisi
625 2212 666 2252 Q.
703 2212 852 2244 Fabium
890 2219 964 2245 tum
1001 2215 1127 2248 vivere.
1192 2215 1259 2248 Sed
1298 2218 1418 2248 eodem
1456 2218 1533 2249 loco
1560 2219 1602 2250 ab

274 2276 431 2306 omnibus
466 2276 646 2306 retinetur:
681 2277 715 2306 si
749 2286 831 2316 qua
857 2287 906 2307 ex
940 2286 980 2307 re
1014 2284 1234 2316 oreretur,
1270 2278 1361 2318 quod
1387 2279 1510 2310 Latine
1536 2281 1605 2319 sig-

273 2337 403 2368 nificat:
431 2337 465 2368 si
493 2347 547 2368 ex
574 2338 726 2379 aliqua
746 2348 808 2377 re3
835 2349 916 2370 nam
941 2349 983 2370 re
1009 2349 1070 2380 pro
1098 2349 1144 2370 ea
1169 2349 1211 2370 re
1237 2339 1304 2370 dici
1328 2340 1463 2380 nequit3
1491 2341 1605 2383 itaque

274 2399 470 2430 necessario
498 2409 573 2430 cum
596 2400 796 2440 pronomine
825 2401 1053 2441 coniungitur.
1105 2401 1330 2432 Seribendum
1349 2412 1426 2433 cum
1447 2403 1605 2435 Dukero:

276 2460 311 2491 si
345 2471 426 2501 qua
459 2471 510 2491 ex
545 2471 592 2492 ea
633 2471 686 2492 re.
742 2462 815 2493 Etsi
850 2472 939 2493 nova
970 2461 1122 2503 proferre
1148 2463 1358 2503 propositum
1391 2469 1456 2502 est,
1492 2470 1606 2496 tamen

277 2521 420 2552 subinde
456 2523 569 2561 lubet,
608 2523 773 2564 exemplis
802 2532 845 2553 ex
885 2523 1042 2564 proximo
1088 2525 1361 2565 occurrentibus,
1404 2532 1605 2565 monstrare,

277 2583 357 2622 quid
392 2583 477 2614 Livii
529 2584 648 2615 editori
693 2590 796 2616 restet
835 2584 1028 2616 faciendum
1066 2591 1123 2617 aut
1157 2595 1199 2617 ex
1231 2597 1338 2628 nuper
1371 2587 1469 2619 factis
1508 2588 1608 2619 refin-

277 2644 434 2682 gendum.

1274 2739 1338 2771 18*
