1811 2925
802 154 875 190 341
1325 149 1545 182 Lib.XXIX.

252 278 348 328 Cap.
384 280 418 322 5,
449 277 491 313 8:
547 276 738 313 Interim
769 275 909 323 Mago
939 274 1117 312 milites
1148 274 1306 312 Gallis
1336 272 1548 310 dimissis

141 350 259 388 clam
297 361 379 398 per
422 357 562 396 agros
609 358 767 382 eorum
820 346 1039 382 mercede
1087 345 1369 382 conducere.
1452 343 1547 379 Haec

141 421 261 457 verba
312 418 526 467 significant
580 416 717 454 Gallos
762 415 938 452 dimissos
986 428 1068 453 esse
1113 429 1181 465 per
1224 427 1339 465 agros
1387 413 1547 450 militum

141 491 270 528 nescio
301 489 406 526 cuius
435 488 577 537 gentis;
607 487 700 523 nihil
721 486 820 522 enim
851 486 954 522 aliud
981 492 1049 530 est,
1081 499 1157 535 quo
1186 487 1224 523 in
1253 487 1326 523 hac
1358 485 1545 533 scriptura

143 561 331 599 referatur
360 571 537 596 eorum.
611 558 789 606 Apparet
815 563 1013 606 praeterea,
1054 569 1077 594 a
1106 558 1275 605 Magone
1304 569 1380 592 non
1411 555 1548 593 Gallos

144 632 320 669 dimissos
357 642 459 671 esse,
500 629 566 666 sed
605 629 760 664 Poenos
799 628 848 664 ad
893 627 1032 665 Gallos
1062 627 1343 664 conducendos.
1401 626 1548 662 Veram

143 704 373 752 scripturam
396 701 537 737 habent
557 699 729 736 codices:
761 699 962 735 Interim
993 699 1136 747 Mago
1167 698 1344 734 milites
1365 695 1550 734 Gallos.

145 773 360 810 dimissis
402 771 522 808 clam
568 782 651 818 per
685 782 826 819 agros
857 782 1018 805 eorum
1051 768 1300 817 (Gallorum),
1332 766 1550 803 mercede

145 844 425 881 conducere.
484 840 637 878 Fefellit
666 839 830 876 editores
862 840 915 885 (et
944 840 1139 876 librarium
1171 852 1288 876 unum
1321 844 1358 874 et
1388 837 1546 874 alterum

144 911 410 960 recentiorem)
441 911 630 961 participii
662 909 852 946 ablativus
895 909 948 957 (in
979 910 1201 946 mittendi
1231 909 1349 945 verbo
1380 914 1417 944 et
1447 919 1551 943 com-

146 985 294 1034 positis)
326 984 515 1019 interdum
545 982 638 1018 dure
668 981 721 1016 sic
750 980 910 1029 positus,
941 987 993 1023 ut,
1031 981 1136 1017 nulla
1165 980 1337 1017 subiecta
1365 977 1551 1015 sententia

146 1055 307 1091 relativa
338 1053 516 1101 (missis
548 1051 654 1100 qui),
696 1051 876 1087 audiatur
913 1051 1125 1088 subiectum
1164 1050 1352 1088 infinitum
1394 1048 1552 1096 (homi-

146 1124 303 1169 nibus,
336 1122 563 1171 aliquot),
603 1127 643 1158 ut
672 1121 705 1166 Ι,
748 1122 811 1165 31,
851 1122 896 1160 2:
940 1122 1101 1159 missis
1143 1123 1201 1159 ad
1227 1122 1272 1158 id
1303 1119 1552 1156 visendum

145 1194 436 1242 prodigium,
467 1199 503 1230 et
534 1193 757 1238 X229.18:
787 1193 982 1238 Fabius,
1013 1193 1231 1230 dimissis
1263 1193 1321 1229 ad
1351 1203 1553 1240 quaeren-

146 1265 251 1301 dum
291 1265 488 1313 collegae
529 1275 718 1313 corpus,
760 1264 922 1313 spolia
968 1263 1178 1300 hostium
1224 1292 1261 1301 ..
1305 1261 1554 1305 cremavitff

147 1342 183 1371 et
209 1336 416 1377 XXXIII„
453 1338 512 1379 11,
557 1337 594 1371 1:
641 1334 899 1382 missisque
929 1335 1179 1371 Larissam
1224 1335 1281 1370 ad
1327 1345 1554 1371 commen-

145 1406 300 1442 tarios
329 1406 488 1454 regios
519 1405 880 1443 comburendos.
950 1404 1202 1442 Coniunctum
1234 1406 1307 1442 hoc
1337 1417 1422 1441 cum
1452 1403 1552 1439 indi-

144 1476 259 1513 cativi
305 1477 472 1513 eiusdem
510 1477 618 1514 verbi
654 1488 747 1521 usu,
786 1477 888 1524 quod
931 1476 1106 1513 absolute
1146 1476 1338 1512 mittere
1383 1475 1438 1511 ad
1469 1474 1552 1510 ali-

146 1559 278 1595 quem
326 1553 362 1583 et
406 1548 461 1583 ad
507 1547 692 1595 aliquid
733 1545 1005 1584 faciendum
1051 1547 1205 1592 dieitur,
1249 1546 1349 1582 unde
1387 1544 1552 1593 passive.¹

147 1630 234 1653 raro
265 1618 454 1666 exemplo,
483 1618 635 1662 XLIV,
668 1619 730 1663 33,
766 1621 787 1654 4
819 1618 992 1666 ponitur:
1043 1617 1153 1655 Cum
1184 1617 1347 1654 eodem
1392 1616 1447 1652 ad
1482 1628 1554 1664 pe-

149 1689 333 1724 cuniam
367 1689 700 1738 accipiendam
732 1688 863 1724 missi
893 1696 999 1724 sunt
1037 1687 1229 1731 (homines
1259 1687 1435 1735 aliquot).

260 1758 354 1808 Cap.
384 1760 442 1803 18„
478 1762 522 1794 17
556 1758 902 1804 Weissenbornius„
943 1772 1018 1807 quo
1049 1758 1128 1794 fere
1162 1757 1370 1794 inclinabat
1400 1757 1555 1794 Grono-

148 1828 243 1873 vius,
275 1830 424 1866 codices
455 1836 604 1866 secutus
636 1829 768 1866 edidit:
811 1831 1111 1878 aliquantum
1152 1828 1244 1864 iam
1276 1828 1556 1865 altitudinis

149 1899 365 1936 excitata
397 1906 534 1936 erant
564 1900 767 1945 moenia;
801 1907 915 1937 antea
934 1900 1119 1937 edebatur
1150 1899 1206 1934 ad
1237 1899 1554 1947 aliquantum.

149 1969 465 2017 Aliquantum
501 1971 671 2018 genitivo
702 1972 851 2008 adiecto
882 1971 919 2007 in
949 1982 1131 2007 mensura
1161 1969 1413 2018 significanda
1443 1982 1556 2007 accu-

148 2039 273 2076 sativo
303 2052 394 2077 casu
425 2048 527 2077 reete
555 2041 647 2090 poni
678 2047 825 2090 potest;
867 2054 944 2078 non
982 2041 1106 2077 minus
1149 2040 1247 2077 enim
1284 2047 1385 2077 recte
1429 2041 1461 2085 Ι,
1494 2042 1557 2078 25.

156 2113 169 2146 1
208 2111 401 2147 scribitur:
432 2111 734 2160 aliquantum
765 2112 917 2160 spatii
957 2143 992 2150 ..
1022 2111 1293 2160 aufugerat,
1324 2123 1439 2159 quam
1469 2112 1558 2148 XL.

151 2181 215 2225 28,
245 2184 286 2217 4:
332 2182 552 2230 exiguum
592 2182 824 2231 temporis
866 2182 1029 2230 aliqua
1067 2181 1217 2218 forma
1247 2194 1412 2230 pugnae
1453 2181 1557 2221 fuit.

151 2250 228 2288 Sed
258 2252 533 2289 altitudinis
567 2266 705 2290 nomen
735 2266 811 2289 non
842 2253 964 2301 magis
1002 2264 1073 2300 pro
1103 2263 1283 2287 mensura
1313 2252 1405 2300 poni
1434 2258 1560 2301 potest-

151 2333 266 2369 quam
293 2322 502 2360 latitudinis
531 2323 827 2372 longitudinisve
873 2323 962 2371 (hoc
992 2328 1067 2366 est,
1097 2328 1286 2358 certarum
1317 2322 1431 2371 spatii
1460 2322 1559 2371 regi-

152 2404 278 2437 onumt
307 2405 402 2441 quas
432 2405 530 2429 nunc
560 2399 637 2429 tres
658 2393 913 2429 dimensiones
943 2393 1212 2442 appellamus),
1241 2406 1311 2430 nec
1334 2393 1410 2430 diei
1438 2406 1560 2442 mag·

152 2475 258 2500 nam
290 2463 824 2507 altitudinem(multum
856 2464 1154 2511 altitudinis)
1186 2476 1408 2501 creseere
1439 2464 1561 2512 (quod

152 2540 288 2571 contra
317 2535 525 2571 rectissime
570 2534 707 2571 dicitur
749 2546 964 2583 magnum
1007 2534 1218 2583 spatium
1248 2534 1457 2583 fugere),
1494 2535 1561 2571 sed

153 2611 302 2641 tantum
345 2605 393 2641 in
433 2605 739 2642 altitudinem
781 2617 1018 2650 crescere⁷
1059 2605 1104 2641 in
1141 2617 1355 2653 magnam
1387 2604 1480 2651 altr,
1516 2605 1561 2641 in

154 2675 350 2711 multum
380 2675 678 2720 altitudinis;
724 2687 848 2723 neque
890 2675 929 2711 in
967 2687 1014 2711 ea
1045 2687 1086 2712 re
1124 2675 1201 2712 alia
1230 2682 1288 2712 est
1325 2675 1455 2712 Latini
1484 2688 1565 2712 ser-
