1811 2925
850 154 926 189 477
1426 150 1500 181 Lib.
1524 150 1603 183 XL.

180 275 301 323 saeva)
349 276 606 312 deusserat
661 281 890 320 cunctas:
942 275 1094 315 etiam
1142 273 1401 322 aliquanto
1462 286 1603 321 quam

181 346 306 382 alias
335 345 532 394 longior
560 344 664 381 fuit.
726 347 771 383 Id
803 346 962 383 accessit
992 345 1042 381 ad
1073 340 1317 390 saevitiam.¹)

295 416 392 465 Cap.
425 418 499 459 47,
539 419 574 451 l:
614 416 794 453 Eodem
827 430 950 453 anno
994 416 1094 466 (179
1131 429 1165 451 a.
1197 414 1308 460 Chr.)
1354 414 1399 449 in
1430 413 1604 462 Hispa-

182 487 266 523 nia
310 487 354 522 L.
388 486 669 522 Postumius
713 494 759 523 et
807 488 878 524 Ti.
915 485 1239 535 Sempronius
1270 492 1603 533 propraetores

182 564 601 606 comparaverunt
633 558 703 594 ita
732 558 858 594 inter
887 570 962 603 se,
995 556 1116 593 utin
1147 556 1376 592 Vaccaeos
1407 568 1490 603 per
1519 555 1604 591 Lu-

182 627 415 664 sitaniam
447 628 540 663 iret
570 629 797 674 Albinum,
832 629 875 664 in
896 627 1218 666 Celtiberiam
1249 626 1359 662 inde
1390 630 1604 661 reverte-

182 698 673 742 retur3GracchuS,si
703 699 857 736 maius
888 699 957 735 ibi
988 698 1167 735 bellum
1201 695 1401 741 essenii]
1434 695 1605 731 ultima

183 769 472 806 Celtiberiae
505 775 804 817 penetraret..
872 769 1093 805 Mundam
1133 768 1295 804 urbem
1327 767 1527 816 primum
1559 766 1604 802 vi

184 839 325 887 cepit,
344 845 414 875 etc.
473 840 564 875 Duo
595 839 631 875 in
664 840 721 876 his
752 840 881 876 statim
913 838 1124 883 offendunt,
1148 838 1322 882 alterum,
1357 837 1459 886 quod
1478 836 1604 874 Grac-

185 911 268 948 cho,
300 909 331 945 si
361 909 485 945 maius
516 909 581 946 ibi
613 910 668 952 (in
701 911 822 946 altera
853 910 987 947 Albini
1016 908 1174 959 parte?)
1212 909 1352 945 bellum
1386 921 1462 945 non
1493 914 1604 951 esset,

186 979 278 1015 nihil
309 979 464 1016 omnino
497 980 670 1017 relietum
701 981 949 1029 significatur,
982 980 1085 1029 quod
1116 986 1261 1028 ageret,
1293 979 1468 1024 alterum⁷
1501 978 1604 1026 quod

185 1050 368 1085 incertum
401 1056 482 1094 est,
524 1050 574 1086 ad
605 1057 730 1087 utrum
761 1051 1002 1099 pertineant,
1054 1064 1138 1099 quae
1169 1050 1348 1098 deinceps
1380 1055 1605 1085 narrantur:

186 1120 408 1156 Mundam
439 1122 604 1158 urbem
636 1128 732 1166 σεεμ,
779 1121 958 1158 videntur
988 1127 1116 1157 tamen
1148 1133 1306 1170 prorsus
1338 1120 1387 1156 ad
1420 1119 1604 1155 Albinum

185 1191 399 1239 pertinere,
444 1191 503 1227 cui
546 1192 601 1228 ita
640 1192 775 1241 primae
806 1191 945 1240 agendi
975 1197 1104 1239 partes
1136 1192 1296 1235 dantur,
1327 1197 1368 1226 ut
1399 1190 1606 1227 Gracchus

185 1267 345 1306 tantum,
375 1262 407 1297 si
437 1262 561 1298 maius
589 1263 626 1299 iu
655 1263 754 1299 illius
785 1269 896 1311 parte
927 1261 1069 1298 bellum
1101 1262 1167 1307 sit,
1198 1261 1413 1298 subveniat.
1482 1259 1606 1307 Atqui

184 1332 232 1368 (le
263 1331 444 1369 Graccho
475 1332 542 1369 illa
570 1333 732 1378 narrari,
764 1345 856 1369 mox
887 1335 921 1377 (ξ
955 1335 976 1369 4
1010 1339 1047 1368 et
1077 1330 1272 1380 deinceps)
1307 1336 1480 1379 apparet.
1526 1332 1606 1367 Ac-

185 1402 286 1439 cedit
327 1402 531 1451 vestigium
575 1403 703 1439 mendi
734 1402 978 1439 manifestum
1011 1403 1048 1439 in
1079 1403 1206 1451 prima
1237 1401 1422 1447 editione,
1460 1401 1497 1436 in
1531 1413 1608 1448 qua

187 1473 241 1509 sie
286 1472 481 1509 scribitur:
536 1474 581 1509 in
637 1473 958 1510 Celtiberiam
1016 1473 1123 1509 inde
1182 1477 1520 1509 reverteretur
1569 1470 1609 1506 si

190 1542 447 1580 Gracchus
477 1545 633 1594 maius
664 1545 758 1581 sibi
789 1544 966 1580 bellum
1007 1551 1164 1588 esset,
1207 1555 1255 1579 ex
1292 1555 1369 1590 quo
1404 1543 1611 1578 vehemens

284 1757 520 1799 propiusve
561 1756 709 1786 urbem
740 1755 774 1786 X
800 1755 997 1786 millibus
1024 1755 1248 1796 passuum)
1288 1764 1349 1785 nec
1376 1753 1499 1784 rationi
1529 1763 1610 1784 con-

282 1819 491 1856 venientem3
533 1827 610 1847 nam
644 1828 706 1858 pro
738 1817 885 1848 ablativo
923 1816 1151 1858 (differentiae)
1192 1817 1363 1856 quomodo
1400 1816 1610 1846 accusativus

282 1889 357 1910 cum
385 1879 614 1920 comparativo
642 1879 892 1919 coniungatur,
934 1889 1001 1909 non
1038 1885 1187 1919 apparet.
1260 1878 1306 1909 Et
1344 1883 1457 1908 tamen
1492 1877 1610 1907 eodem

282 1941 385 1972 modo
412 1940 569 1972 scribitur
594 1941 628 1971 in
654 1939 724 1972 Cic.
749 1941 899 1981 Philipp.
927 1940 1013 1977 VII,
1042 1944 1072 1978 9,
1100 1943 1154 1971 26.
1206 1939 1244 1970 In
1270 1939 1396 1971 tabulis
1421 1938 1506 1977 legis
1533 1937 1612 1969 Ser-

283 2002 368 2033 viliae
390 2008 422 2033 et
447 2002 542 2033 Iuliae
567 2003 781 2044 municipalis
808 2001 1106 2043 (Heracleensibus
1134 2012 1162 2032 v.
1191 2005 1256 2039 20,
1296 2003 1358 2037 26,
1387 2003 1441 2040 50,
1470 2003 1523 2039 68,
1554 1999 1610 2039 77)

285 2074 384 2096 casus
419 2065 564 2096 nominis
595 2075 664 2095 non
699 2065 908 2106 exprimitur.
969 2063 1047 2094 Non
1079 2073 1168 2103 nego
1196 2062 1418 2093 inclinatione
1445 2071 1524 2093 usus
1550 2071 1610 2091 na-

284 2126 330 2156 sei
364 2126 459 2156 illam
493 2125 637 2157 formam
672 2127 824 2168 potuisse
860 2126 913 2156 vel
948 2135 992 2156 ex
1018 2135 1080 2163 00,
1107 2126 1196 2164 quod
1224 2125 1377 2155 abesse
1397 2128 1460 2154 tot
1486 2123 1611 2154 milia

283 2197 394 2228 pass.
423 2187 557 2220 dicitur.

216 2245 249 2287 1)
285 2248 447 2279 Proximo
473 2249 581 2289 capite
613 2248 694 2289 (46,
724 2247 779 2287 15)
813 2249 847 2278 in
874 2247 927 2278 his
952 2247 1065 2278 verbis
1093 2247 1152 2287 (de
1184 2245 1380 2277 censoribus
1406 2245 1550 2276 AEmilio
1578 2251 1610 2275 et

285 2310 406 2341 Fulvio
432 2310 466 2340 in
491 2310 634 2350 gratiam
663 2309 841 2350 reductis):
869 2308 1081 2340 Omnibus
1106 2307 1392 2345 instantibus,
1420 2308 1492 2347 qui
1519 2308 1611 2338 ade-

284 2378 390 2409 rant,
419 2372 620 2403 dexteras
647 2371 860 2412 fidemque
887 2370 1255 2408 dedere‚mitt.ere
1280 2379 1379 2400 vere
1406 2379 1452 2400 ac
1478 2368 1611 2400 finire

286 2433 452 2470 odium,
490 2442 601 2472 neque
637 2433 776 2464 omissio
810 2433 1021 2474 pronominis
1055 2430 1203 2471 (fidem
1231 2431 1279 2462 do
1305 2429 1469 2469 facere)
1497 2429 1613 2470 placet

286 2504 396 2535 noque
434 2495 605 2525 mittere
648 2495 790 2525 odium
826 2504 935 2534 neque
977 2494 1175 2525 adverbium
1216 2502 1331 2530 vere3
1386 2491 1480 2522 nulla
1520 2491 1611 2521 enim

289 2563 362 2588 erat
387 2566 490 2587 causa
517 2557 558 2586 de
584 2556 745 2587 simulata
778 2556 846 2586 odii
884 2555 1082 2586 remissione
1116 2554 1300 2594 cogitandi.
1359 2552 1535 2584 Cori-ectio
1561 2552 1611 2582 in-

286 2625 378 2649 certa
404 2625 464 2656 est,
490 2617 554 2648 nisi
583 2617 673 2657 quod
711 2617 945 2650 remittere
979 2626 1020 2647 se
1055 2616 1232 2657 scripsisse
1264 2615 1420 2653 Livium,
1447 2623 1610 2655 perquam

285 2679 462 2719 probabile
488 2687 548 2710 est.
599 2678 864 2718 (Remittere
891 2687 932 2708 se
960 2678 1066 2715 iras,
1094 2675 1446 2712 finireodiunm
