1811 2925
809 126 882 162 581
1328 123 1404 157 Lib.
1430 124 1561 156 XLIV.

136 255 175 287 et
205 250 374 286 Lemnus
421 248 628 286 interiectae
664 254 784 292 erant,
827 259 943 295 quum
974 246 1186 296 praesertim
1221 259 1269 283 ex
1300 247 1358 291 iis,
1389 259 1475 295 quae
1505 260 1564 284 se-

138 325 318 368 quuntur,
371 325 582 368 appareat,
625 332 674 356 ex
713 318 869 367 specula
907 316 1144 355 Subotorum
1185 317 1356 366 conspici
1393 317 1564 366 potuisse

138 402 258 426 naves
289 390 397 427 Etaea
432 390 612 434 Phanas,
652 388 835 426 Chiorum
882 388 1202 437 promuntorium,
1251 395 1435 437 petentes.
1517 389 1563 426 In

139 461 270 497 codice
301 461 480 497 scribitur
510 459 800 505 Eleaeethio‚
832 471 881 496 ex
899 471 975 507 quo
998 457 1162 495 efficitur
1192 457 1330 494 Elaeae
1362 464 1408 494 et
1439 459 1564 500 Chio.

139 530 178 566 Is
209 530 304 567 situs
335 531 468 568 insulae
501 532 571 568 toti
600 530 813 568 narrationi
843 525 1078 574 convenit.¹)
1143 528 1269 565 Paulo
1303 534 1390 577 post
1421 527 1461 579 (ξ
1498 531 1562 574 10)

138 602 264 638 oratio
282 603 336 639 sic
355 601 659 651 interpungenda
677 607 750 638 est:
773 600 864 639 Sed
887 612 1024 648 quum
1046 599 1137 635 iam
1160 599 1565 648 appropinquan-

138 672 255 709 tium
279 672 435 710 forma
455 673 723 710 lemborum
750 671 876 708 haud
900 670 1046 707 dubia
1075 676 1217 715 esset,
1256 700 1294 710 ..
1315 701 1323 710 .
1356 677 1467 708 tunc
1497 671 1565 708 in—

138 743 268 780 iecta
298 744 568 793 trepidatio
601 750 686 782 est.
753 742 846 791 (Hic
866 741 1012 790 primus
1035 741 1266 778 narrationis
1290 742 1400 790 quasi
1419 742 1564 791 gradus

139 820 206 850 est.
267 813 449 862 Sequitur
475 814 742 864 trepidationis
772 813 927 859 exitus.)
969 812 1118 859 Quum
1152 812 1423 849 resistendi
1454 825 1564 861 spes

139 883 273 920 nulla
303 891 453 930 esset,
497 886 809 933 inhabilique
851 883 1043 919 navium
1087 894 1270 931 genere
1301 888 1346 919 et
1389 882 1564 920 Gallis

139 955 220 991 vix
251 955 463 1003 quietem
509 956 784 993 ferentibus
817 955 862 991 in
895 953 1034 997 mari,
1065 964 1182 1002 pars
1214 965 1380 989 eorum
1519 953 1564 990 in

141 1025 443 1074 Erythraeam
483 1035 716 1070 enarunt,
756 1037 872 1074 pars
910 1030 981 1061 cet.
1058 1024 1159 1060 Tum
1199 1027 1217 1068 ξ
1260 1025 1304 1060 13
1348 1024 1387 1060 in
1434 1024 1565 1061 codice

140 1101 214 1131 est:
245 1095 538 1134 Clauserant
572 1097 693 1134 enim
726 1095 845 1133 Chio
880 1094 1225 1144 partasignari
1256 1102 1325 1131 cet.
1386 1094 1566 1132 Scriben-

139 1165 251 1202 dum:
290 1165 353 1204 CI.
385 1168 507 1204 enim
540 1165 648 1204 Chii
678 1173 850 1216 portas
882 1165 975 1216 (non
1004 1164 1224 1214 portam),
1272 1165 1454 1213 ignari}
1487 1166 1566 1214 qui

139 1235 367 1285 fugerent
398 1244 478 1274 aut
508 1244 840 1286 sequerentur.
903 1237 1008 1274 Nam
1028 1233 1113 1272 Chii
1131 1235 1301 1284 periculo
1332 1236 1455 1272 territi
1485 1248 1565 1272 om-

139 1319 206 1343 nes
237 1308 342 1344 urbis
373 1315 506 1357 portas
537 1308 768 1354 clauserunt7
802 1307 910 1346 Galli
941 1312 1029 1344 ante
1062 1318 1192 1350 unam,
1224 1318 1340 1354 quam
1361 1307 1565 1356 petierant.

139 1377 284 1414 exclusi
319 1385 418 1415 sunt.
490 1379 696 1416 Postremo
738 1382 755 1425 ξ
791 1382 838 1416 16
880 1391 996 1427 quum
1040 1377 1079 1413 in
1109 1376 1242 1413 codice
1275 1377 1341 1414 sit:
1385 1389 1467 1426 spe
1498 1390 1566 1413 ce-

144 1447 296 1485 lerius
326 1449 576 1498 ingressis
608 1462 664 1486 ex
692 1449 883 1495 lembis,
914 1447 1030 1486 scribi
1061 1447 1193 1483 debet:
1234 1459 1317 1496 spe
1356 1446 1566 1483 celerius

146 1519 389 1567 regressis
429 1520 470 1556 X
513 1519 710 1567 lembis,
770 1532 871 1563 non,
915 1525 957 1555 ut
1000 1517 1191 1567 Grynaeus
1240 1517 1331 1555 fecit
1374 1518 1565 1566 ceterique

144 1594 369 1634 tenuerunt,
419 1592 655 1637 reversis,
709 1591 812 1639 quod
855 1590 1100 1640 participium
1147 1589 1250 1638 apud
1294 1588 1447 1625 Livium
1493 1589 1566 1625 hoc

146 1671 221 1695 uno
251 1659 336 1696 loco
367 1660 441 1709 legi
474 1663 600 1699 credo.

258 1729 357 1780 Cap.
389 1732 452 1776 29,
485 1735 527 1769 2:
573 1734 753 1782 Itaque
794 1731 1028 1782 permixti
1061 1729 1365 1777 Romanique
1398 1735 1442 1765 et
1472 1729 1567 1765 Ma-

145 1801 354 1838 cedones
387 1810 431 1839 et
460 1805 686 1842 Eumenis
716 1803 917 1840 navales
954 1801 1081 1839 socii
1111 1801 1156 1837 in
1187 1800 1390 1850 templo,
1432 1799 1567 1836 indu-

145 1872 242 1908 tias
272 1873 512 1920 religione
555 1873 653 1910 loei
695 1874 958 1923 praebente,
1000 1872 1345 1910 versabantur.
1413 1870 1567 1908 Codex:

147 1949 191 1978 et
221 1943 266 1979 in
297 1944 496 1993 templo;
527 1944 677 1993 opinor,
707 1944 861 1981 Livium
892 1943 1115 1993 scripsisse:
1161 1940 1226 1992 [et
1269 1941 1314 1978 in
1345 1941 1481 1987 urbe]
1522 1947 1567 1976 et

145 2013 191 2049 in
221 2014 419 2063 templo;
460 2027 548 2051 nam
579 2028 649 2064 per
677 2016 812 2052 urbem
842 2015 923 2052 sine
953 2015 1070 2051 dubio
1101 2013 1187 2062 plus
1217 2011 1402 2061 temporis
1433 2022 1568 2047 versa-

145 2084 287 2120 bantur
317 2097 432 2132 quam
463 2085 501 2121 in
531 2085 674 2134 templo
706 2091 828 2123 erant.

259 2153 355 2203 Cap.
390 2156 454 2200 30,
492 2157 530 2191 1:
571 2156 685 2192 novi
715 2156 865 2192 duces
903 2155 941 2191 in
970 2154 1271 2203 provincias
1313 2156 1568 2193 venerant,

147 2224 316 2260 consul
356 2225 583 2262 AEmilius
622 2226 668 2262 in
710 2225 1070 2270 Macedoniam,
1114 2222 1352 2262 Octavius
1394 2220 1567 2258 Oreum

147 2294 206 2331 ad
237 2295 462 2340 classem,
505 2297 714 2334 Anicius
757 2297 803 2333 in
849 2296 1125 2346 Illyricum,
1170 2295 1244 2332 cui
1291 2291 1567 2331 bellandum

173 2534 205 2577 ι)
245 2537 346 2577 Quod
373 2547 480 2578 nuper
519 2543 683 2568 tentatum
709 2538 834 2576 video,
861 2537 985 2569 1⁴:1aeae
1012 2543 1051 2568 et
1077 2537 1206 2575 Asso,
1244 2545 1352 2577 neque
1379 2536 1462 2568 situs
1489 2544 1570 2565 con-

244 2600 337 2631 venit
361 2599 493 2640 (Lesbo
519 2599 709 2640 interiecta)
752 2608 861 2640 neque
889 2599 1016 2631 codicis
1042 2599 1188 2639 vestigia
1213 2597 1427 2630 confirmant.
1465 2596 1570 2628 Recte

246 2666 361 2692 tamen
387 2661 547 2692 mendum
573 2660 845 2692 animadversum
877 2665 938 2692 est.
