1811 2925
840 142 910 176 541
1376 138 1451 168 Lib.
1468 138 1579 171 XLu.

173 261 362 309 equites
393 261 436 296 in
471 261 649 297 castris
681 260 924 297 Romanis.
991 260 1093 296 Nam
1125 266 1389 308 separatus
1417 260 1586 296 Thessa·

173 331 295 366 lorum
326 330 530 378 equitatus,
554 332 625 367 hoc
655 338 723 372 est,
737 329 944 378 separatim
978 330 1147 374 tendens,
1178 329 1272 365 mire
1294 329 1468 377 fingitur,
1487 320 1581 377 quo-

173 401 274 436 niam
307 400 476 436 omnium
508 400 737 449 populorum
768 398 937 447 separati
968 399 1114 446 equites
1145 405 1275 443 erant,
1316 411 1438 446 neque
1481 399 1586 447 quic-

172 482 287 518 quam
320 469 359 506 id
389 470 438 505 ad
468 470 581 506 huius
613 470 687 507 loci
717 469 943 505 sententiam
982 468 1168 517 pertinen
1209 467 1347 504 refellit
1390 480 1586 505 commen-

172 548 250 576 tum
284 553 361 576 una
392 552 470 576 vox
504 540 677 583 omnis3
719 539 956 575 demonstrat
988 538 1139 583 Livius,
1168 544 1351 587 quantum
1384 538 1484 574 infra
1515 551 1584 574 ex-

171 610 448 658 spectationem
479 610 742 646 Romanorum
793 620 853 644 res
883 607 1009 644 fuerit.
1092 608 1137 644 In
1183 608 1249 644 tali
1295 607 1585 655 comparatione

171 687 403 729 exspectatae
447 679 502 715 rei
539 685 576 715 et
612 691 712 715 verae
742 678 884 715 nullum
916 678 1032 714 habet
1079 677 1206 714 locuni
1237 678 1476 726 parenthesis
1507 677 1585 721 illa,

172 762 288 797 quam
334 749 488 797 quidam
540 750 748 785 finxerunt:
798 755 843 784 et
886 745 1244 784 Thessalorum
1305 750 1365 793 (—
1427 748 1584 783 omnis

169 818 423 866 equitatus
453 826 683 867 speratus
714 825 818 854 erat
851 821 918 861 —)
949 823 1020 853 cet.
1083 816 1236 852 Excidit
1268 829 1466 864 quorum
1496 826 1584 866 post,

169 900 311 925 orum.
404 888 489 924 Hac
519 888 700 936 expedita
731 894 852 936 parte,
882 887 988 935 prior
1021 886 1136 922 etiam
1167 899 1242 922 non
1273 886 1478 923 difficulter
1511 900 1580 923 ex-

170 958 340 1006 peditur,
384 964 562 1005 totusque
607 958 713 994 locus
758 958 812 993 ita
855 964 958 993 recte
1004 957 1265 992 continuatur:
1310 957 1583 994 Aitolorum

169 1027 253 1062 alae
286 1027 422 1063 unius
453 1027 623 1071 instar,
647 1034 877 1075 quantum
908 1039 931 1062 a
961 1033 1067 1062 tota
1097 1034 1237 1074 gente
1265 1027 1477 1074 equitum
1511 1040 1582 1063 ve-

168 1104 316 1141 nerat,
348 1104 392 1132 et
423 1096 790 1143 Thessalorum,
821 1110 857 1145 q.
891 1109 926 1135 o.
953 1110 983 1133 e.
1005 1109 1071 1145 sp.
1105 1110 1150 1142 e⁸7
1182 1110 1273 1133 non
1303 1096 1410 1144 plus
1442 1110 1580 1145 quam

167 1164 283 1202 CCC
313 1167 504 1214 equites
535 1174 675 1202 erant
705 1167 749 1203 in
792 1180 823 1204 c.
856 1168 902 1204 R..
968 1166 1060 1203 Illa:
1101 1174 1330 1215 quantum
1368 1194 1406 1204 ..
1446 1179 1582 1203 vene-

167 1243 242 1272 rat
271 1236 422 1273 adiecta
456 1236 673 1281 ostendunt,
707 1238 902 1274 numerari
933 1249 1076 1281 ornnes,
1108 1249 1204 1284 quos
1234 1244 1317 1273 tota
1346 1249 1440 1285 gens
1471 1237 1582 1273 inise-

166 1305 235 1349 rit,
266 1317 342 1341 non
375 1305 471 1342 alios
502 1313 612 1342 extra
641 1314 770 1344 castra
800 1308 930 1356 aliquo
961 1308 1099 1343 missos
1130 1307 1259 1344 fuisse.
1324 1307 1444 1343 Erat
1474 1307 1582 1343 addi-

167 1384 246 1412 tum
277 1376 439 1420 videtur,
472 1388 589 1423 quum
619 1389 694 1412 non
725 1379 1116 1420 animadverteretur,
1147 1377 1196 1412 ad
1227 1384 1430 1424 utrumque
1461 1390 1581 1413 mem-

168 1446 278 1482 brum
309 1445 563 1482 communiter
591 1447 781 1493 pertinere
813 1455 1024 1483 extremuni
1056 1446 1166 1482 illud:
1206 1454 1345 1482 erant
1376 1447 1421 1482 in
1452 1459 1484 1485 c.
1506 1448 1552 1484 R.

279 1514 375 1564 Cap.
410 1517 473 1559 56,
513 1517 557 1550 10
591 1516 812 1564 (postquam
847 1517 988 1553 dictum
1020 1523 1086 1563 est,
1122 1517 1265 1553 Persea
1280 1516 1328 1552 ad
1349 1528 1463 1564 agros
1483 1517 1583 1553 Phe-

168 1597 331 1621 raeorum
362 1585 574 1621 vastandos
606 1585 776 1631 misisse,
810 1588 1007 1624 Romanos
1037 1586 1122 1621 elici
1152 1586 1302 1634 longius
1334 1599 1357 1622 a
1378 1587 1514 1622 castris
1546 1594 1582 1622 et

166 1655 400 1704 deprehendi
430 1666 545 1703 posse
575 1657 732 1702 ratunss
786 1657 916 1704 Quos
955 1668 1093 1703 quum
1132 1668 1184 1691 eo
1216 1656 1428 1692 tumultu
1458 1656 1581 1692 nihil

167 1732 323 1761 motos
350 1724 792 1771 animadvertisset,
810 1726 1019 1775 praedam
1045 1725 1234 1773 quidem
1256 1734 1579 1775 praeterquam

166 1795 408 1831 hominum
450 1823 488 1832 ..
526 1795 699 1830 divisit
744 1798 803 1834 ad
847 1795 1140 1846 epulandum
1188 1796 1442 1832 militibus.
1531 1796 1578 1832 Et

165 1864 354 1912 particula
395 1864 586 1912 quidem
624 1865 751 1912 inepte
782 1864 909 1913 posita
939 1871 976 1900 et
1009 1865 1301 1913 perversissima
1330 1879 1457 1902 rerum
1489 1879 1580 1902 cou-

165 1933 305 1970 iunetio
335 1933 530 1978 declarat,
574 1934 634 1970 hie
673 1947 826 1982 quoque
858 1935 1034 1982 quaedam
1078 1948 1102 1970 a
1132 1935 1288 1971 librario
1319 1937 1577 1983 praetermissa

164 2016 259 2047 esse,
291 2015 406 2051 quum
438 2003 656 2040 huiusmodi
687 2004 821 2041 fuisset
850 2005 1008 2052 integrae
1040 2005 1226 2041 orationis
1258 2005 1403 2041 forma:
1447 2006 1579 2052 Quos

165 2086 201 2121 q.
233 2086 265 2110 e.
298 2080 323 2109 t.
354 2085 388 2110 n.
420 2085 470 2109 m.
503 2073 958 2118 animadvertisset,
991 2072 1130 2123 [suos
1166 2074 1210 2110 in
1241 2082 1404 2111 eastra
1435 2087 1578 2111 revo-

162 2141 335 2192 cavit];
367 2143 572 2190 praedam
603 2144 793 2191 quidem
824 2150 893 2180 cet.
960 2143 1200 2189 (Gronovius
1250 2144 1299 2180 ad
1330 2157 1443 2180 unum
1479 2144 1578 2192 qui-

162 2212 264 2248 dem
295 2211 542 2259 offenderat.)

275 2279 372 2330 Cap.
407 2284 480 2325 57,
516 2282 557 2316 2:
601 2280 696 2318 Sub
728 2282 853 2318 idem
885 2282 1060 2319 deinde
1091 2290 1282 2332 teinpus
1313 2283 1576 2319 consilium

161 2359 206 2386 et
236 2350 403 2386 consul
433 2357 482 2385 et
512 2362 597 2386 rex
627 2351 927 2396 habuerunt,
969 2353 1097 2389 unde
1134 2353 1312 2389 bellum
1354 2353 1577 2389 ordiren-

162 2428 240 2455 tur
269 2420 374 2469 (cod.
407 2419 780 2467 dirimerentur).
846 2421 996 2469 Regis
1027 2431 1290 2459 creverunt
1328 2423 1470 2459 animi
1502 2435 1575 2459 va-

161 2489 375 2525 statione
406 2501 641 2525 eoncessa
685 2490 780 2526 sibi
825 2491 880 2526 ab
919 2491 1058 2528 hoste
1088 2493 1277 2528 Pheraei
1308 2493 1424 2541 agri.
1483 2493 1575 2529 Ita-

161 2568 249 2602 que
279 2557 480 2594 eundum
510 2559 620 2594 inde
655 2559 712 2594 ad
742 2567 909 2596 castra
939 2573 1036 2609 nec
1066 2562 1277 2597 dandum
1310 2562 1441 2598 ultra
1473 2575 1575 2611 spa-

161 2626 274 2662 tium
321 2628 580 2664 cunctandi
627 2630 874 2666 censebat.
949 2630 1083 2667 Codex
1129 2632 1411 2669 censebant.
1474 2632 1575 2669 Scri-
