1811 2925
833 136 910 171 543
1370 136 1445 167 Lib.
1472 137 1586 171 XLII.

160 252 386 300 scripserat:
417 253 517 292 levi
549 260 734 290 armatu
747 268 826 299 rae„
871 255 1075 293 Cretenses
1113 257 1329 306 intelligens
1360 270 1503 306 eosque
1534 261 1582 296 ab

159 321 350 369 equitibus
398 335 599 372 separans,
671 326 798 361 Paulo
843 333 934 374 post
965 326 1001 373 (ξ
1039 329 1115 372 10),
1163 328 1228 364 ubi
1272 329 1311 365 in
1355 329 1485 366 codice
1528 331 1583 367 sic

160 392 359 428 scribitur:
391 392 879 443 Quadringentorum
902 409 1068 433 manus
1100 404 1309 446 utraque
1340 412 1581 437 numerum

159 463 640 512 explebat-rationem
687 466 1132 503 tessalonicensem
1169 475 1213 504 et
1257 470 1582 520 certimanop-

156 533 453 582 tolopemum
514 536 574 572 iis
624 537 866 585 praefecit,
929 537 1050 574 latere
1101 538 1271 574 videtur:
1331 541 1582 589 explebat:

158 604 438 641 Stratonem
461 603 958 643 Thessalonicensem
983 614 1025 644 et
1048 610 1323 645 Artemona
1343 610 1581 659 Dolopem

156 675 216 711 iis
246 674 479 724 praefecit.
544 675 624 711 Pro
648 674 831 713 Stratone
852 685 1008 727 poterat
1039 679 1154 714 etiam
1185 679 1221 715 in
1254 686 1421 716 mentem
1452 682 1582 718 venire

156 746 388 791 Pration‚
434 745 620 782 Doricum
654 758 794 783 nomen
829 748 985 797 (Polyb.
1025 749 1230 795 XXVIII,
1269 752 1328 794 19,
1368 751 1416 799 1).
1480 752 1582 802 Gry-

157 828 261 852 naeus
301 817 461 852 Ionem
509 822 545 851 et
588 816 857 853 Timanora
900 817 1038 859 effecit,
1112 820 1451 858 Weissenbornius
1483 822 1583 859 falsa

156 887 282 935 specie
327 887 508 935 deceptus
550 887 867 935 Neoptolemi
911 901 1052 925 nomen
1094 902 1139 926 eo
1186 890 1271 927 loco
1317 892 1467 940 posuit,
1516 894 1582 930 ubi

158 956 323 992 civitatis
364 969 504 992 nomen
543 970 566 992 a
609 957 721 993 Livio
766 958 935 1006 positum
977 958 1097 996 fuisse
1143 967 1319 1009 apparet.
1392 962 1468 999 Sed
1499 969 1581 1000 tota

154 1038 215 1062 res
246 1026 374 1073 exigui
405 1029 589 1063 momenti
619 1035 687 1063 est.

267 1096 363 1145 Cap.
397 1099 459 1137 59,
493 1104 505 1134 l
544 1098 611 1141 (cle
630 1099 778 1146 proelio
811 1100 978 1147 equestri
1006 1100 1104 1135 inter
1125 1100 1271 1137 Persea
1295 1108 1329 1138 et
1346 1103 1581 1152 R01nanos):

154 1169 207 1203 In
239 1168 363 1204 hunc
383 1169 567 1204 modum
595 1169 803 1205 maxime
833 1169 1088 1206 instructae
1130 1171 1264 1207 acies
1304 1200 1340 1210 ..
1381 1185 1580 1211 concur-

153 1245 282 1283 runt,
313 1251 336 1274 a
370 1238 708 1276 funditoribus
739 1240 1228 1288 iaculatoribusque„
1272 1243 1349 1290 qui
1383 1256 1581 1292 praeces-

155 1316 339 1354 serunt,
384 1310 578 1358 proelio
625 1316 746 1346 orto,
832 1310 958 1349 Scrib.
1007 1319 1384 1360 praecesserant3
1428 1321 1583 1363 poterat

156 1380 270 1416 etiam
312 1381 385 1417 dici
424 1381 780 1429 praecedebant:
827 1381 1038 1429 perfectum
1091 1383 1128 1418 in
1172 1383 1361 1419 sententia
1394 1385 1584 1422 eiusmodi

155 1451 353 1487 interiecta
399 1464 563 1499 pravum
607 1457 662 1487 est
746 1451 876 1487 Medio
920 1452 1046 1500 capite
1079 1451 1114 1500 (ξ
1149 1455 1189 1498 6)
1230 1466 1346 1501 quum
1379 1454 1416 1490 in
1450 1455 1582 1491 codice

154 1520 203 1556 sit
236 1527 368 1557 certo
404 1522 734 1558 cendentibus
771 1522 943 1569 gradu,
986 1523 1229 1559 scribendum
1262 1529 1338 1560 est:
1381 1537 1478 1561 cum
1512 1538 1582 1562 or-

157 1591 341 1627 dinatis
381 1598 425 1628 et
455 1598 585 1628 certo
625 1593 914 1629 cedentibus
945 1594 1109 1641 gradu.
1170 1595 1413 1631 Incedere
1446 1596 1493 1632 de
1522 1610 1582 1633 re-

156 1662 383 1710 cipientibus
428 1674 468 1698 se
513 1663 637 1699 minus
684 1669 817 1712 aptum
860 1669 928 1701 est.
1012 1664 1163 1700 Deinde
1210 1664 1247 1700 in
1282 1668 1299 1709 ξ
1337 1669 1355 1702 7
1410 1666 1581 1715 (Quum

154 1733 316 1769 victor
354 1733 576 1780 equestri
618 1734 815 1782 proelio
846 1747 929 1770 rex
971 1747 1125 1782 parvo
1157 1741 1401 1772 momento
1435 1737 1473 1773 si
1504 1739 1582 1774 ad-

155 1803 383 1847 iuvisset7
428 1804 728 1840 debellatum
775 1810 923 1849 esset,
971 1811 1247 1853 opportune
1289 1806 1582 1845 adhortanti

155 1874 443 1922 supervenit
479 1875 712 1923 phalanx)
747 1875 928 1910 mendum
960 1875 1146 1920 subesse,
1193 1875 1437 1913 manifestum
1471 1884 1528 1914 est
1559 1892 1582 1915 a

154 1944 359 1992 multisque
388 1945 633 1982 intellectum.
692 1946 798 1982 Nam
831 1951 867 1981 et
889 1945 1150 1981 nominativus
1184 1946 1366 1994 (victor
1390 1977 1398 1986 .
1419 1977 1426 1986 ,
1445 1976 1455 1988 .
1482 1949 1580 1996 rex)

154 2015 208 2051 sic
237 2015 474 2063 praeponitur
504 2015 762 2052 coniunctioni
808 2016 847 2051 si
893 2022 929 2052 et
959 2015 1160 2052 subiicitur
1190 2016 1388 2064 particulae
1421 2031 1581 2066 quum,

153 2091 195 2120 ut
228 2085 276 2121 ad
308 2098 394 2121 eum
422 2086 709 2122 accommodari
735 2087 956 2123 necessario
983 2086 1144 2122 verbum
1177 2099 1200 2122 a
1232 2099 1370 2134 quun]
1408 2089 1582 2136 pendens

154 2156 294 2192 debeat
315 2157 568 2203 (quapropter
589 2154 793 2192 Gronovio
825 2156 1170 2193 debellaturus
1203 2164 1349 2203 esset,
1380 2158 1582 2195 Weissen-

155 2226 291 2262 bornio
323 2225 624 2262 debellasset
665 2225 810 2273 placuit
844 2239 916 2274 pro
948 2227 1250 2263 debellatum
1285 2234 1431 2274 esset,
1479 2230 1581 2277 quod

154 2297 192 2332 in
223 2297 306 2332 cod.
337 2296 515 2332 scribitur
555 2295 860 2332 debellatum
904 2309 1011 2333 esse
1060 2295 1149 2347 et),
1194 2303 1250 2343 61,
1297 2304 1338 2335 111
1377 2312 1477 2336 nunc
1513 2306 1581 2346 est,

155 2367 446 2403 adhortanti
477 2378 599 2414 prave
628 2366 797 2414 ponitur,
839 2367 944 2403 nulla
975 2368 1217 2415 praecedente
1246 2369 1476 2407 hortationis
1506 2372 1581 2420 sig-

155 2437 374 2474 nificatione
416 2437 493 2485 (cui
538 2436 593 2472 rei
632 2437 972 2473 Weissenbornius
1017 2445 1054 2475 et
1099 2439 1165 2475 alii
1206 2439 1260 2476 sic
1293 2446 1510 2488 occurrunt,
1542 2448 1583 2478 ut

155 2508 279 2556 ipsum
312 2507 624 2552 adhortanti,
656 2507 716 2543 cui
737 2507 979 2555 aptissimum
1004 2515 1060 2545 est
1090 2511 1396 2558 supervenit,
1422 2518 1582 2557 mutent,

155 2577 220 2614 ille
252 2579 424 2626 quidem:
470 2578 527 2614 ad
557 2578 851 2614 hort-andum
900 2578 1082 2628 scribat),
1130 2586 1178 2625 61,
1214 2580 1315 2628 quod
1365 2586 1481 2629 caput
1527 2587 1584 2617 est

159 2649 338 2696 quodque
382 2648 582 2685 Walehius
623 2660 778 2696 quoque
822 2647 1024 2693 intellexit,
1065 2661 1142 2684 non
1187 2655 1316 2697 potest
1358 2650 1492 2686 Livius
1534 2663 1583 2686 ex
