1811 2925
884 141 904 174 5

185 265 334 302 indiciis
365 264 413 300 ad
448 276 593 307 eorum,
626 263 689 311 qui
720 268 889 305 servant,
921 261 1191 309 cognationem
1211 260 1484 309 adiunguntur.
1533 262 1610 299 Sed

187 336 370 385 quoniam
399 340 618 371 nostrorum
649 333 823 370 codicum
855 334 1088 381 archetypus
1126 332 1157 368 is
1189 332 1262 368 dici
1295 332 1428 377 debet,
1474 333 1610 370 saltem

187 408 234 444 de
267 419 312 443 eo
343 413 430 442 ante
461 406 591 442 onmia
623 405 761 454 quaeri,
792 416 869 439 non
901 416 925 439 a
956 416 1032 451 quo
1063 404 1272 440 remotiore
1305 403 1378 440 orti
1409 403 1504 446 sint,
1544 404 1610 440 sed

186 479 223 515 in
252 490 364 526 quem
396 489 511 513 unum
542 484 675 513 nostro
706 475 871 524 tempori
899 475 1120 524 proximum
1152 482 1363 524 convergat
1389 488 1520 511 eorum
1542 488 1612 524 per

186 550 314 599 plures
342 548 479 596 stirpes
511 548 686 584 derivata
716 546 896 595 cognatio
932 553 968 582 et·
998 560 1021 583 a
1053 559 1129 595 quo
1158 547 1325 595 primum
1356 547 1492 582 harum
1523 546 1610 582 stir-

187 621 289 670 pium
323 620 490 656 divortia
522 626 614 655 nata
642 619 734 661 sint,
775 618 971 667 equidem,
1004 630 1121 666 quum
1154 617 1324 654 codicem
1357 618 1607 666 archetypum

187 691 499 728 commemorabo
541 697 597 735 et,
644 691 733 738 quid
774 690 812 726 in
842 690 906 726 illo
939 690 1123 739 scriptum
1158 689 1292 734 fuerit.v
1338 689 1487 731 dicam,
1532 702 1609 725 non

186 762 404 799 necessario
448 761 570 810 ipsum
602 761 709 796 illum
739 761 1069 798 Nicomachorum
1111 761 1282 797 codicem
1313 760 1472 809 intelligi
1503 760 1608 805 volo,

186 834 253 870 sed
284 834 410 883 potius
442 832 606 879 aliquem
637 844 686 867 ex
713 845 757 868 eo
785 840 911 868 ortum
934 833 1158 880 eademque,
1188 838 1230 868 ut
1250 833 1379 875 fiebat,
1413 832 1609 880 subscrip-

186 906 289 942 tione
319 911 511 947 notatum,
553 903 626 939 illis
670 910 817 949 autem,
860 903 924 952 qui
961 911 1181 940 nostrorum
1223 903 1479 950 antiquissimi
1509 911 1608 943 sunt,

186 984 358 1025 tempore
409 975 646 1025 propiorem;
704 982 922 1012 nostrorum
977 982 1104 1011 autem
1154 974 1279 1010 nullus
1321 975 1509 1011 decimum
1550 987 1608 1011 se-

186 1048 312 1084 culum
354 1054 466 1084 aetate
509 1053 683 1095 superat;
722 1059 818 1083 unus
849 1047 1079 1083 Parisiensis
1113 1047 1168 1083 illi
1206 1047 1334 1083 seculo
1371 1047 1607 1095 adsignatur.

185 1118 324 1166 Neque
367 1119 465 1155 enim
511 1118 542 1154 is
589 1118 762 1159 habitus,
810 1131 924 1166 quein
970 1117 1112 1154 codicis
1156 1123 1375 1154 nostrorum
1411 1119 1610 1167 archetypi

186 1188 304 1225 fuisse
340 1190 452 1226 certis
494 1190 641 1226 indiciis
681 1189 937 1235 concluditur,
976 1189 1116 1225 cadere
1158 1188 1310 1225 videtur
1351 1191 1389 1226 in
1437 1189 1608 1226 codicem

186 1260 515 1297 Nicomachorum
545 1261 941 1310 Symmachorumque
970 1268 1144 1308 tempore
1175 1260 1358 1309 scriptun]
1390 1268 1426 1297 et
1458 1273 1607 1297 correc-

185 1337 284 1376 tum3
330 1345 407 1368 non
451 1346 526 1381 quo
568 1333 666 1368 hunc
696 1345 774 1368 non
809 1339 846 1367 ct
875 1332 1101 1367 mendosum
1136 1331 1264 1366 multis
1295 1332 1389 1368 locis
1421 1332 1539 1368 fuisse
1574 1338 1609 1368 et

186 1402 346 1439 subinde
388 1403 658 1452 interpolatum
693 1403 871 1442 credam.
914 1403 979 1438 sed
1019 1403 1123 1450 quod
1165 1410 1201 1439 et
1246 1403 1418 1452 ipsorum
1450 1404 1608 1440 mendo-

185 1486 268 1509 rum
290 1474 407 1522 paulo
432 1475 546 1510 aliam
578 1473 743 1511 formam
767 1488 789 1510 a.
807 1474 1086 1510 correctoribus
1117 1474 1289 1510 relictam
1314 1487 1396 1511 esse
1427 1476 1607 1512 credibile

182 1543 334 1580 videtur
366 1557 414 1581 ex
450 1545 585 1581 ceteris
625 1545 900 1592 antiquissimis
944 1545 1139 1581 codicibus
1171 1546 1337 1590 Latinis,v
1382 1547 1487 1583 velut
1519 1548 1606 1583 Vir-

182 1614 334 1662 gilianis
366 1622 402 1651 et
434 1615 693 1664 palimpsestis
726 1615 1008 1656 Ciceronianis,
1052 1616 1311 1653 coniecturam
1343 1619 1531 1667 capienti,
1572 1626 1608 1655 et

183 1685 306 1733 magis
347 1685 461 1722 etiam
501 1686 739 1734 frequentem
785 1687 913 1724 verbis
959 1699 1077 1734 supra
1119 1687 1270 1735 scriptis
1315 1689 1606 1725 adnotationem

182 1755 392 1801 eiusmodi,
424 1757 547 1805 qualis
579 1758 617 1793 in
646 1758 777 1794 codice
804 1765 1022 1795 nostrorum
1060 1758 1269 1807 archetypo
1304 1758 1398 1803 suit,
1430 1772 1453 1795 a.
1482 1759 1606 1807 primo

180 1826 245 1863 illo
272 1827 603 1864 Nicomachorum
633 1829 764 1864 codice
794 1829 959 1865 alienam
989 1828 1129 1864 iudico.
1217 1830 1267 1865 Et
1296 1830 1420 1878 ipsam
1453 1831 1605 1879 quidem

181 1897 285 1933 illam
317 1898 475 1947 originis
507 1899 826 1944 communionem,
861 1900 983 1936 ductae
1015 1913 1063 1936 ex
1092 1913 1169 1936 uno
1202 1901 1334 1937 codice
1364 1914 1441 1937 non
1471 1901 1607 1949 paucis

180 1968 318 2004 seculis
351 1982 373 2004 a
406 1969 506 2005 Livii
536 1976 646 2006 aetate
677 1970 861 2009 seiuncto,
892 1971 924 2006 si
954 1971 1046 2007 nihil
1077 1971 1181 2007 aliud
1216 1980 1470 2020 quaereretur,
1514 1973 1606 2009 satis

181 2046 281 2074 esset
293 2040 461 2076 breviter
473 2041 556 2077 aliis
573 2041 799 2089 quibusdam
818 2042 1047 2078 indiciorum
1065 2043 1269 2091 generibus
1289 2044 1337 2079 ad
1354 2043 1606 2092 subscriptio-

179 2109 237 2145 nis
254 2110 513 2147 testimonium
532 2113 718 2149 adiunctis
736 2114 975 2150 confirmare.
1020 2113 1195 2150 Primum
1218 2114 1316 2150 enim
1335 2127 1410 2150 uno
1429 2121 1465 2150 et
1482 2114 1603 2150 altero

179 2180 265 2216 loco
287 2182 407 2218 verba
429 2183 575 2231 aliquot
594 2183 647 2220 sic
664 2196 786 2232 pravo
807 2184 893 2220 loco
912 2184 1109 2229 iterantur,
1140 2191 1182 2221 ut
1203 2197 1293 2221 casu
1311 2185 1347 2221 id
1370 2182 1409 2220 in
1427 2184 1605 2221 omnibus

181 2251 375 2288 codicibus
413 2254 546 2290 eodem
585 2255 700 2291 modo
739 2254 884 2291 factum
921 2267 1004 2291 esse
1045 2262 1224 2303 nequeat.
1302 2257 1402 2293 Eam
1443 2269 1522 2291 rem
1566 2256 1604 2291 in

180 2321 277 2358 libro
307 2323 328 2359 Ι
359 2336 442 2372 cap.
475 2326 550 2369 48,
590 2328 611 2361 4
646 2332 682 2361 et
715 2328 734 2361 5
767 2325 912 2374 primus
943 2326 1286 2363 Drakenborchius
1317 2327 1467 2363 notavit
1509 2327 1547 2373 (d
1561 2339 1603 2363 o-

180 2405 298 2430 mum
336 2406 387 2431 se
430 2391 677 2444 reciperet
716 2397 1126 2446 pervenissetque
1164 2398 1222 2434 ad
1260 2411 1485 2434 summum
1517 2396 1599 2446 Cy-

180 2464 335 2512 prium
367 2465 567 2513 vicum),
610 2480 682 2516 ego
715 2475 841 2504 autem
880 2468 918 2504 in
947 2468 1045 2505 libro
1076 2469 1136 2505 VI
1169 2482 1200 2505 c.
1233 2470 1305 2509 42,
1344 2471 1387 2505 12
1435 2469 1605 2515 (causa

180 2533 396 2572 libenter
446 2536 710 2588 facturos),
778 2540 824 2576 de
871 2553 947 2587 quo
995 2540 1081 2576 loco
1133 2540 1224 2576 mihi
1269 2539 1606 2576 Weissenbornius

181 2611 219 2641 et
265 2606 446 2643 Hertzius
491 2610 637 2646 assensi
690 2618 794 2655 sunt3
846 2611 1059 2659 eodemque
1109 2611 1273 2660 pertinet
1319 2611 1357 2646 in
1401 2610 1501 2647 libro
1542 2611 1604 2646 IV

181 2677 255 2722 43,
300 2681 322 2713 4
363 2679 568 2716 verborum
613 2693 636 2716 a
685 2681 976 2717 consulibus
1012 2681 1113 2718 intra
1152 2682 1271 2717 breve
1301 2682 1466 2730 spatium
1499 2694 1606 2730 repe-
