1811 2925
310 147 384 179 Lib.
413 147 454 177 ΙΙ.
947 149 995 183 66

259 269 512 319 incolumis
544 268 628 311 sit,
671 267 832 315 quaeri.
925 267 1067 303 Videat
1097 280 1196 303 nune
1230 268 1320 303 mihi
1353 267 1510 315 aliquis,
1562 280 1677 316 quam

259 340 404 375 erudite
434 339 618 374 leviculus
652 351 760 373 error
795 342 1002 372 exornatus
1033 337 1080 373 sit
1114 351 1136 373 a
1167 338 1390 380 Gronovio,
1426 337 1676 374 Drakenbor-

258 411 362 453 chio,
396 409 728 453 Weissenbornio,
761 408 856 443 aliis.
934 408 990 443 At
1019 407 1196 455 proximo
1228 408 1352 456 capite
1384 409 1466 455 (58,
1502 410 1540 454 4)
1573 410 1676 456 quod

258 481 295 515 in
325 480 403 515 his:
448 479 625 515 Eadem
665 479 710 514 in
743 478 922 514 militia
960 477 1151 513 saevitia
1182 478 1349 525 Appii,
1396 492 1493 526 quae
1537 479 1674 521 domi,

258 564 383 586 csse.
428 549 651 593 liberior,
695 549 820 597 quod
861 548 964 583 sine
995 548 1278 583 tribuniciis
1313 548 1522 584 vinculis
1559 559 1675 589 erat.

258 634 405 656 comma
449 626 536 667 post
578 620 803 655 infinitivum
848 618 1068 654 historicum
1101 618 1256 660 aberat,
1304 618 1507 655 Mauritius
1538 621 1675 669 Haup-

256 691 348 732 tius,
399 697 438 725 at
482 690 547 737 qui
591 689 671 725 virl
731 689 845 725 scribi
875 687 1015 724 voluit:
1063 687 1206 731 domi,
1252 700 1406 734 eoque
1450 689 1674 732 liberior:

257 761 447 804 Hertzius,
479 760 654 796 restituta
683 759 1000 806 interpunctione,
1032 765 1159 794 tamen
1191 758 1410 794 Coniectura
1440 772 1515 796 non
1541 773 1672 809 super-

256 831 363 868 sedit.

367 900 462 948 Cap.
497 902 567 942 59,
601 901 644 935 3:
695 906 745 935 ut
785 920 832 925 ——
877 900 999 935 satis
1038 906 1193 935 tamen
1239 907 1518 947 appareret,
1564 902 1672 950 oapi

256 978 437 1007 tantum
471 977 635 1006 castra
667 970 862 1005 militem
881 971 1142 1006 Romanum
1177 969 1411 1013 noluisse3
1444 970 1532 1005 alii
1561 983 1673 1018 gau-

256 1043 366 1077 dere
400 1053 483 1076 sua
514 1041 662 1077 clade.
752 1040 835 1076 Nec
867 1040 950 1075 alii
982 1040 1033 1075 illi
1067 1039 1130 1087 qui
1161 1039 1235 1074 sint
1265 1052 1333 1075 nec
1365 1039 1455 1086 quid
1490 1040 1550 1076 hic
1582 1048 1674 1089 agat

254 1112 461 1147 infinitivus¹
493 1111 694 1146 historicus
713 1138 721 1154 ‚
752 1110 911 1158 intelligi
940 1116 1083 1158 potest:
1116 1110 1206 1157 quid
1237 1110 1423 1145 sententia
1448 1111 1673 1158 postularet,

254 1183 350 1217 vidit
380 1182 478 1226 iam,
510 1181 573 1228 qui
604 1180 640 1216 in
672 1180 802 1216 codice
835 1181 1094 1216 recentissimo
1130 1181 1321 1228 (Portug.)
1353 1180 1577 1228 alioquin
1609 1194 1671 1217 su-

253 1266 322 1301 pra
364 1252 538 1300 scripsit,
592 1251 767 1285 viderunt
805 1250 941 1285 deinde
986 1257 1073 1297 post
1112 1250 1355 1285 Perizonium
1405 1251 1598 1299 Hauptius
1637 1259 1673 1288 et

252 1322 613 1365 WVeissenbornius3
666 1321 732 1356 sed
763 1333 830 1356 nec
863 1320 1025 1364 aliter,
1072 1320 1173 1367 quod
1215 1320 1275 1356 ille
1316 1327 1454 1365 tentat,
1505 1335 1528 1357 a
1560 1322 1670 1358 Livio

253 1395 306 1430 sie
336 1394 472 1429 dicitur
502 1399 764 1441 praetereaque
793 1391 943 1438 longius
975 1404 995 1425 a
1028 1390 1222 1426 codicibus
1255 1390 1435 1436 discedit,
1477 1398 1513 1427 et
1551 1392 1669 1428 alibi

252 1465 461 1514 gaudere
492 1476 575 1499 sua
607 1463 742 1498 elade
773 1474 843 1509 pro
878 1460 1064 1507 alioqui
1098 1461 1167 1507 (X,
1194 1462 1256 1504 35,
1288 1460 1326 1508 7)
1359 1462 1567 1498 barbarum
1599 1470 1667 1499 est.

255 1537 405 1583 (Longe
436 1535 628 1569 diversum
660 1539 734 1573 est,
770 1531 872 1579 quod
903 1531 979 1573 III,
1016 1534 1075 1573 14,
1109 1534 1129 1566 (5
1160 1531 1337 1567 iuventus
1368 1532 1504 1568 dicitur
1535 1533 1668 1578 alibi,

253 1607 324 1641 hoc.
356 1611 431 1641 est.
482 1604 519 1639 in
559 1603 642 1638 aliis
684 1602 796 1637 rebus
838 1601 1098 1649 popularis
1136 1600 1321 1649 fuisse.)
1416 1603 1506 1640 Una
1542 1603 1670 1640 littera

253 1675 437 1711 mutanda
468 1680 524 1709 est
554 1672 893 1718 scribendumque:
926 1672 1029 1719 capi
1062 1678 1239 1707 tantun}
1273 1680 1434 1708 castra
1469 1673 1666 1710 militem

252 1747 515 1782 Romanum
548 1743 783 1785 noluisse,
816 1743 919 1781 alia
948 1743 1164 1789 gaudere
1195 1754 1283 1776 sua
1314 1742 1465 1787 clade,
1495 1743 1569 1779 hoc:
1599 1750 1668 1788 est,

252 1816 400 1863 reliqua
430 1828 499 1850 sua
530 1814 659 1857 clade,
699 1818 860 1860 excepta
895 1802 1106 1847 castrorum
1144 1813 1448 1859 expugnatione,
1489 1813 1666 1860 frequen-

252 1887 397 1922 tissimo
452 1885 553 1933 apud
600 1883 751 1919 Livium
806 1882 910 1917 vocis
962 1882 1088 1917 alius
1133 1894 1221 1921 usu,
1277 1882 1381 1918 cuius
1435 1883 1495 1918 vel
1543 1883 1668 1919 lexica

253 1955 512 2004 exemplorum
546 1953 637 1989 satis
670 1952 927 2001 suppeditant.

363 2024 490 2072 *Cap
513 2026 575 2066 65,
604 2027 623 2060 5
657 2036 772 2071 quum
802 2023 840 2058 in
871 2022 1064 2057 codicibus
1097 2027 1161 2065 (—
1189 2034 1277 2057 narn
1310 2022 1471 2058 duorum
1502 2023 1666 2059 triumve

252 2097 467 2132 infimorum
498 2094 597 2130 ratio
628 2093 808 2129 habenda
838 2106 913 2128 non
945 2099 1001 2127 est
1033 2096 1102 2139 ff)
1135 2092 1343 2127 scribatur:
1386 2093 1587 2137 deinde,
1618 2100 1668 2129 ut

252 2167 525 2202 obtinentes
562 2164 716 2199 locum
755 2163 883 2198 vires
924 2162 1168 2205 ferebant,
1215 2164 1394 2199 audent
1433 2163 1562 2198 ultro
1600 2159 1665 2198 in-

252 2237 381 2272 ferre
412 2235 622 2283 gradum,
655 2239 691 2268 et
714 2245 829 2280 quum
848 2232 1025 2276 Romani,
1057 2232 1121 2279 qui
1151 2233 1188 2267 in
1218 2233 1342 2269 locum
1373 2233 1543 2280 iniquum
1578 2233 1665 2269 sub-

252 2312 382 2342 euntes
434 2305 518 2340 telis
571 2303 736 2338 hostium
794 2303 956 2350 desuper
995 2302 1103 2338 iactis
1151 2304 1293 2339 turbati
1340 2303 1476 2351 pedem
1523 2302 1666 2338 referre

251 2381 474 2424 coeperant,
521 2373 656 2409 deinde
689 2379 837 2417 autem,
883 2374 1060 2409 hortante
1091 2373 1266 2417 consule,
1297 2372 1497 2409 obstinatis
1529 2372 1665 2408 animis

251 2446 488 2485 restiterant,
522 2443 718 2491 aptissime
750 2443 923 2478 dicantur
953 2443 1059 2478 locu
1071 2455 1106 2477 m
1138 2443 1382 2487 obtinere,
1424 2449 1585 2490 apparet
1618 2443 1665 2478 de

251 2515 394 2550 viribus
437 2514 573 2549 stando
613 2513 661 2548 ad
702 2525 844 2548 novum
887 2519 1065 2548 conatum
1105 2511 1226 2558 captis
1269 2512 1331 2559 agi
1364 2512 1664 2559 mendosumque

252 2597 333 2619 esse
363 2584 609 2621 ferebant.
643 2582 822 2630 quoniam
853 2595 975 2630 neque
1005 2582 1135 2617 vires
1167 2581 1293 2617 ferre
1324 2582 1483 2625 dicatur,
1515 2582 1574 2617 cui
1604 2595 1666 2617 re·-

251 2660 461 2697 novantur,
511 2666 633 2700 neque
670 2653 769 2688 vires
811 2665 1040 2699 quemquam
1080 2657 1242 2686 stantem
1287 2651 1463 2686 ferunt.
1532 2652 1665 2687 Perlu-
