1811 2925
218 137 293 168 Lib.
313 137 389 168 XL.
888 138 967 172 476

217 261 337 297 fuisse
368 264 539 307 oportet3
581 263 696 304 atque
728 257 853 305 ipsum
895 257 987 293 illud
1018 256 1200 304 signati
1230 256 1393 294 refertur
1422 257 1639 295 necessario

220 330 269 366 ad
300 329 576 378 praecedentem
611 327 759 375 argenti
790 341 865 363 non
896 327 1035 376 signati
1066 338 1278 362 numerum.
1337 327 1414 364 Res
1436 327 1641 376 perspicua

218 407 277 436 est
307 406 344 436 et
374 412 442 448 per
472 411 512 435 se
546 405 583 435 et
608 411 657 435 ex
688 399 742 436 M.
775 398 936 435 Catonis
968 397 1151 445 triumphi
1172 397 1440 446 Hispaniensis
1471 398 1640 446 descrip-

218 472 323 507 tione
364 471 449 507 libr.
493 471 704 514 XXXIV,
744 472 794 506 46
829 469 1039 517 (argenti
1082 466 1255 503 infecti
1294 496 1360 513 ..,
1390 469 1547 517 bigati
1585 496 1641 509 ..,

221 540 453 577 Oscensis
492 570 500 578 .
521 570 528 578 .
547 569 557 578 .
577 568 586 585 ,
618 541 757 585 auri.;
803 539 943 587 signati
975 537 1124 586 argenti
1154 538 1314 574 alterum
1349 551 1482 587 genus,
1533 538 1642 587 biga-

218 618 325 654 tum,
375 623 461 646 cum
504 610 664 648 Oscensi
694 609 936 658 coniungitur
965 608 1080 644 etiam
1112 608 1322 652 XXXIV,
1359 612 1440 653 10).
1504 610 1643 658 Itaque

220 682 293 725 hic,
326 682 372 717 de
403 694 479 729 quo
511 681 680 729 agimus,
724 681 831 717 locus
866 693 889 715 a
920 679 1032 716 Livio
1074 679 1122 714 ad
1152 679 1251 715 hanc
1281 678 1446 715 formam
1478 679 1642 728 scriptus

222 758 321 789 erat:
363 758 604 800 praeterea
648 750 753 787 auri
783 751 941 800 pondo
980 749 1188 798 triginta
1218 763 1380 795 unum,
1437 749 1644 798 [argenti

221 822 400 859 infecti
431 821 484 872 Η]
519 829 563 859 et
597 822 785 870 signati
817 820 1048 858 Oscensis
1084 826 1154 856 cet.
1216 821 1382 857 Lacunae
1411 821 1449 856 in
1480 821 1553 857 hac
1578 833 1643 856 ex-

221 900 344 930 trema
392 899 502 942 parte
548 900 584 929 et
621 893 670 929 ab
702 892 785 928 aliis
826 891 974 939 aliquot
1004 896 1146 927 notatae
1178 900 1264 927 sunt
1296 892 1344 940 (c.
1377 893 1441 936 46,
1474 893 1496 927 6
1530 892 1645 935 et53,

224 966 245 1000 3
282 971 318 1000 ct
351 967 414 1009 56,
454 965 517 1010 10)
562 970 600 999 et
643 963 735 999 mihi
775 975 851 998 una
877 969 912 998 et
947 962 1069 998 altera
1103 968 1289 1010 praeterea
1316 962 1488 998 notanda
1529 957 1643 1006 erit.¹)

336 1035 431 1084 Cap.
466 1039 530 1080 45,
555 1037 595 1070 5:
626 1033 695 1070 Ob
727 1046 781 1069 ea
813 1032 1025 1081 (prodigia)
1057 1032 1325 1068 decemviri
1358 1032 1479 1069 iussi
1512 1032 1646 1068 adire

225 1106 386 1142 libros
418 1106 634 1147 edidere,
684 1104 860 1152 quibus
894 1103 985 1138 diis
1018 1108 1061 1138 et
1091 1110 1206 1150 quot
1237 1103 1422 1140 hostiis
1453 1102 1646 1138 sacrifi-

224 1184 433 1222 caretur,
466 1182 512 1213 et
547 1176 602 1212 ob
634 1174 921 1211 fulminibus
953 1172 1204 1220 complura
1234 1173 1347 1209 loca
1366 1173 1646 1210 deformata

226 1246 281 1282 ad
309 1246 449 1282 aedem
481 1246 614 1283 Iovis
645 1252 691 1282 nt
721 1244 1023 1294 supplicatio
1055 1243 1174 1279 diem
1207 1251 1502 1280 unumesset.
1547 1244 1647 1292 Sup-

224 1317 381 1365 plicatio
412 1317 501 1362 illa,
545 1323 585 1352 ut
628 1330 675 1352 ex
706 1316 904 1364 pernuiltis
943 1315 1043 1351 Livii
1074 1314 1167 1349 locis
1196 1313 1353 1362 intelligi
1385 1320 1525 1362 potest,
1570 1327 1647 1350 non

226 1387 275 1423 ad
305 1387 391 1423 loca
421 1387 579 1423 fulmine
612 1394 716 1423 tacta
747 1386 976 1435 (praesertim
1013 1385 1175 1421 aliorum
1193 1384 1351 1420 deorum
1375 1384 1491 1431 aedes)
1524 1384 1648 1432 magis

228 1470 343 1506 quam
372 1458 419 1493 ad
450 1458 600 1505 reliqua
629 1457 806 1505 prodigia
836 1456 1063 1504 pertinebat.
1126 1455 1201 1491 Sed
1233 1461 1314 1490 tota
1344 1455 1426 1491 haec
1453 1454 1648 1491 sententiae

225 1528 371 1576 species
399 1528 667 1577 interpolando
699 1526 835 1563 effecta
869 1532 926 1563 est
956 1526 1058 1574 apud
1088 1525 1322 1561 Frobenium
1356 1527 1407 1572 (a.
1425 1528 1540 1571 1531,
1571 1539 1647 1562 non

227 1612 251 1634 a
282 1599 485 1643 Gelenio);
536 1599 573 1634 in
617 1598 782 1634 editione
813 1596 1042 1645 Moguntina
1084 1595 1278 1632 scribitur:
1322 1596 1649 1633 sacrificare-

227 1677 305 1705 tur
343 1676 387 1705 et
419 1669 701 1705 fulminibus
744 1668 997 1716 complura
1031 1666 1138 1702 loca
1170 1666 1468 1703 deformaret
1505 1667 1648 1703 aedem

228 1740 379 1776 Iovis.
438 1739 786 1783 VVeissenbornius,
817 1739 968 1774 sublato
1001 1738 1069 1781 ob,
1101 1737 1166 1773 sed
1197 1744 1343 1773 retento
1359 1737 1650 1779 deformata,

226 1811 282 1846 sic
313 1810 446 1846 edidit:
478 1810 876 1851 sacrificaretur,
909 1816 951 1844 ct
982 1807 1268 1844 fulminibus
1309 1808 1557 1856 complura
1587 1807 1650 1842 lo-

230 1894 284 1916 ca
315 1881 588 1917 deformata
621 1903 666 1923 *μ
698 1880 886 1917 excidisse
916 1879 1099 1915 nonnulla
1129 1878 1339 1926 suspicans
1415 1878 1570 1925 Quanto
1615 1883 1649 1913 et

231 1951 438 2000 simplicius
470 1958 506 1987 ct
535 1952 674 1988 rectius
706 1959 788 1987 crat
821 1951 941 1987 verba
974 1956 1116 1985 temere
1147 1962 1170 1984 a
1202 1948 1360 1984 librario
1392 1961 1411 1983 e
1442 1951 1459 1991 ξ
1493 1949 1514 1983 3
1548 1946 1651 1993 (ful-

230 2022 545 2070 minibusque
576 2022 828 2070 complura
857 2021 964 2056 loca
994 2019 1308 2063 deformavit,
1340 2018 1481 2054 aedem
1516 2016 1651 2053 Iovis

233 2094 534 2137 Tarracinae,
564 2093 704 2128 aedem
737 2093 825 2139 oct.)
858 2091 1018 2140 repetita
1049 2090 1182 2127 tollere
1219 2090 1480 2136 scribereque:
1530 2092 1574 2124 et
1605 2093 1651 2122 ut

233 2163 542 2210 supplicatio
571 2164 690 2199 diem
723 2176 859 2199 unum
892 2169 1030 2198 esset.
1106 2160 1312 2197 Pel-multis
1354 2159 1448 2195 locis
1479 2158 1532 2194 sic
1563 2170 1653 2206 pro-

236 2233 425 2280 digiorum
459 2246 575 2269 causa
606 2233 835 2282 supplicatio
866 2232 999 2269 habita
1030 2231 1178 2274 (licitur,
1209 2230 1348 2266 nullius
1379 2229 1471 2266 certi
1504 2229 1563 2265 dei
1585 2241 1653 2265 no-

236 2303 337 2338 mine
366 2304 517 2351 posito,
553 2305 659 2340 velut
702 2304 844 2345 XLII,
892 2305 966 2347 20,
1012 2306 1033 2339 6
1066 2301 1132 2350 (ct
1164 2300 1470 2349 supplicatio
1516 2312 1653 2336 unum

236 2373 360 2409 diem
391 2373 619 2422 feriaeque
650 2375 855 2418 habitae).
933 2373 1048 2409 Initio
1091 2373 1250 2421 capitis,
1296 2371 1359 2407 ubi
1397 2371 1567 2419 ineptum
1599 2375 1655 2405 est

236 2443 462 2479 adverbium
513 2451 633 2488 tum,
674 2444 839 2480 fortasse
869 2444 1110 2480 scribendum
1156 2448 1232 2478 cst:
1282 2442 1482 2477 arbores
1518 2439 1655 2487 (hiems

265 2608 298 2652 ²)
341 2612 380 2642 In
408 2622 480 2653 cap.
508 2616 562 2648 44,
594 2615 611 2641 (3
638 2611 856 2641 animadverti
883 2611 985 2641 velim
1013 2610 1178 2641 orationis
1207 2608 1350 2639 formam
1372 2606 1568 2647 (propius
1594 2614 1656 2635 ur-

334 2675 423 2704 bem
452 2674 485 2704 X
512 2674 633 2704 inilia
658 2674 877 2713 passuum)
905 2672 1109 2703 contrariam
1139 2671 1179 2704 οἱ,
1207 2679 1280 2710 quoe
1307 2679 1334 2699 c.
1360 2669 1426 2704 37,
1453 2671 1472 2697 4
1499 2667 1656 2707 ponitur:
