1811 2925
786 122 862 159 369
1312 122 1383 153 Lib.
1398 123 1529 157 XXXI.

128 259 231 282 num
264 257 386 293 opus
419 256 522 280 esse
553 244 835 287 indicasset,
866 245 1006 281 enixe
1036 244 1079 280 id
1111 245 1338 293 populum
1371 247 1414 283 R.
1446 260 1530 283 me-

128 316 220 353 rito
252 315 353 352 eius
383 321 732 364 praestaturum.
809 315 925 351 Recte
974 314 1244 351 indicasset
1287 329 1357 364 pro
1402 317 1530 353 iudi-

129 392 291 423 casset
339 398 359 422 e
389 385 422 421 B
453 385 664 421 restitutum
707 391 764 420 est
809 385 896 431 (etsi
937 384 974 421 in
1006 385 1072 421 tali
1109 398 1149 421 re
1189 385 1328 433 exigua
1358 386 1530 423 codicum

130 456 339 494 auctoritas
370 455 461 502 est);
492 455 529 491 in
563 467 607 491 eo
638 455 737 490 enim
767 467 842 491 uno
873 455 1039 492 liberalis
1069 462 1106 491 et
1134 468 1325 504 propensa
1355 456 1531 493 voluntas

131 534 223 571 erat,
257 527 287 563 si
319 525 552 563 Massinissae
602 525 797 561 desideriis
836 526 1102 562 satisfacturus
1149 533 1230 561 erat
1259 526 1423 574 populus
1454 528 1532 564 Ro-

131 609 276 641 manus,
307 609 382 633 uon
412 595 532 632 solum
577 607 646 631 suo
676 595 828 635 iudicio.
902 595 971 639 (Et
1018 602 1202 644 praeterea
1243 596 1411 644 alioquin
1442 598 1534 634 scri-

132 668 296 705 bendum
328 674 427 703 erat:
458 666 495 702 si
526 665 637 713 qnid
677 696 712 702 ..
750 665 959 714 populus
993 666 1040 704 R.
1071 666 1359 711 iudicasset,
1391 669 1534 706 enixe

131 745 214 782 cet.,
246 738 415 775 subiecto
446 737 482 773 in
513 736 640 784 priore
670 736 856 773 sententia
884 736 1041 785 posito.)
1115 735 1191 773 Sed
1228 750 1384 786 prorsus
1424 739 1534 776 vitio-

131 822 214 845 sum
258 817 337 844 tum
382 807 421 843 ei
463 818 532 855 pro
563 806 679 849 sibi;
715 806 844 854 itaque
877 807 1092 843 necessario
1123 807 1360 845 scribendum
1393 817 1466 845 est:
1497 810 1536 846 si

133 879 247 927 quid
281 879 352 918 eis
384 876 551 925 (legatis)
583 876 638 911 ad
667 875 962 913 firmandum
987 889 1261 926 ...regnum
1293 891 1410 927 opus
1432 892 1535 916 esse.

134 949 419 990 indicasset,
451 946 588 983 enixe
619 942 740 992 cet.¹)

244 1016 338 1066 Cap.
378 1019 421 1053 16
453 1023 549 1053 extr.
588 1025 624 1053 et
660 1019 702 1053 17
739 1016 819 1053 init.
864 1016 1039 1052 Eodem
1071 1018 1307 1064 (Tenedum,
1339 1020 1402 1056 ubi
1432 1021 1536 1057 Rho-

133 1089 196 1124 dia
225 1088 356 1124 classis
390 1088 533 1134 stabat)
565 1094 755 1136 postea,
788 1099 927 1135 quum
959 1088 1177 1136 (Abydeni)
1209 1089 1300 1126 iam
1331 1090 1410 1127 vix
1440 1104 1536 1127 sus-

133 1157 347 1194 tinerent
395 1158 721 1201 obsidionem,
770 1164 816 1194 et
851 1158 955 1206 ipse
984 1159 1185 1195 Attalus
1223 1172 1360 1208 quum
1391 1162 1537 1198 traie-

134 1229 304 1273 cisset,
334 1240 460 1277 spem
491 1235 673 1264 tantum
707 1228 884 1264 auxilii
929 1241 984 1264 ex
1015 1229 1294 1278 propinquo
1325 1232 1536 1268 ostendit

134 1311 285 1346 neque
325 1305 454 1335 terra
493 1310 646 1346 neque
685 1299 806 1335 mari
850 1299 1038 1336 adiutis
1073 1300 1234 1337 sociis.
1316 1303 1538 1352 Abydeni

135 1368 310 1417 primo,
354 1369 609 1405 tormentis
646 1382 732 1417 per
761 1381 923 1406 muros
954 1369 1234 1418 dispositis,
1282 1385 1373 1408 non
1408 1380 1538 1409 terra

136 1439 276 1475 modo
328 1439 564 1475 adeuntes
609 1438 745 1475 aditu
787 1440 1042 1485 arcebant,
1075 1441 1156 1477 sed
1187 1448 1256 1478 etc.
1332 1443 1538 1480 Ablativos

137 1509 335 1545 absolutos
368 1508 527 1558 perfecti
571 1508 753 1556 temporis
783 1522 806 1545 a
836 1509 948 1546 Livio
998 1511 1089 1558 poni
1131 1512 1245 1549 etiam
1290 1513 1336 1549 de
1380 1527 1420 1550 re
1464 1527 1538 1551 non

138 1580 392 1627 praecedenfi,
425 1579 490 1615 sed
521 1578 744 1627 primariam
775 1580 962 1616 actionem
994 1581 1212 1626 comitanti,
1243 1585 1539 1621 commemoravi

139 1649 189 1685 ad
218 1649 268 1693 V,
304 1652 364 1693 11,
396 1651 416 1686 3
449 1656 486 1685 et
515 1649 674 1692 XXIV,
706 1651 777 1695 20,
813 1652 878 1695 14;
916 1662 1038 1698 neque
1068 1658 1195 1688 tamen
1226 1653 1344 1690 ullum
1375 1655 1454 1691 eius
1485 1655 1540 1691 lo-

139 1731 224 1755 cum
269 1727 408 1768 praeter
446 1721 545 1756 hune
576 1732 658 1756 esse
687 1726 804 1769 pute,
834 1720 899 1756 ubi
938 1732 1022 1756 cum
1052 1722 1255 1770 negatione
1286 1724 1542 1773 adiungantur

139 1790 298 1827 ablativi
339 1790 525 1826 eiusmodi
567 1790 616 1826 ad
646 1790 961 1839 significandum,
1001 1803 1078 1827 non
1108 1801 1351 1830 consecutum
1381 1807 1463 1831 esse
1491 1795 1542 1840 id,

140 1860 243 1908 quod
273 1860 487 1908 exspectari
516 1859 693 1909 potuerit.
761 1861 863 1897 Illud
892 1868 1019 1898 tamen
1033 1861 1170 1897 certius
1191 1862 1352 1909 videtur,
1382 1872 1424 1900 ut
1443 1877 1542 1902 nunc

140 1930 378 1967 describatur
407 1931 542 1975 oratio,
573 1942 650 1966 non
679 1937 781 1967 recte
811 1931 1125 1976 commemorari,
1158 1939 1289 1968 terra
1329 1946 1404 1970 non
1435 1935 1542 1972 adiu-

141 2008 200 2037 tos
230 2013 253 2036 a
284 2012 373 2049 rege
402 2001 632 2050 Abyden053
664 2013 752 2038 nam
783 2002 955 2047 Tenedo,
987 2014 1062 2050 quo
1092 2014 1161 2038 rex
1190 2002 1353 2040 navibus
1374 2014 1543 2049 venerat,

142 2078 288 2107 tantum
328 2071 561 2108 maritimum
606 2071 789 2108 auxilium
821 2072 970 2108 ostendi
1013 2078 1177 2120 poterat.
1250 2072 1296 2109 In
1339 2075 1374 2111 B
1411 2075 1543 2112 ultima

143 2140 268 2177 littera
297 2141 403 2177 verbi
444 2141 625 2177 adiutis
656 2153 768 2178 erasa
799 2150 867 2180 est.
936 2143 1037 2178 Puto
1080 2142 1132 2179 sic
1166 2143 1266 2180 Livii
1297 2145 1417 2181 verba
1450 2147 1545 2182 scri-

144 2210 268 2246 benda
301 2218 337 2247 et
366 2211 669 2260 interpungenda
700 2223 806 2248 esse:
845 2241 881 2250 ..
910 2224 1040 2260 spem
1075 2220 1257 2249 tantum
1289 2215 1466 2252 auxilii
1489 2230 1545 2253 ex

144 2280 417 2329 propinquo
456 2281 680 2318 ostendit.
758 2282 925 2330 Neque
969 2291 1101 2319 terra
1129 2295 1281 2331 neque
1310 2287 1431 2322 mari
1461 2287 1544 2323 ad-

143 2350 281 2387 iutia
310 2351 460 2388 sociis
497 2351 717 2400 Abydeni
758 2352 909 2400 primo
954 2360 1023 2392 cet.
1104 2352 1282 2390 Ceterum
1322 2354 1466 2401 dubito,
1498 2369 1545 2392 an

164 2522 192 2564 ¹)
226 2523 309 2566 cap.
342 2528 394 2563 13,
433 2526 448 2555 7
489 2525 713 2565 iniugera
751 2534 870 2556 asses
914 2527 1106 2567 vectigal
1265 2528 1547 2569 imposituros

235 2590 309 2628 (pro
334 2583 502 2626 iectigalss
530 2585 707 2626 vectigalis
734 2586 894 2626 nomine),
922 2589 1010 2627 quod
1037 2597 1056 2618 e
1076 2588 1415 2620 Bcommendaturus
1443 2599 1545 2628 eram,

235 2656 256 2678 a
278 2646 334 2678 W.
359 2647 544 2688 repositum
569 2647 677 2678 video.

181 2717 322 2741 lADvlfln
333 2717 457 2741 Eur-nn.
471 2717 543 2739 an.
1240 2714 1284 2741 24
