1811 2925
821 161 897 197 517
1364 158 1439 191 Lib.
1466 159 1577 193 XLII.

145 289 184 320 et
213 281 516 332 comparationis
549 281 723 330 pluribus
754 279 916 318 consciis
947 280 1162 329 periculum
1180 282 1347 318 Perseus
1379 294 1420 318 se
1450 295 1580 320 remo·

146 359 273 390 turum
306 352 473 389 ostendit
511 358 549 388 et
597 358 774 388 eventum
816 350 1024 387 incertum:
1066 351 1126 389 Se
1157 351 1405 398 daturum,
1451 354 1578 401 quod

145 424 309 461 necin
342 423 500 459 dando
532 435 617 459 nec
649 422 814 458 datum
847 421 953 457 ullo
1001 422 1145 470 signo
1191 422 1433 469 deprendi
1464 436 1578 472 pos-

145 501 229 532 set.
295 495 434 542 Itaque
467 493 713 530 manifestam
737 491 859 528 teneri
887 498 982 540 puto
1013 491 1350 541 interpolationem
1386 499 1512 530 ortam
1530 507 1576 531 ex

146 579 213 611 eo,
247 565 350 614 quod
396 577 473 601 non
516 564 912 607 animadverteretur,
964 562 1192 611 pluribus
1231 564 1447 601 consciis
1491 577 1576 602 cum

145 636 451 685 praecedentibus
482 633 789 683 coniungendum
822 644 917 669 esse.
950 630 1062 683 (Vid.
1092 647 1130 683 p.
1166 635 1280 679 492).

258 706 355 756 Cap.
398 708 459 751 19,
492 707 533 742 3:
577 704 728 752 Quum
763 704 808 739 in
841 704 1218 752 exspectatione
1248 710 1453 742 senatus
1503 718 1577 742 es-

146 784 235 821 set,
274 806 390 823 ....,
422 776 501 825 qui
532 788 696 824 regum
730 775 830 822 (cod.
860 775 1079 824 regnum)
1113 788 1265 822 suam,
1297 777 1466 813 Persei
1498 777 1575 825 qui

145 848 363 886 secuturi
396 847 664 884 amicitiam
696 853 872 891 essent,
904 852 975 882 cet.
1049 848 1189 895 Neque
1218 861 1289 897 per
1319 860 1360 884 se
1390 848 1427 883 in
1458 848 1573 885 inter-

144 919 349 968 rogatione
380 919 433 955 sic
464 931 603 954 nomen
635 916 740 953 aliud
769 915 944 965 praeponi
977 917 1197 964 pronomini
1228 924 1373 966 potest,
1406 918 1479 955 nisi
1510 919 1574 955 ubi

145 1004 232 1027 cum
265 989 450 1038 singulari
480 989 652 1037 pondere
691 987 741 1023 ad
783 999 927 1023 novam
973 1000 1054 1023 rem
1087 1000 1345 1036 personamve
1376 989 1574 1033 transitur,

145 1074 270 1110 neque
302 1060 380 1096 ullo
412 1059 528 1096 modo
559 1059 597 1095 in
628 1057 849 1095 huiusmodi
889 1057 1214 1107 interrogatione,
1257 1065 1298 1095 ut
1340 1059 1395 1095 ita
1435 1059 1573 1096 dicam.

145 1131 392 1168 distributiva
436 1129 576 1166 inverti
624 1129 720 1166 ordo
748 1129 787 1164 in
833 1129 984 1165 duobus
1016 1129 1200 1166 membris
1231 1135 1371 1178 potest.
1433 1130 1573 1178 Itaque

143 1203 217 1239 nisi
248 1201 362 1238 altius
394 1200 486 1236 latet
513 1200 708 1244 mendum,
742 1200 1045 1249 transpositione
1076 1200 1182 1236 facta
1212 1200 1456 1237 scribendum
1490 1207 1572 1237 est:

146 1272 227 1320 qui
257 1284 419 1320 regum
452 1283 608 1315 suam,
652 1270 733 1319 qui
763 1271 936 1307 Persei
967 1277 1039 1308 cet.
1106 1270 1184 1308 Sed
1215 1283 1283 1307 cur
1313 1272 1360 1307 de
1391 1271 1483 1308 solis
1513 1285 1572 1308 re-

144 1343 257 1391 gibus
289 1343 528 1391 exspectatio
561 1342 668 1378 erat?
797 1342 923 1379 Paulo
969 1347 1057 1391 post
1089 1341 1123 1390 (ξ
1161 1342 1201 1389 5)
1244 1342 1281 1378 in
1314 1342 1447 1379 codice
1480 1343 1573 1379 scri-

145 1413 266 1450 bitur:
297 1419 346 1450 ut
377 1426 478 1450 eum
629 1412 838 1461 publicae
870 1412 1015 1449 etiam
1048 1425 1169 1449 curae
1200 1426 1253 1449 ac
1283 1414 1423 1450 velut
1452 1419 1572 1450 tute-

138 1485 183 1521 le
229 1485 415 1522 vellent
465 1495 573 1520 esse
623 1489 669 1519 et
713 1496 875 1532 regem
930 1490 973 1520 et
1017 1483 1204 1532 legatio
1246 1490 1389 1533 grata
1433 1496 1571 1521 sena-

140 1556 209 1592 tui
241 1556 349 1592 fuit.
410 1554 526 1601 Quod
557 1554 698 1590 editur:
731 1554 918 1591 vellent
950 1566 1067 1592 esse.
1127 1555 1196 1591 Ea
1225 1555 1356 1603 regis
1382 1555 1570 1603 legatio

140 1639 208 1675 gr.
244 1639 274 1667 s,
304 1625 357 1670 f.,
389 1638 412 1661 a
441 1624 614 1673 vestigiis
645 1625 787 1661 codicis
818 1625 933 1674 longe
965 1625 1142 1671 discedit,
1175 1626 1425 1674 abundatque
1459 1639 1571 1674 pror-

141 1709 205 1733 sus
236 1696 380 1745 regis.
445 1696 697 1733 Scribendum
720 1696 890 1731 videtur:
922 1695 1140 1745 Egregie
1174 1709 1226 1732 ea
1251 1696 1437 1745 legatio
1465 1708 1570 1745 gra-

140 1774 187 1804 ta
219 1780 249 1806 S.
280 1767 306 1804 f.
321 1764 352 1817 ¹)

259 1838 357 1887 Cap.
394 1839 466 1882 23,
509 1840 529 1873 5
565 1837 617 1881 (in
650 1838 825 1875 oratione
858 1838 1076 1887 legatorum
1110 1836 1488 1887 Carthaginiensium
1523 1840 1570 1875 de

138 1910 355 1946 Masinissae
385 1909 532 1945 iniuriis
564 1908 842 1957 querentium):
881 1908 1064 1945 Missos
1096 1920 1201 1944 esse
1233 1909 1322 1958 (scr.
1356 1922 1442 1946 cum
1465 1910 1569 1948 Gro—

138 1981 272 2017 novio:
305 1980 489 2016 missos
520 1992 580 2025 se,
625 1992 673 2016 ne
703 1979 799 2016 alios
830 1979 970 2016 missos
1003 1991 1164 2015 narrare
1194 1979 1441 2026 videantur),
1485 1981 1569 2029 qui

168 2189 195 2233 ¹)
224 2194 243 2232 ἓ
271 2196 289 2224 6
317 2203 380 2233 ego
408 2203 542 2234 quoque
570 2194 670 2224 trium
692 2194 846 2225 Thraeiae
863 2194 1067 2234 populorum
1086 2195 1225 2225 nomina
1243 2195 1381 2226 subesse
1398 2195 1567 2232 videram;

231 2255 380 2292 nomina,
406 2260 528 2296 praetei·
555 2255 775 2286 Medorum
792 2279 799 2293 ,
835 2256 891 2287 vix
932 2257 1072 2298 reperiri
1109 2262 1280 2298 poterunt.
1352 2254 1435 2297 Cap.
1463 2261 1519 2294 21,
1546 2261 1566 2287 3

232 2317 419 2347 inauditam
446 2327 565 2348 vocem
607 2318 842 2349 rebellium
883 2328 1004 2359 parum
1048 2326 1186 2350 tuentur
1227 2318 1386 2359 exempla
1421 2318 1567 2360 duplicis

231 2378 349 2410 formae
377 2378 523 2410 aliorum
551 2379 842 2411 substantivorum
869 2390 889 2410 a
916 2379 1091 2411 Gronovia
1116 2381 1233 2420 allata,
1261 2390 1364 2421 quum
1378 2380 1567 2421 praesertim

231 2450 341 2481 neque
369 2440 626 2480 contagium
653 2450 762 2481 neque
789 2441 1011 2472 obsidium
1037 2443 1152 2475 Livius
1181 2449 1241 2474 aut
1265 2443 1338 2473 eius
1365 2442 1514 2484 aequales
1533 2443 1567 2473 in

231 2512 333 2542 prosa
359 2502 513 2532 oratione
539 2502 667 2533 dixisse
693 2502 926 2542 reperiantur,
970 2504 1188 2535 oblivium
1225 2505 1391 2545 singulari
1424 2513 1567 2535 numero

232 2572 272 2592 ne
298 2568 407 2603 poetae
434 2563 571 2603 quidem
606 2563 800 2604 posuerint,
839 2568 876 2594 ut
907 2565 1028 2596 merito
1064 2566 1212 2597 dubitari
1238 2567 1364 2607 possit,
1407 2576 1450 2597 an
1482 2566 1567 2597 Tac.

230 2623 321 2658 Hist.
348 2624 412 2663 IV,
439 2628 458 2655 9
485 2625 716 2657 oblivione
750 2625 941 2666 scripserit,
970 2626 1137 2658 oblivio
1164 2632 1274 2659 ortum
1303 2628 1347 2659 sit
1373 2638 1416 2659 ex
1440 2637 1568 2669 praeee-

230 2686 323 2716 denti
351 2686 548 2717 silentio.
