1811 2925
799 140 874 175 539
1351 141 1543 174 Lib.XLlI.

127 268 262 305 reapse
292 270 368 294 non
408 257 588 297 efficitur.
641 259 822 307 quoniam
866 259 1178 309 phalangitarum
1226 275 1405 298 numerus
1438 264 1472 307 (ς’
1505 264 1547 311 3)

126 339 202 364 non
225 328 318 364 satis
349 328 543 371 definitul-3
586 328 726 377 pendet
773 329 871 366 enim
902 343 949 366 ex
981 331 1058 367 XL
1089 331 1235 367 milium
1267 344 1446 376 numero,
1481 334 1546 381 qui

126 410 202 435 non
236 399 416 435 convenit
441 410 526 434 cum
558 399 653 447 ipsa,
689 412 773 447 quae
804 400 865 436 hic
897 400 1100 449 colligitur,
1144 413 1308 438 summa.
1396 402 1471 440 Sed
1504 410 1547 440 ut

125 468 210 505 XX
238 468 344 504 milia
373 468 686 517 phalangitarum
717 470 869 516 fuerint,
900 483 977 506 non
993 471 1198 513 XXXIX„
1231 472 1295 508 sed
1310 473 1545 510 XXXVIII

123 538 230 574 milia
262 538 434 586 peditum
465 539 692 577 efficiuntur.

238 608 334 658 Cap.
369 611 432 655 5⁴2,
467 612 507 646 5:
539 610 649 658 Ipse
684 610 891 652 (Perseus)
925 611 1168 648 constitit
1200 612 1244 648 in
1275 611 1545 657 tribunali,

127 680 260 717 circa
290 692 340 717 se
373 682 558 717 habens
587 679 726 716 lilios
757 679 887 724 duos,
919 692 1118 728 quorum
1150 682 1320 725 maior,
1362 682 1544 731 Philip-

125 762 235 799 puS‚
267 758 445 788 natura
481 750 658 795 frater,
698 749 965 798 adoptione
995 751 1161 796 filius,
1192 752 1360 796 minor,
1410 765 1543 800 quem

126 820 466 857 Alexandrum
509 821 779 864 vocabant,
825 821 1072 858 naturalis
1103 829 1220 860 crat.
1286 820 1438 858 Codex:
1485 823 1547 859 fi-

125 891 220 928 lios
251 892 385 935 duos,
421 891 557 927 cuius
587 890 665 926 vel
697 903 897 938 quorum
928 904 1043 939 pars
1076 893 1339 941 Philippus
1373 903 1465 938 ceu,
1499 906 1547 930 cx

126 974 203 1010 quo
236 960 341 998 ”alia
371 961 526 997 Livium
556 961 755 1009 scripsisse
787 966 901 1008 atque
932 962 1048 1010 vulgo
1066 962 1275 1010 legantur'',
1300 969 1401 999 recte
1415 964 1547 999 XVeis-

126 1032 354 1068 senbornius
384 1032 585 1075 iudicavit;
616 1031 824 1079 scripserat
854 1037 996 1080 autem,
1029 1032 1185 1080 opinor,
1216 1033 1291 1069 sic:
1335 1063 1343 1070 .
1364 1064 1372 1071 ,
1411 1033 1548 1070 filios

125 1102 259 1146 duos,
291 1102 426 1139 cuius
457 1103 590 1154 paris
622 1101 885 1150 Philippus
916 1108 1093 1139 natura
1133 1102 1310 1144 frater,
1356 1103 1547 1153 adopti-

126 1184 220 1208 one
259 1172 422 1217 filius,
472 1172 627 1208 minor
669 1178 739 1209 etc.
820 1173 915 1208 Par
962 1174 1126 1210 filiorum
1170 1180 1318 1222 patrem
1356 1174 1546 1222 cingebat.

126 1242 320 1291 Corrupto
354 1244 488 1292 paris
518 1244 691 1288 nomine„
724 1256 840 1291 quum
883 1243 1021 1279 cuius
1055 1244 1103 1280 ad
1135 1244 1272 1280 filios
1304 1245 1426 1281 duos
1458 1247 1546 1282 viti-

125 1325 192 1349 ose
223 1313 358 1350 referri
400 1314 612 1359 videretur,
646 1314 778 1350 addita
826 1314 1047 1350 coniectura
1085 1320 1160 1350 cst:
1204 1315 1282 1351 vel
1329 1328 1542 1364 quorum.

124 1384 347 1433 Philippum
387 1384 572 1421 maiorem
603 1384 734 1428 fuisse,
764 1390 900 1420 notata
930 1384 967 1420 in
999 1384 1120 1420 altero
1155 1392 1246 1421 aetas
1281 1386 1374 1422 satis
1412 1394 1543 1423 osten-

127 1453 257 1495 debat,
289 1461 330 1489 ut
360 1454 484 1490 omitti
515 1455 667 1491 maior
696 1461 798 1490 recte
828 1461 970 1503 posset.

248 1523 346 1573 Cap.
381 1525 444 1569 53,
483 1527 519 1560 1:
560 1525 708 1572 Quum
739 1538 822 1572 per
852 1538 1034 1562 omnem
1067 1526 1345 1562 orationem
1393 1528 1544 1571 (Persei

124 1593 228 1642 apud
250 1595 476 1641 exercitum)
510 1595 632 1631 satis
663 1596 910 1642 frequenti
942 1597 1148 1632 adsensu
1183 1596 1542 1633 succlamatum

125 1670 273 1709 esset,
304 1671 400 1701 tum
430 1678 550 1702 vero
582 1679 635 1702 ea
665 1665 970 1703 vociferatio
1004 1667 1145 1703 simul
1182 1666 1539 1715 indignantium

128 1734 563 1783 minitantiumque
705 1743 882 1773 exorta
913 1744 1013 1782 est,
1062 1744 1114 1773 ut
1145 1743 1215 1775 cet.
1281 1738 1425 1783 Miror,
1478 1740 1543 1787 qui

129 1816 264 1841 omnes
296 1804 495 1849 fefellerit,
540 1813 628 1854 post
672 1813 768 1842 tum
816 1819 930 1842 vero
976 1808 1186 1844 desiderari
1227 1809 1306 1844 eius
1355 1810 1539 1858 temporis

122 1875 254 1924 puncti
284 1875 622 1924 significationem,
655 1889 730 1925 quo
758 1888 909 1912 summa
940 1877 1168 1914 vociferatio
1200 1885 1285 1915 orta
1320 1880 1389 1925 sit,
1427 1881 1541 1926 (con-

122 1945 282 1982 trariam
313 1945 406 1981 illis:
455 1958 541 1994 per
585 1959 769 1982 omnem
815 1948 1120 1994 orationem);
1162 1961 1287 1996 neque
1315 1950 1413 1986 enim
1446 1961 1540 1986 tum

122 2028 238 2052 vero
288 2022 346 2051 est
394 2022 489 2051 tum
520 2028 634 2053 vero
677 2024 796 2061 tum,
845 2019 948 2066 quod
992 2019 1118 2067 ipsum
1149 2019 1307 2056 ridicule
1337 2020 1541 2057 diceretur.

121 2085 278 2122 Excidit
306 2085 441 2134 igitur:
484 2087 540 2122 ad
573 2088 669 2123 haec
701 2094 924 2125 extrema
955 2096 1021 2125 aut
1054 2089 1176 2125 simile
1207 2090 1361 2137 aliquid.

234 2155 331 2205 Cap.
365 2159 435 2200 54,
470 2158 491 2192 3
525 2158 590 2199 (de
625 2159 914 2206 oppugnatione
944 2158 1075 2207 oppidi
1110 2158 1344 2208 Mylarum):
1374 2160 1542 2196 Multi-

122 2226 240 2263 tudo
271 2226 587 2263 Macedonum
622 2228 677 2263 ad
708 2229 1011 2265 subeundum
1042 2229 1089 2264 in
1119 2229 1274 2265 vicem
1298 2231 1539 2278 proelium

122 2297 251 2334 haud
282 2296 562 2333 difficulter
599 2299 904 2336 succedebat.
979 2299 1080 2346 Quid
1111 2299 1160 2335 sit
1190 2300 1450 2336 succedere
1482 2301 1541 2336 ad

122 2367 428 2404 subeundum
473 2368 659 2416 proelium
702 2369 851 2414 nesci03
901 2370 1163 2406 succedere
1193 2370 1384 2418 proelio
1429 2371 1540 2418 novi;

123 2436 333 2474 difficultas
377 2437 528 2484 quidem
560 2439 788 2475 succedendi
818 2441 1034 2477 necessario
1066 2440 1230 2488 pertinet
1276 2441 1325 2476 ad
1365 2441 1439 2476 loci
1470 2441 1540 2476 ini-

123 2508 331 2556 quitatem,
376 2520 452 2543 non
483 2508 531 2543 ad
562 2508 793 2556 paucitatem
841 2510 1182 2546 multitudinemve.
1260 2509 1395 2547 Codex
1426 2511 1541 2547 habet

123 2577 341 2613 sedebat.
422 2575 677 2615 Scribendum
713 2591 797 2616 esse
834 2586 900 2616 aut
943 2581 1243 2628 suppetebat
1285 2588 1351 2617 aut
1396 2581 1542 2617 suffi-

122 2648 298 2694 ciebat,
329 2649 572 2697 perspicuum
605 2655 660 2685 est
695 2650 809 2687 etiam
840 2663 888 2686 ex
917 2650 1104 2687 similibus
1134 2651 1254 2696 locis,
1294 2651 1358 2688 ubi
1390 2663 1540 2700 oppug-
