1811 2925
773 144 814 178 51
896 146 899 150 ’
1326 140 1399 171 Lib.
1430 139 1455 171 1.

89 267 229 303 librum
259 264 560 302 recentissimum
599 268 636 299 et
679 263 1055 312 interpolatissimum
1089 269 1126 299 et
1155 263 1323 300 eiusdem
1354 265 1504 312 generis

92 337 254 374 alterum
289 337 395 381 (112)
436 340 587 371 secutus
625 346 656 370 c.
690 335 738 370 43
772 334 976 370 Veientum
1016 339 1051 370 et
1080 334 1302 382 AEquorum
1348 336 1505 373 nomina

90 407 340 456 transposuit,
357 406 460 455 quod
481 405 657 450 „Livium
686 418 761 442 non
785 404 943 442 ferenda
964 405 1000 441 in
1025 405 1118 441 tanti
1140 406 1303 443 nominis
1325 419 1370 443 ac
1390 406 1504 443 famae

90 479 273 515 historico
295 477 526 526 negligentia
547 476 679 525 paucis
700 475 905 512 interiectis
928 476 986 512 sui
1008 476 1167 513 oblitum
1192 480 1298 514 esse“
1324 491 1399 515 non
1424 491 1506 516 cre-

92 550 219 593 debat,
250 549 459 597 habuitque
491 549 762 595 obsequentes7
808 547 870 594 qui
901 546 939 582 in
970 547 1167 595 superiore
1195 548 1280 585 loco
1312 549 1506 586 codicibus

93 620 336 664 obedierant,
367 619 633 668 Kreyssigiurn
664 624 700 654 et
730 617 948 663 Hei-tzium,
980 618 1306 665 dissentientibus,
1338 620 1402 668 qui
1431 620 1506 657 illic

94 691 294 727 Dukerum
325 696 460 727 contra
489 689 640 725 codices
670 689 788 726 secuti
819 695 939 733 erant,
969 689 1214 726 Alschefskio
1246 697 1282 726 et
1311 691 1507 728 Wl'eissen-

92 761 241 798 bornio.
318 761 476 799 Utinam
519 773 595 796 non
632 760 750 796 multo
790 759 973 808 graviora
1007 759 1138 796 Livius
1179 762 1432 799 commisisset
1472 769 1507 799 et

94 845 180 880 quae
222 832 341 868 verbo
383 843 458 867 uno
501 831 671 867 alterove
707 830 891 866 mutando
934 832 1268 879 transponendove
1317 833 1509 870 occultare

94 916 171 939 non
202 902 338 951 possis.
402 901 483 937 Lib.
516 901 587 945 IV,
621 902 683 945 30,
721 903 765 936 15
797 901 835 936 111
867 900 1042 937 omnibus
1081 902 1296 947 codicibus,
1339 905 1508 953 exceptis

94 974 216 1010 tribus
247 972 413 1009 omnium
453 971 591 1007 infimis
630 971 788 1016 (iisdem
819 970 1029 1019 Sigoniano
1061 979 1098 1008 et
1128 973 1206 1009 H2.
1245 981 1326 1010 tum
1356 976 1508 1011 Haver-

96 1044 341 1093 campiano),
384 1041 578 1078 scribitur:
629 1048 676 1077 ut
709 1041 965 1089 Quinctius
998 1044 1165 1079 consul
1199 1045 1253 1081 de
1291 1046 1418 1083 bello
1452 1047 1507 1082 ad

91 1115 320 1164 populum
352 1113 520 1157 ferreti
553 1119 589 1148 et
619 1125 650 1148 c.
670 1114 734 1157 31,
770 1115 784 1149 1
813 1113 946 1149 Livius
970 1115 1148 1162 proximo
1178 1128 1278 1151 anno
1302 1117 1349 1152 T.
1367 1116 1509 1163 Quinc-

93 1187 187 1222 tium
239 1187 411 1223 Pennum
467 1197 522 1220 ex
575 1184 824 1221 consulatu
880 1184 1073 1221 tribunum
1122 1186 1283 1222 militum
1339 1193 1509 1224 creatum

94 1257 236 1294 scribit.
308 1256 431 1304 Atqui
463 1268 579 1304 supra
609 1267 640 1292 c.
675 1257 738 1299 30,
773 1256 818 1292 12
853 1256 1027 1292 consules
1063 1256 1175 1292 huius
1205 1257 1295 1293 anni
1339 1258 1509 1295 ediderat

94 1327 139 1366 C.
171 1327 376 1365 Servilium
405 1326 589 1370 Ahalam,
620 1327 664 1363 L.
695 1327 896 1375 Papirium
925 1326 1198 1375 Mugillanum3
1230 1328 1277 1364 T.
1311 1328 1510 1376 Quinctius

94 1398 292 1447 superiore
336 1410 437 1434 anno
479 1397 612 1434 consul
641 1396 768 1434 fuerat
798 1398 834 1444 (ξ
867 1399 922 1445 4).
996 1397 1135 1446 Itaque
1163 1398 1298 1436 Livius
1327 1413 1403 1437 non
1432 1401 1508 1437 iam

99 1484 148 1507 ex
173 1470 322 1506 duobus
352 1468 570 1505 hominibus
600 1468 761 1505 alterum
791 1481 862 1516 pro
894 1468 1013 1504 altero
1043 1469 1268 1516 nominavit,
1298 1472 1364 1507 sed
1392 1472 1513 1521 negli-

97 1541 249 1590 gentius
290 1539 429 1577 Ahalae
473 1545 509 1575 et
552 1539 755 1587 Mugillani
797 1538 936 1574 oblitus
987 1539 1035 1574 ad
1077 1541 1293 1588 superiores
1338 1543 1513 1579 consules

100 1612 308 1656 aberravit,
338 1610 465 1647 nescio
494 1610 584 1658 quid
612 1610 650 1646 in
681 1598 801 1646 altero
833 1622 881 1645 ex
910 1609 955 1645 iis
977 1610 1177 1658 deligendo
1199 1619 1364 1650 secutus.
1418 1614 1513 1651 Edi-

100 1689 204 1718 tores
231 1681 318 1717 inde
342 1694 365 1717 a
388 1680 558 1730 Sigonic),
590 1680 758 1730 exceptis
776 1680 967 1725 Bekkem,
984 1680 1311 1729 WeissenborniQ
1342 1684 1514 1726 Hertzio,

101 1753 204 1789 Livii
246 1764 416 1788 errorem
455 1751 712 1788 audacissima
754 1752 964 1788 mutatione
1005 1753 1244 1790 occultarunt
1291 1759 1357 1798 (ut
1404 1768 1514 1793 con-

100 1823 229 1859 sules
261 1823 315 1859 de
345 1823 472 1859 bello
503 1835 538 1858 a.
560 1835 598 1871 p.
620 1822 834 1869 ferrent).
882 1822 1010 1870 Magis
1033 1822 1148 1859 etiam
1169 1824 1270 1861 Livii
1291 1826 1329 1862 in
1353 1828 1516 1864 materia

101 1906 151 1930 ex
196 1893 436 1942 superiorum
486 1893 688 1930 annalibus
736 1894 978 1942 excerpenda
1025 1900 1063 1930 et
1119 1897 1323 1933 verborum
1377 1905 1515 1936 ornatu

100 1964 301 2000 vestienda
332 1963 526 2000 festinatio
556 1964 770 2012 levitasque
800 1971 974 2014 apparet,
1003 1966 1105 2013 quod
1136 1966 1186 2011 V,
1218 1968 1277 2007 12.
1306 1970 1351 2004 Ὀ
1384 1982 1515 2006 omnes

100 2035 275 2071 tribunos
317 2034 476 2071 militum
519 2042 657 2083 praeter
695 2048 812 2071 unum
842 2036 887 2073 P.
920 2036 1108 2073 Licinium
1140 2036 1301 2074 Calvum
1333 2040 1516 2088 patricios

101 2112 252 2143 creatos
282 2106 429 2143 scribit.
469 2106 624 2141 nomina
654 2112 793 2155 praeter
821 2119 937 2142 unum
971 2107 1031 2154 (L.
1061 2108 1184 2155 Furii)
1216 2108 1367 2156 plebeia
1395 2111 1516 2159 ponit,

103 2188 135 2212 c.
168 2182 296 2212 autem
332 2177 392 2220 18,
427 2176 462 2217 2,
495 2163 611 2224 quum
644 2177 758 2222 idem,
791 2178 895 2225 quod
926 2190 957 2214 c.
995 2179 1054 2223 12,
1084 2178 1324 2216 tribunorum
1355 2182 1515 2218 militum

103 2246 306 2295 collegium
338 2259 640 2283 commemorare
670 2248 802 2293 vellet,
838 2248 933 2284 duos
966 2247 1055 2291 (Cn.
1090 2248 1324 2296 Genucium‚
1356 2252 1400 2288 L.
1428 2253 1517 2289 Ati-

102 2319 217 2363 lium)
264 2331 311 2354 ex
362 2318 439 2354 alio
485 2331 585 2354 anno
636 2318 852 2356 immiscuit.
923 2320 1003 2363 VI,
1042 2321 1085 2363 9,
1130 2323 1150 2356 5
1192 2320 1238 2367 Q.
1277 2320 1518 2359 Servilius

103 2389 294 2426 nominari
326 2388 468 2433 debuit,
500 2389 563 2436 qui
592 2389 800 2426 exercitum
833 2390 1065 2435 (iuniorum)
1101 2391 1150 2427 ad
1183 2391 1317 2427 urbem
1348 2393 1519 2429 habebat

105 2464 157 2504 (c.
190 2462 225 2504 6,
261 2461 344 2504 13),
374 2459 594 2495 nominatur
623 2472 753 2496 errore
789 2461 982 2497 memoriae
1014 2459 1106 2512 (L.)
1139 2461 1413 2509 Quinctius,
1454 2465 1519 2512 qui

106 2530 303 2566 causarios
338 2530 582 2578 senioresque
613 2530 819 2578 scripserat
850 2535 901 2573 (c.
925 2534 960 2577 6,
993 2533 1073 2575 14).
1138 2532 1223 2569 Lib.
1258 2533 1427 2570 XXVII
1459 2536 1517 2579 (ut

105 2601 222 2637 etiam
251 2613 299 2637 ex
329 2601 451 2637 altera
480 2600 624 2637 decade
654 2601 869 2650 exemplum
893 2605 1059 2650 ponam)
1095 2605 1129 2643 7,
1166 2607 1202 2639 11
1243 2602 1287 2640 C.
1310 2605 1518 2642 Hostilium

106 2671 241 2708 Livius
271 2671 362 2708 dicit
394 2683 417 2707 a
448 2670 491 2709 C.
523 2670 689 2707 Laetorio
719 2678 956 2720 propraetore
988 2671 1157 2710 Galliam
1187 2674 1425 2722 provinciam
1456 2688 1521 2711 ac-

1212 2742 1250 2773 4'
