1811 2925
284 133 359 164 Lib.
387 133 428 164 V.
910 134 922 167 l
938 135 984 169 16

235 257 348 293 kerus
379 261 416 292 et
435 253 774 291 Weissenbornius
800 253 838 289 in
871 253 1040 297 veluti,
1072 267 1195 303 neque
1226 255 1323 291 enirn
1356 266 1557 302 apparere,
1588 264 1660 288 eur·

236 326 387 363 veluti
420 324 547 361 forte
576 324 630 360 illi
660 324 911 372 populatores
942 324 1062 360 oblati
1093 324 1268 361 dieantur
1299 324 1430 373 (quasi
1459 322 1653 360 simulatio

235 409 347 433 vasus
377 396 506 441 fuerit)
539 407 583 431 ac
615 408 690 431 non
721 393 861 430 forte.
932 395 1008 432 Sed
1038 400 1176 443 praeter
1205 396 1290 440 hoe,
1323 396 1426 443 quod
1457 394 1655 430 verissime

234 466 545 515 reprehenditur,
596 466 672 501 alia
711 471 768 501 est
805 465 843 501 in
874 465 959 514 ipsa
998 465 1221 502 narratione
1260 465 1476 503 difficultas.
1550 465 1653 501 Nam

234 536 459 585 palantes
490 536 576 572 illos
606 536 929 584 populatores
959 536 1072 572 video
1092 536 1251 584 intelligi
1269 537 1308 583 (a
1323 534 1654 580 VVeissenbornio)

234 607 399 643 victores
422 608 655 653 (Romanos)
685 620 708 642 a
725 607 845 651 Veiis,
864 607 940 655 qui,
968 607 1130 655 primum
1151 607 1359 654 composite
1386 607 1508 643 victos
1526 618 1654 654 perse-

235 678 323 721 euti,
354 684 490 726 postea
520 678 641 726 palati
671 684 707 714 et.
731 677 842 714 effusi
875 677 913 713 in
944 677 1066 713 victos
1099 677 1318 721 ineiderint3
1349 689 1433 724 quae
1463 675 1656 712 enarratio

233 761 358 796 neque
389 760 473 784 eum
504 761 546 784 re
575 761 699 796 neque
730 761 814 785 eum
848 748 976 784 verbis
1007 747 1197 786 convenit.
1261 748 1364 784 Nam
1397 753 1438 782 ut
1469 746 1656 790 omittam,

235 819 395 867 palari
424 832 500 855 non
521 820 595 856 diei
617 820 662 856 de
685 819 805 856 effuse
825 819 1154 867 persequentibus,
1185 819 1351 867 primum
1376 817 1443 853 illa
1475 829 1558 852 nee
1588 816 1657 852 ita

236 890 387 926 multo
418 896 529 938 post.
559 890 764 926 ostendunt
800 890 892 925 novi
923 889 1065 937 aliquid
1097 896 1132 925 et
1164 903 1186 925 a
1216 890 1481 938 perseeutione
1512 899 1660 931 eorum,

235 961 300 1008 qui
331 967 458 997 eastra
489 961 538 996 ad
555 961 674 997 Veios
694 961 807 997 tutati
828 968 948 1005 erant,
979 961 1119 997 diversi
1143 961 1337 1009 subiungi3
1368 959 1503 995 deinde
1532 958 1657 1006 ipsum

234 1032 516 1067 substantivum
549 1032 887 1080 populatores,
917 1031 1095 1067 adiuncto
1118 1032 1328 1080 praesertim
1351 1030 1538 1079 genitivo:
1571 1028 1659 1065 Ca-

235 1102 427 1150 penatis
461 1102 585 1150 agri,
621 1115 696 1150 quo
719 1102 896 1138 definitur
920 1115 1052 1150 genus,
1083 1103 1179 1138 alios
1201 1102 1374 1138 homines
1398 1101 1510 1137 obiici
1531 1100 1658 1136 deela-

235 1179 307 1216 rat,
338 1186 415 1208 non
446 1173 599 1209 eosdem
621 1173 669 1208 ad
687 1173 949 1221 populandum
970 1185 1193 1216 conversos3
1225 1179 1261 1208 et
1284 1174 1347 1220 qui
1369 1179 1561 1221 poterant,
1594 1173 1658 1220 qui

237 1257 337 1292 {egre
369 1250 496 1279 castra
528 1253 565 1280 et
596 1245 644 1280 ab
675 1245 770 1280 urbe
804 1250 840 1279 et.
870 1243 1106 1279 extrinsecus
1138 1249 1363 1292 oppugnata
1398 1243 1663 1279 defenderant.

236 1316 354 1351 libere
386 1313 530 1351 effundi
562 1315 610 1350 ad
643 1313 881 1362 Capenatem
921 1326 1056 1361 agrum
1087 1314 1377 1362 populandum?
1421 1315 1521 1350 Tum
1554 1326 1660 1358 vero,

236 1386 300 1433 qui
344 1398 391 1421 ex
432 1386 519 1433 ipsa
559 1398 689 1434 pugna
730 1385 853 1421 victos
893 1384 1083 1433 persecuti
1124 1391 1233 1420 erant
1270 1385 1386 1433 tergis
1420 1385 1659 1429 inhaerentes,

234 1456 408 1505 profecto
442 1469 518 1492 non
550 1456 649 1493 forte
680 1455 811 1492 offerri
841 1455 1074 1504 fugientibus
1106 1462 1297 1504 poterant,
1329 1469 1375 1491 ne
1409 1455 1537 1491 offerri
1573 1456 1656 1504 qui-

234 1528 332 1571 dem,
364 1528 436 1564 nisi
468 1528 676 1564 admodum
711 1528 811 1563 lente
842 1534 879 1563 et
908 1527 1042 1563 sedato
1074 1527 1195 1575 gradu
1227 1527 1349 1563 vietos
1376 1526 1519 1574 fugisse
1541 1532 1656 1574 puta-

235 1611 330 1643 mus,
363 1605 403 1634 ut:
433 1598 599 1634 victores
632 1598 746 1633 etiam
776 1598 875 1633 inter
901 1598 1164 1646 populandum
1197 1610 1262 1633 eos
1290 1597 1537 1646 praetergredi
1566 1609 1656 1645 pos-

234 1676 339 1714 sent3
373 1682 461 1704 nam
495 1668 655 1704 oblati
685 1669 873 1716 signifieat
908 1682 954 1704 ex
986 1669 1150 1705 adverso
1185 1669 1413 1707 occurrisse:
1460 1675 1655 1716 postremo

234 1751 391 1789 prorsus
423 1751 543 1787 prave
577 1739 674 1774 inter
704 1739 933 1787 palantes
965 1745 999 1774 et
1038 1739 1358 1787 pabulatores
1402 1739 1656 1787 interponitur

236 1811 361 1847 forte
393 1809 558 1845 oblati.
632 1811 708 1846 ten]
731 1810 854 1857 ipsam
888 1810 1211 1857 quemadmodum
1231 1810 1362 1845 Livius
1393 1810 1521 1845 animo
1548 1822 1655 1845 eom-

235 1880 496 1929 prehenderit,
544 1878 788 1914 manifestum
837 1887 905 1916 est.
978 1881 1155 1916 Victores·
1198 1893 1220 1915 a
1266 1880 1373 1915 Veiis
1417 1880 1654 1927 aliquantum

235 1952 349 2001 spatii
379 1952 500 1987 victos
531 1949 720 1998 persecuti
761 1950 797 1985 in
830 1958 974 1986 eastra.
1017 1964 1099 1998 quae
1130 1951 1202 1998 ipsi
1234 1951 1414 1986 Veientes
1458 1951 1656 1998 eruptione

236 2028 506 2071 oppugnarant
540 2024 574 2065 (ξ
607 2023 628 2056 9
672 2021 856 2068 triplex
899 2022 1145 2057 exereitus
1191 2029 1227 2057 et
1258 2025 1275 2066 ξ
1310 2021 1393 2070 13),
1442 2022 1654 2057 redierunt:

235 2094 372 2129 deinde
406 2091 668 2140 Capenatibus
712 2098 748 2126 et
785 2091 948 2128 Faliscis
985 2092 1079 2139 fuga.
1120 2093 1347 2128 abeuntibus
1385 2093 1449 2128 alii
1488 2092 1653 2129 Romani

236 2178 285 2201 ex
315 2165 479 2200 adverso
512 2169 778 2205 occurrerunt,
827 2162 889 2209 qui
928 2163 1110 2199 haetenus
1152 2175 1285 2211 agrum
1318 2162 1552 2211 Capenatem
1584 2175 1653 2211 po-

236 2235 357 2284 pulati
390 2238 510 2269 erant.
543 2232 797 2278 (cf1·.0.12,5
831 2233 877 2268 de
907 2233 1031 2277 simili,
1064 2233 1152 2268 dum
1185 2233 1272 2269 Veii
1307 2233 1540 2274 obsidentur,
1573 2233 1655 2281 agri

237 2305 446 2354 Capenatis
467 2302 747 2352 populationffi)
770 2303 1029 2351 reliquiasque
1052 2316 1189 2351 pugnae
1215 2304 1520 2352 absumpserunt.
1569 2304 1653 2339 Iam

236 2376 327 2412 illud
346 2387 497 2423 quoque
525 2380 698 2421 apparet,
729 2373 878 2421 opinor,
908 2374 1178 2422 palantium
1210 2375 1518 2423 appellationem,
1551 2375 1652 2421 quod

237 2447 317 2494 ipse
358 2444 535 2481 voeabuli
576 2444 801 2491 palantes
844 2444 950 2479 loeus
991 2451 1078 2480 ante
1121 2457 1301 2481 occursus
1341 2445 1571 2480 mentionem
1618 2453 1652 2480 et

236 2516 425 2565 particula
469 2515 561 2550 iam
603 2514 787 2557 ostendit,
831 2515 1019 2563 pertinere
1061 2516 1107 2550 ad
1141 2515 1357 2563 Capenates
1399 2522 1434 2550 ot
1467 2515 1653 2551 FaHseos.

237 2587 302 2634 qui
332 2599 376 2621 eo
408 2585 557 2621 faeilius
582 2585 694 2620 deleti
719 2585 804 2620 sint.
851 2586 940 2620 Non
972 2584 1087 2632 igitur
1117 2586 1206 2621 iam
1238 2586 1466 2633 palantes
1497 2585 1655 2621 oblati

236 2664 363 2692 sunt.
407 2656 471 2691 sed
504 2656 593 2691 iam
628 2655 914 2703 palantibus
956 2661 1040 2695 ant,
1084 2655 1184 2702 quod
1218 2655 1349 2691 Livius
1380 2656 1517 2703 saepius
1552 2655 1655 2700 dicit,
