1811 2925
865 133 942 168 473
1445 133 1518 164 Lib.
1538 133 1615 166 XL.

193 253 300 290 lior.
378 253 614 290 Secundae
658 252 870 301 legionis
897 252 1102 289 Fulvius
1147 253 1376 290 tribunus
1413 255 1614 293 militum

193 329 309 359 erat.
370 324 419 359 Is
450 323 695 360 mensibus
738 324 840 360 suis
885 323 1073 360 dimisit
1115 324 1384 372 legionem,
1430 327 1616 364 iureiu—

192 395 346 430 rando
378 395 573 431 adactis
605 395 1065 440 centurionibus‚aes
1095 394 1141 430 in
1171 396 1392 432 aerarium
1425 398 1479 433 ad
1500 410 1617 446 quoe-

192 471 352 501 stores
394 478 498 502 esse
535 465 810 502 delaturos.
881 466 983 502 Hoc
1024 466 1102 502 ubi
1135 466 1436 504 Placentiam
1480 467 1616 518 (nam

193 548 246 571 eo
276 535 404 572 forte
435 542 539 572 erat
570 533 841 585 profectus)
870 536 996 573 Aulo
1028 537 1301 575 nuntiatum
1326 544 1409 583 est,
1441 545 1511 575 etc.
1554 539 1618 575 Sic

192 607 273 642 haec
303 606 475 643 narratio
505 607 649 656 incipit,
677 607 786 655 quasi
818 609 868 644 A.
900 608 1123 644 Postumius
1159 614 1196 644 et
1230 609 1283 644 M.
1318 609 1479 645 Fulvius
1514 622 1617 646 com-

192 677 297 713 muni
330 685 366 713 et
396 678 482 726 pari
512 679 673 727 imperio
702 679 886 715 exercitui
920 678 1154 727 praefuerint,
1187 678 1308 715 donec
1347 680 1523 716 consules
1553 693 1617 716 ve·

192 749 335 794 nirent3
385 750 520 786 deinde
558 757 684 786 autem
717 751 770 787 M.
802 749 964 786 Fulvius
1011 761 1087 785 non
1119 763 1190 797 pro
1222 750 1294 786 hoc
1324 750 1486 799 imperio
1519 752 1617 800 agit,

192 820 258 856 sed
289 827 330 856 ut
361 833 458 856 unus
489 834 538 857 ex
571 821 747 857 secnndae
777 821 939 869 legionis
970 820 1145 865 tribunis,
1177 833 1293 868 quum
1324 823 1402 858 suis
1424 822 1618 859 mensibus

191 892 291 928 hanc
322 904 437 928 unam
469 892 659 940 legionem
693 898 844 940 regeret
881 896 949 934 (-—
982 904 1070 927 nam
1102 903 1172 939 per
1202 892 1305 928 vices
1336 893 1476 928 tribuni
1507 893 1618 929 binos

191 974 340 998 menses
371 962 512 1011 legioni
542 969 733 1010 praeerant
763 964 855 1009 ——),
885 962 1076 1010 legionem
1117 961 1306 998 dimisisse
1337 963 1475 1000 dicitur
1503 964 1619 1012 idque

189 1033 271 1069 eius
316 1033 459 1070 factum
498 1034 549 1070 A.
582 1033 807 1069 Postumius
855 1046 926 1081 pro
956 1032 1119 1081 imperio
1149 1033 1412 1081 reprehendit3
1457 1035 1619 1072 Fulvius

190 1104 227 1140 in
258 1104 488 1153 Hispaniam
520 1105 621 1141 ultra
639 1103 916 1152 Carthaginem
950 1117 1093 1140 novam
1126 1104 1322 1152 relegatus
1343 1115 1399 1142 est
1430 1112 1617 1155 tanquam

191 1175 256 1223 qui
285 1175 371 1223 plus
401 1175 472 1212 sibi
508 1175 600 1212 iuris
632 1182 865 1224 arrogasset,
899 1188 1013 1223 quam
1045 1175 1217 1211 haberet.
1277 1177 1529 1225 Perspicuum
1563 1186 1620 1214 est

189 1246 322 1294 igitur,
351 1259 466 1282 unum
499 1248 550 1282 A.
582 1247 824 1283 Postumium
857 1245 1042 1283 exercitui
1073 1245 1293 1294 praefuisse„
1324 1247 1505 1283 Fulvium
1536 1248 1619 1284 nul-

188 1317 263 1353 lam
296 1317 396 1352 ultra
426 1316 661 1353 tribunatum
693 1318 854 1353 militum
899 1323 1131 1366 potestatem
1175 1318 1369 1354 habuisse.
1454 1319 1539 1355 Iam
1580 1319 1618 1354 in

190 1387 356 1424 editione
387 1388 618 1436 Mognntina
659 1388 696 1424 in
745 1388 852 1425 initio
895 1388 970 1425 loci
1013 1389 1124 1424 abest
1158 1388 1283 1436 ipsum
1314 1388 1407 1424 illud
1440 1395 1483 1425 et
1514 1389 1618 1438 (ante

191 1458 378 1507 frater),
411 1471 486 1507 quo
518 1459 709 1495 Postumii
742 1466 777 1495 et
808 1460 862 1496 M.
889 1459 1018 1495 Fulvii
1052 1459 1210 1495 nomina
1248 1466 1433 1508 tanquam
1465 1461 1616 1509 parium

190 1529 436 1578 copulantur3
483 1530 619 1566 deinde
657 1537 786 1566 antem
832 1531 953 1578 (quod
985 1543 1008 1566 a
1039 1529 1363 1566 Drakenborchio
1402 1529 1616 1577 neglectum

192 1600 393 1636 adnotavit
429 1601 677 1649 Kreyssigius
710 1601 758 1637 ad
790 1601 892 1637 Livii
922 1601 1007 1639 libr.
1041 1601 1238 1637 XXXIII
1273 1614 1310 1650 p.
1334 1599 1494 1648 CXXI)
1526 1600 1618 1637 scri-

192 1670 314 1707 bitur:
344 1671 383 1706 is
415 1678 516 1707 erat
542 1671 792 1707 mensibus
815 1674 935 1717 (nont
970 1678 1094 1716 erat:
1121 1671 1159 1707 is
1192 1670 1470 1719 mensibus).
1516 1672 1618 1708 Hinc

193 1742 364 1778 nascitur
392 1743 473 1778 haec
503 1742 710 1778 correctio:
750 1773 757 1780 .
778 1772 787 1781 .
827 1747 1038 1795 praeerat
1061 1743 1113 1778 A.
1146 1743 1438 1779 Postumius.
1508 1744 1618 1780 Fra-

193 1820 264 1849 ter
309 1812 354 1859 Q.
388 1812 554 1849 Fulvii
584 1813 639 1851 M.
672 1813 881 1850 Fulvius
925 1813 1163 1851 Nobilior
1210 1812 1453 1860 (secundae
1497 1813 1619 1861 legi-

195 1884 298 1920 onis
329 1883 553 1919 tribunus
602 1884 811 1920 militum
856 1885 897 1921 is
944 1887 1066 1931 erat)
1121 1884 1368 1920 mensibus
1418 1884 1517 1920 suis
1549 1884 1618 1920 di-

195 1954 324 1991 misit
366 1954 607 2002 legionem
655 1961 726 1991 cet.
802 1954 925 1992 Omisi
965 1968 1105 1991 nomen
1141 1955 1348 1991 Fulvius
1394 1967 1523 1991 errore
1554 1963 1620 1991 aut

194 2025 463 2074 interpolando
507 2032 595 2073 post
637 2025 849 2074 legionis
895 2026 1114 2074 repetitum.
1193 2025 1235 2063 Si
1287 2025 1323 2062 in
1368 2026 1499 2062 codice
1536 2025 1619 2066 fuit.

197 2097 299 2145 quod
330 2096 546 2132 Frobenius
577 2096 713 2132 edidit:
756 2096 932 2140 eratis,
963 2096 1079 2133 scribi
1110 2097 1243 2133 debet:
1280 2097 1461 2133 Frater
1492 2096 1539 2144 Q.
1571 2098 1621 2136 F.

196 2167 251 2203 M.
300 2166 503 2202 Fulvius
556 2167 675 2204 Nob.
739 2167 960 2203 secundae
1007 2167 1221 2216 legionis
1270 2167 1494 2203 tribunus
1542 2167 1619 2203 mi-

196 2238 336 2274 litum
385 2244 508 2284 eratg
554 2238 593 2273 is
623 2238 874 2274 mensibus
905 2238 1006 2274 suis
1039 2245 1137 2283 etc..
1168 2238 1284 2286 idque
1314 2243 1491 2287 praestat-;
1528 2239 1621 2274 satis

199 2309 298 2346 enim
330 2309 493 2357 abrupte
523 2308 643 2356 ipsius
673 2309 729 2345 M.
762 2308 891 2344 Fulvii
925 2308 1018 2345 facti
1050 2310 1222 2346 narratio
1252 2309 1407 2358 incipit,
1453 2309 1621 2345 nondum

198 2379 381 2422 indicato,
415 2378 504 2426 quid
537 2379 570 2414 ei
609 2378 647 2414 in
679 2378 848 2415 exercitu
898 2379 973 2415 loci
1015 2378 1141 2415 fuerit.
1211 2380 1272 2416 De
1314 2379 1399 2427 ipsa
1439 2391 1480 2414 re
1510 2384 1546 2414 et
1576 2378 1623 2414 de

199 2449 338 2486 Fulvio
371 2463 394 2485 a
423 2449 626 2486 Postumio
657 2449 893 2497 seiungendo
925 2448 1170 2500 (praeerat)
1198 2450 1304 2487 nulla
1333 2448 1521 2485 dubitatio
1551 2455 1622 2488 est..

201 2520 326 2556 Paulo
356 2526 443 2568 post
478 2520 513 2567 (3
551 2519 614 2568 11)
648 2520 791 2556 editur:
838 2532 984 2556 causa
1025 2520 1303 2569 ignominiae
1464 2519 1622 2556 decre-

200 2597 308 2635 tum„
343 2598 380 2626 et
413 2591 546 2626 eodem
580 2591 697 2627 modo
733 2603 765 2627 c.
801 2593 866 2635 44,
907 2593 950 2626 10
984 2591 1181 2628 scribitur:
1212 2604 1268 2627 ne
1299 2590 1454 2627 maior
1492 2592 1622 2638 (pecu-

201 2659 282 2707 nia)
315 2672 461 2696 causa
491 2661 715 2697 ludorum
748 2668 1134 2703 consumeretur.
1209 2664 1406 2711 Apparet,
1437 2662 1537 2697 hunc
1566 2661 1624 2709 ip-
