1811 2925
838 123 887 158 22

152 251 281 281 autem
318 247 385 289 14,
431 245 475 279 12
520 244 620 291 (quae
651 243 850 280 adnotatio
882 243 930 279 ad
960 243 1108 280 initium
1139 257 1224 294 cap.
1261 247 1307 283 15
1341 247 1504 295 pertinet
1533 255 1570 285 et

159 315 212 351 sic
252 314 394 363 scripta
433 314 523 350 olim
564 312 651 349 fuit:
708 313 849 351 Cossi
899 315 1160 352 dictatoris
1211 329 1466 366 regressus
1513 320 1570 356 ad

160 385 544 433 comprimendas
574 384 859 432 seditiones)
890 397 975 421 cum
1006 386 1114 424 Leid.
1154 390 1167 423 1
1204 392 1310 433 (nam
1341 388 1388 424 de
1416 389 1564 427 Harl.l

159 462 305 491 tacetur
335 455 414 491 sive
443 460 545 490 recte
572 454 651 491 sive
672 454 900 491 conferentis
918 455 1045 504 culpa)
1070 458 1347 507 coniunguntur
1368 459 1464 495 Lov.
1478 460 1514 505 2,
1533 463 1570 506 4,

160 528 235 563 duo
263 525 437 570 Hearnii,
466 525 504 560 in
535 525 651 570 VIII,
673 526 709 571 9,
738 526 797 571 1⁶2,
830 526 1007 562 Leidensi
1031 529 1043 563 l
1069 533 1106 563 et
1126 528 1236 565 Harl.
1263 531 1275 565 1
1314 529 1572 578 adiunguntur

161 599 290 634 decem
321 597 385 632 alii
416 595 775 632 Drakenborchiani
814 602 953 645 praeter
994 596 1233 634 Oxonienses
1266 599 1427 636 Hearnii
1466 601 1570 647 (add.

160 669 282 713 VIII,
315 670 377 713 31,
412 670 446 712 7,
476 667 558 710 IX,
594 669 663 709 46,
703 666 789 715 12);
833 679 902 703 nec
941 667 1146 715 quicquam
1190 669 1292 705 aliud
1328 670 1401 706 nisi
1441 671 1570 708 huius—

159 739 263 775 modi
295 738 493 774 adnotatio
535 738 665 773 subest
707 737 746 772 in
786 737 913 773 verbis
942 737 1008 783 iis,
1059 751 1142 786 quae
1169 739 1249 785 VI,
1284 743 1330 783 4,
1368 745 1381 777 1
1430 741 1468 777 in
1498 741 1570 778 illis

160 811 308 846 duobus
351 815 387 845 et
423 810 519 845 Lov.
551 809 572 845 2
614 808 930 856 interponuntur:
973 809 1213 857 praemium
1258 810 1314 845 ad
1355 823 1439 847 nos
1485 810 1572 860 (fuit

161 880 269 916 olim:
300 881 356 916 ad
386 881 643 927 Romanos)
677 879 1010 924 venientibus3
1040 880 1204 928 pertinet
1236 893 1282 916 ea
1311 881 1360 917 ad
1390 884 1408 926 ξ
1441 883 1477 927 3,
1506 881 1572 918 ubi

161 951 207 987 de
238 951 391 987 civitate
432 957 469 986 et
498 963 591 999 agro
623 949 831 998 transfugis
862 950 952 986 dato
983 956 1174 987 narratur.
1222 951 1268 987 Id
1298 951 1464 988 dubitari
1492 951 1572 988 for-

161 1028 262 1058 tasse
294 1028 434 1070 potest,
464 1022 586 1058 sintne
622 1034 669 1058 ex
700 1022 908 1070 archetypo
940 1021 1131 1066 derivata,
1180 1033 1262 1068 quae
1296 1021 1334 1057 in
1363 1022 1496 1070 paucis
1527 1035 1573 1059 ac

160 1093 434 1129 recentioribus
464 1098 631 1138 restant,
672 1098 713 1128 ut
742 1092 833 1127 illud
860 1092 962 1135 VII,
994 1095 1057 1137 40,
1103 1094 1123 1128 4
1155 1091 1450 1140 colloquium
1481 1093 1571 1129 Va-

161 1162 270 1198 lerii
305 1161 451 1198 Corvi
492 1163 529 1199 in
560 1164 644 1201 cod.
675 1164 788 1200 Voss.
825 1165 864 1207 1,
902 1162 1011 1201 Leid.
1046 1164 1088 1207 2,
1133 1162 1266 1200 Lovel.
1302 1165 1340 1207 1,
1379 1163 1427 1198 ad
1459 1176 1571 1211 quem

161 1234 286 1270 locum
318 1234 657 1270 Drakenborchius
688 1234 764 1269 alia
796 1247 844 1270 ex
875 1234 957 1270 aliis
989 1234 1181 1270 codicibus
1212 1239 1497 1270 commemorat.

272 1304 502 1340 Huiusmodi
542 1305 657 1353 igitur
696 1304 767 1340 fuit
798 1305 920 1341 codex
952 1306 1202 1353 archetypus,
1250 1310 1286 1340 et
1322 1304 1404 1352 ipse
1444 1305 1572 1341 multis

160 1375 253 1411 locis
296 1376 477 1411 mendose
516 1376 678 1424 scriptus
721 1382 757 1411 et
797 1388 872 1411 non
917 1376 1147 1411 mediocrem
1185 1375 1337 1411 errandi
1374 1375 1572 1411 materiem

162 1447 334 1495 praebens
362 1446 539 1489 librariis,
569 1446 710 1494 partim
743 1446 940 1491 eiusmodi,
971 1458 1054 1493 quae
1084 1444 1197 1481 facile
1227 1458 1358 1482 omnes
1383 1447 1574 1495 deciperet

164 1521 225 1559 (ut
246 1517 510 1565 supplementa
541 1517 715 1564 quaedam
747 1529 863 1565 supra
894 1517 1067 1564 scripta),
1098 1516 1235 1564 partim
1261 1517 1459 1562 eiusmodi,
1491 1530 1575 1565 quae

163 1593 311 1623 tantum
341 1601 457 1623 unum
488 1594 524 1623 et
555 1588 738 1629 alterum,
778 1594 820 1624 ut
852 1587 1085 1636 comparatis
1117 1587 1275 1622 diversae
1313 1586 1440 1635 stirpis
1471 1588 1575 1623 codi-

164 1658 269 1694 cibus
300 1671 405 1694 error
435 1669 635 1707 appareat.
730 1659 868 1695 Libere
904 1658 1019 1706 igitur
1057 1657 1123 1693 sed
1153 1663 1262 1693 caute
1302 1664 1339 1692 et
1369 1657 1418 1693 ad
1448 1670 1576 1694 rerum

164 1729 513 1778 sententiarumque
550 1729 859 1778 probabilitatem
899 1735 935 1765 et
973 1729 1021 1764 ad
1061 1727 1243 1764 orationis
1285 1728 1407 1776 legem
1445 1740 1575 1764 usum-

165 1812 238 1847 que
278 1800 377 1835 Livii
419 1800 607 1848 exigenda
644 1806 730 1835 sunt
769 1800 882 1835 etiam
926 1812 1009 1846 quae
1055 1798 1357 1834 testimoniorum
1389 1810 1576 1835 consensu

164 1870 202 1906 in
233 1871 361 1906 codice
393 1872 600 1919 archetypo
639 1870 756 1906 fuisse
787 1875 1087 1918 cognoscuntur,
1126 1868 1322 1915 omnisque
1354 1881 1400 1904 ex
1431 1870 1504 1905 hac
1533 1882 1576 1905 re

165 1941 334 1977 tollenda
364 1940 594 1990 superstitio.
682 1940 745 1976 Ad
791 1939 930 1975 codicis
962 1944 1088 1975 autem
1120 1937 1317 1987 archetypi
1347 1939 1575 1987 scripturam

166 2013 468 2060 cognoscendam
501 2011 681 2058 quoniam
712 2010 932 2058 pervenitur
964 2022 1117 2053 eorum,
1156 2009 1219 2056 qui
1262 2022 1309 2045 ex
1340 2022 1384 2046 eo
1415 2009 1577 2045 derivati

167 2089 271 2127 sunt,
322 2082 627 2131 comparatione,
675 2081 721 2117 de
759 2081 817 2116 his
861 2092 1012 2128 quoque
1052 2079 1218 2116 breviter
1260 2087 1296 2116 et
1326 2081 1374 2116 ad
1404 2086 1577 2116 nostrum

167 2153 364 2189 consilium
396 2153 685 2188 accommodate
724 2152 898 2199 quaedam
939 2151 1120 2187 dicemus.
1206 2151 1352 2186 Eorum
1391 2156 1578 2198 praestan-

166 2224 302 2260 tissimi
333 2223 499 2259 omnium
531 2235 717 2259 consensu
747 2229 834 2258 sunt
865 2220 1145 2257 vormatiensis
1169 2218 1577 2269 (Borbetomagensis),

169 2306 243 2341 quo
275 2294 320 2329 B.
352 2294 558 2330 Rhenanus
600 2293 637 2329 in
680 2306 748 2329 sex
784 2293 917 2341 primis
956 2291 1062 2328 libris
1108 2291 1237 2337 (ceteri
1276 2291 1373 2327 enim
1404 2291 1576 2338 deerant)

168 2377 258 2400 usus
289 2371 356 2408 est,
387 2365 451 2400 sed
483 2364 689 2412 scripturas
731 2364 831 2400 illius
863 2363 985 2399 aetatis
1016 2375 1122 2397 more
1152 2368 1299 2397 tantum
1332 2360 1491 2408 carptim
1522 2359 1577 2396 in-

169 2435 332 2476 dicavit,
388 2435 583 2471 Mediceus
642 2432 802 2482 (seculi,
846 2440 888 2470 ut
916 2433 1098 2477 traditur,
1142 2430 1245 2480 XI),
1305 2430 1410 2466 cuius
1461 2442 1578 2477 quum

168 2506 207 2542 J.
237 2506 281 2541 F.
313 2505 535 2541 Gronovius
567 2505 605 2540 in
636 2505 757 2540 altera
792 2505 956 2540 editione
989 2502 1175 2550 excerptis
1205 2513 1294 2537 usus
1325 2505 1445 2543 esset,
1476 2500 1578 2535 Dra-

169 2575 421 2612 kenborchins
463 2575 580 2623 (apud
623 2588 735 2623 quem
773 2574 1017 2611 Florentinus
1055 2570 1284 2620 appellatur)
1322 2569 1525 2605 collatione
1556 2580 1578 2604 a

171 2645 341 2682 Salvinio
384 2658 520 2694 parum
562 2646 672 2694 plene
715 2645 911 2694 periteque
950 2643 1076 2687 facta,
1124 2640 1391 2679 Alschefskius
1431 2638 1578 2688 plenius
