1811 2925
887 96 964 132 585
1408 91 1482 123 Lib.
1510 91 1640 127 XLIV,

211 227 230 268 ξ)
268 223 312 258 13
342 221 398 263 (in
428 218 581 257 AEmilii
614 217 782 255 consulis
814 217 959 263 verbis)
995 215 1196 254 scribitur:
1239 215 1344 252 Non
1389 227 1545 264 operae
1579 215 1642 251 sit

213 292 368 332 stanti
398 303 520 327 nunc
550 290 595 326 in
628 289 731 326 acie
762 288 951 333 docere,
987 287 1164 336 quibus
1204 287 1258 323 de
1289 286 1455 324 causis
1492 285 1642 322 hodie

214 364 407 413 quiesse
439 361 610 398 melius
640 360 714 396 sit.
774 358 1001 395 Certissima
1031 357 1219 394 sermonis
1249 357 1312 394 lex
1343 357 1512 407 postulat
1536 370 1642 406 ope-

212 447 272 472 rae
303 440 362 478 st;
394 434 447 470 sic
479 432 579 468 enim
610 431 839 479 loquuntur,
880 429 945 478 qui
976 429 1048 465 sibi
1079 435 1232 477 tempus
1264 428 1463 477 otiumque
1497 428 1643 476 aliquid

212 505 379 543 faciendi
410 505 543 541 deesse
573 502 704 538 dicunt
736 502 793 549 (ut
830 500 912 549 ipse
945 499 1078 536 Livius
1125 502 1168 545 1,
1204 501 1253 537 24
1273 528 1282 546 ,
1316 502 1363 545 6,
1396 500 1482 545 IV,
1517 500 1563 545 8,
1600 501 1643 544 3,

212 577 423 615 XXXIII.
456 577 521 621 20,
560 576 621 620 13,
652 574 765 619 XLI,
798 572 862 616 25,
897 572 957 619 8);
989 571 1266 608 condicionalis
1295 570 1420 607 oratio
1451 570 1643 619 ineptissi-

213 661 276 684 ma
321 653 398 693 est,
445 647 556 695 quasi
586 653 700 695 neget
730 642 879 682 Paulus
919 654 1020 679 nunc
1051 654 1092 678 se
1124 643 1164 679 in
1195 643 1278 680 acie
1308 648 1425 679 stare.
1485 641 1548 678 De
1577 654 1674 694 gem

213 731 305 755 nere
338 717 466 754 mendi
496 717 575 754 dixi
603 716 821 764 multosque
852 714 960 751 locos
992 714 1144 750 correxi
1177 714 1227 750 ad
1260 712 1340 752 Cic.
1373 714 1460 750 Fin.
1490 714 1568 754 ΙΙΙ,
1597 717 1640 750 17
1676 704 1680 749 ’ἶ
1735 764 1742 773 r

211 803 250 838 p.
284 790 389 833 448,
429 788 572 838 Opusc.
604 790 677 826 Ac.
713 788 755 824 II
785 800 822 836 p.
854 787 954 830 2223
1006 786 1134 822 habeo
1167 785 1399 830 etiamnunc,
1444 797 1541 834 quos
1577 785 1644 822 ad-

212 857 359 908 dam‚¹)

334 930 430 980 Cap.
464 933 536 974 37,
571 930 644 974 12,
682 929 748 965 ubi
783 928 913 976 agitur
954 928 1001 964 de
1032 928 1078 964 L.
1121 927 1248 964 Paulo
1281 926 1403 963 altero
1438 928 1552 964 etiam
1585 928 1644 964 die

212 1015 383 1051 pugnam
417 1001 525 1051 segni
555 1013 667 1036 mora-
697 1000 822 1036 vitare
853 998 982 1035 multis
1012 999 1110 1043 viso,
1146 998 1216 1034 etsi
1247 997 1394 1034 nullum
1425 1004 1484 1035 est
1514 1005 1580 1035 aut
1606 999 1644 1035 in

212 1073 346 1110 codice
379 1079 445 1109 aut
474 1073 512 1108 in
544 1072 765 1115 verborum,
798 1083 883 1119 quae
919 1070 1065 1119 scripta
1097 1075 1197 1114 sunt,
1230 1067 1488 1118 grammatica
1517 1066 1645 1104 forma

211 1145 340 1181 mendi
370 1144 566 1189 indicium,
597 1149 727 1179 tamen
759 1142 797 1178 id
829 1140 1052 1177 certissimis
1095 1147 1131 1177 et
1163 1140 1350 1177 orationis
1382 1144 1418 1174 et
1449 1138 1646 1175 sententiae

212 1215 449 1264 argumentis
483 1215 736 1251 convincitur.
811 1212 874 1249 Sic
906 1212 1007 1248 enim
1038 1212 1241 1249 scribitur:
1273 1210 1457 1248 Consul
1489 1210 1545 1246 ad
1575 1210 1646 1255 id,

214 1287 344 1335 quod
364 1285 526 1335 pridie
547 1292 731 1334 praeter
746 1284 942 1320 misisse
970 1282 1226 1331 pugnandi
1248 1282 1558 1319 occasionem
1580 1281 1645 1318 vi—

212 1359 420 1395 debatur
450 1364 494 1394 et
523 1356 680 1393 locum
714 1355 913 1391 dedisse
943 1355 1104 1400 hosti,
1135 1354 1175 1390 si
1205 1359 1347 1390 nocte
1380 1353 1519 1390 abire
1549 1353 1644 1389 vel-

212 1430 299 1475 let,
333 1436 446 1466 tunc
479 1441 671 1477 quoque
702 1439 786 1477 per
815 1426 1032 1475 speciem
1064 1424 1351 1462 immolandi
1381 1429 1549 1461 terere
1582 1424 1645 1461 vi-

214 1500 426 1536 debatur
453 1506 655 1548 tempus,
693 1511 830 1547 quum
875 1497 981 1534 luce
1011 1497 1171 1546 prima
1206 1494 1390 1544 signum
1423 1496 1646 1544 proposi-

212 1578 308 1607 tum
354 1583 526 1619 pugnae
573 1570 631 1606 ad
680 1570 957 1606 exeundum
1001 1569 1048 1605 in
1095 1568 1242 1604 aciem
1288 1566 1482 1605 fuisset.
1549 1566 1645 1614 Quis

213 1643 345 1679 credat
393 1648 458 1678 aut
500 1641 721 1685 consulem,
771 1647 979 1689 antequam
1011 1639 1277 1684 immolasset,
1322 1650 1463 1687 pugnae
1493 1638 1646 1687 signum

213 1714 463 1763 proposuisse
507 1720 571 1750 aut
621 1713 776 1749 omnino
818 1712 857 1748 id
904 1725 949 1749 eo
981 1712 1042 1748 die
1073 1724 1094 1748 a
1127 1711 1253 1760 prima
1288 1710 1372 1746 luce
1402 1709 1645 1759 propositum

214 1784 356 1829 fuisse,
397 1797 473 1833 quo
505 1791 542 1821 et
572 1785 706 1821 consul
738 1784 834 1833 ipse,
870 1783 984 1819 tertia
1012 1783 1130 1827 hora,
1182 1782 1369 1831 significet
1416 1782 1461 1828 (c.
1497 1782 1560 1826 38,
1595 1782 1646 1827 7),

213 1856 399 1892 incertum
432 1868 534 1901 esse,
566 1855 752 1891 hodierno
785 1868 831 1891 an
864 1855 1033 1891 crastino
1065 1854 1126 1890 die
1159 1854 1331 1890 exiturus
1362 1854 1400 1890 in
1432 1852 1553 1889 aciem
1586 1852 1648 1895 sit,

215 1932 252 1962 et
284 1926 416 1962 Livius
448 1926 496 1975 (c,
530 1929 594 1971 40,
628 1927 683 1975 3),
713 1932 850 1962 neutro
881 1925 1118 1974 imperatore
1149 1925 1316 1969 volente,
1340 1937 1431 1961 casu
1453 1930 1646 1961 certamen

248 2147 279 2191 ¹)
305 2150 559 2192 ApudFesmm
571 2160 601 2181 v.
624 2149 881 2181 offendices
907 2159 976 2180 non
989 2153 1078 2179 recte
1098 2148 1348 2180 Muellerus
1373 2158 1391 2179 e
1413 2148 1531 2179 codice
1549 2148 1645 2179 resti-

311 2212 531 2251 tuit:quum
555 2212 603 2243 ad
629 2217 813 2243 mentum
841 2217 1098 2253 perventum
1121 2210 1178 2242 sit
1199 2210 1274 2252 (pro
1294 2216 1558 2251 perventum
1577 2209 1646 2250 st).

311 2272 503 2304 offendit
530 2280 732 2312 mentum,
758 2275 950 2314 miramque
979 2273 1145 2304 confinxit
1172 2272 1338 2303 orationis
1365 2277 1466 2304 rectae
1501 2277 1533 2303 et
1560 2271 1648 2303 obli-

313 2344 388 2376 quae
415 2335 664 2370 confusionem.
730 2336 831 2377 Apud
871 2335 1038 2366 Senecam
1077 2336 1175 2377 epist.
1205 2338 1272 2373 92,
1319 2338 1357 2366 11
1404 2334 1503 2366 scribi
1531 2334 1648 2365 debet:

313 2396 430 2435 Quid
458 2399 588 2438 ergo?
650 2399 694 2432 Si
735 2399 950 2430 virtutem
991 2397 1103 2428 nihil
1143 2397 1411 2438 impeditura
1437 2401 1475 2427 st
1503 2395 1548 2437 (v.
1575 2395 1645 2436 sit)

313 2459 423 2490 bona
448 2460 657 2492 valetudo
684 2468 725 2493 et
751 2461 878 2501 quies
906 2466 947 2491 et
965 2459 1169 2490 dolorum
1193 2458 1386 2495 vacatio,
1413 2467 1495 2488 non
1520 2462 1646 2498 petes

312 2521 445 2552 illas?
495 2521 742 2555 Coniunctivus
767 2522 1006 2554 vitiosissimus
1024 2526 1087 2553 est.
1154 2520 1270 2552 Etiam
1313 2520 1404 2561 apud
1429 2518 1534 2553 Corn.
1561 2518 1648 2560 Nep.

313 2582 481 2624 Thrasyb.
514 2587 527 2613 1
557 2583 789 2615 scribendum:
816 2583 860 2615 Si
888 2593 963 2625 per
989 2593 1029 2615 se
1055 2583 1202 2614 virtus
1229 2583 1324 2614 sine
1352 2581 1534 2613 fortuna
1552 2591 1650 2623 pon-

313 2645 505 2677 deranda
534 2651 570 2676 st
597 2646 671 2685 (pro
698 2645 785 2685 sit),
816 2645 979 2683 dubito,
1006 2654 1056 2676 an
1085 2650 1150 2678 cet.
