1811 2925
828 131 904 167 395
1308 129 1381 160 Lib.
1400 128 1570 160 XXXIV.

161 255 332 291 sissimus
382 260 439 290 est
479 253 587 289 locus
618 252 705 289 libri
735 252 924 295 XXVII,
957 252 1032 295 33,
1060 254 1099 288 7:
1147 259 1240 288 tum
1271 252 1424 288 aedilis
1455 258 1569 297 erat,

162 324 266 373 quod
311 324 544 361 contrarium
576 331 633 360 est
679 324 712 360 ei
755 322 919 367 honori,
967 323 1031 370 qui
1072 330 1151 359 tum
1201 323 1325 372 ipsum
1369 323 1571 359 mandatus

162 398 377 436 narratur.)
441 395 580 443 Itaque
610 401 676 431 aut
706 394 907 445 dicendum
940 401 997 430 est
1029 393 1193 429 umbra
1223 400 1315 429 tum
1339 401 1462 430 ortum
1491 406 1574 430 esse

162 478 210 502 ex
241 467 404 502 umbra
435 466 612 502 etenim
645 472 735 510 aut,
783 477 859 513 quo
890 464 994 500 ducit
1030 463 1178 500 fieret
1209 464 1451 512 (fierent),
1482 465 1572 501 scri-

163 536 348 572 bendum:
387 543 433 572 ut
465 536 759 576 umbraclum
800 535 972 582 (media.
1002 541 1141 571 aestas
1172 534 1300 570 forte
1334 534 1454 584 erat)
1487 547 1519 572 e.
1551 535 1572 572 i.

162 607 184 642 l.
217 605 375 643 fieret.
435 608 536 644 Nam
571 606 808 643 umbraclum
838 606 880 641 fit
912 612 949 641 et
979 605 1197 642 exstruitur.
1241 605 1275 647 (ξ
1308 606 1329 641 9
1363 613 1406 641 et
1436 619 1483 642 ex
1516 606 1574 642 ul-

161 677 256 714 tima
292 676 417 713 vocali
450 677 484 713 in
517 676 815 725 Carthagine
846 683 970 712 ortum
1002 677 1085 721 est.)

673 816 770 862 Lib.
827 815 1068 862 XXXIV.

275 908 370 958 Cap.
404 910 439 955 2,
471 911 490 945 2
524 908 580 959 (in
610 909 663 945 M.
697 908 856 946 Catonis
887 916 1021 944 contra
1054 909 1343 957 abrogationem
1377 909 1470 957 legis
1494 910 1574 958 Op-

164 981 235 1030 piae
265 981 475 1026 oratione):
508 981 643 1016 Nunc
674 979 797 1016 (lomi
827 979 958 1015 victa
988 979 1194 1015 libertas
1225 986 1397 1015 nostra
1424 979 1572 1029 impo-

164 1051 316 1088 tentia
339 1050 562 1087 muliebri
594 1051 667 1087 hic
699 1062 894 1098 quoque
926 1049 970 1085 in
1001 1050 1110 1086 foro
1142 1050 1383 1086 obteritur
1414 1056 1458 1086 et
1482 1050 1576 1086 cal-

163 1128 301 1157 eatur
331 1127 387 1165 et,
423 1122 533 1169 quia
567 1121 788 1170 singulas
820 1120 1451 1169 sustinerenonpotuimus,
1478 1121 1575 1157 uni-

163 1204 333 1229 versas
384 1194 643 1229 horremus,
724 1192 896 1228 Verbum
937 1191 1180 1227 sustinere
1220 1204 1295 1228 non
1342 1200 1399 1229 est
1447 1193 1485 1229 in
1526 1193 1575 1233 B:

163 1263 348 1300 novitium
376 1276 459 1299 esse
490 1263 675 1299 orationis
706 1262 926 1311 supplendae
971 1262 1132 1299 fulcrum
1164 1265 1415 1311 <quamquam
1447 1265 1493 1300 de
1521 1264 1575 1309 Me

164 1341 204 1372 ut
234 1335 361 1371 multis
391 1335 505 1379 loeis,
536 1334 630 1370 nihil
674 1333 871 1381 notatur),
917 1341 1081 1382 arguunt
1123 1334 1235 1370 etiam
1270 1334 1577 1371 Drakenborchii

164 1405 335 1447 codices,
378 1417 538 1453 quorum
579 1405 654 1441 duo
694 1405 826 1449 (Voss.
872 1411 907 1441 et
937 1405 1035 1441 Lov.
1070 1407 1091 1441 6
1134 1418 1156 1440 a
1186 1405 1312 1453 prima
1342 1406 1473 1452 manu)
1505 1417 1575 1453 pro

163 1489 207 1512 eo
238 1476 500 1512 restituere
528 1476 684 1519 habent,
710 1487 807 1510 unus
833 1476 945 1520 (LOV.
979 1474 1015 1523 1)
1046 1475 1363 1524 restringere,
1394 1482 1576 1523 postpo-

162 1546 335 1582 tuimus
356 1546 534 1595 positum.
574 1546 657 1582 Nee
688 1552 817 1594 aptum
836 1546 873 1581 id
902 1547 1060 1582 verbum
1093 1553 1149 1582 est
1180 1553 1245 1582 aut.
1267 1546 1389 1595 ipsum
1421 1547 1576 1594 potui-

163 1629 273 1662 mus,
319 1617 498 1665 quoniam
544 1629 629 1653 cum
674 1617 967 1664 reprehensione
1006 1618 1176 1653 notanda
1213 1624 1268 1654 est
1312 1629 1430 1653 causa
1473 1617 1576 1660 mali,

163 1688 345 1724 omissum
380 1700 461 1723 esse
493 1687 542 1729 id,
575 1687 677 1735 quod
708 1686 789 1723 fieri
818 1687 1002 1725 debuerit.
1066 1688 1174 1725 Nihil
1216 1687 1469 1736 supplendum
1501 1696 1578 1733 est,

164 1759 230 1796 sed
260 1759 468 1795 tollendum
496 1757 688 1799 mendum,
718 1758 821 1805 quod
843 1758 952 1795 latet:
988 1758 1101 1807 quia
1131 1758 1346 1807 singulas
1377 1771 1465 1794 non
1499 1759 1576 1799 do-

162 1830 369 1874 muimus,
399 1829 655 1865 universas
687 1829 953 1865 horremus.

283 1899 377 1949 Cap.
410 1900 454 1943 3,
507 1902 518 1935 l
570 1899 623 1939 (in
672 1899 805 1935 eadem
837 1899 1051 1949 oratione):
1104 1901 1372 1937 Recensete
1418 1900 1576 1936 omnia

164 1970 422 2007 muliebria
451 1970 575 2014 iura,
616 1969 787 2017 quibus
817 1969 1066 2006 licentiam
1112 1983 1272 2006 earum
1318 1970 1573 2019 adligave-

164 2041 258 2077 rint
290 2041 503 2077 maiores
533 2040 698 2077 nostri.
761 2040 892 2077 Putitii
921 2041 1050 2077 neseio
1081 2041 1171 2089 quid
1202 2041 1318 2077 habet
1347 2041 1440 2077 illud
1471 2054 1576 2077 om-

164 2111 253 2152 nia,
285 2111 395 2159 quasi
426 2112 637 2147 cavendum
669 2110 728 2155 sin
753 2124 800 2147 ne
829 2111 947 2147 ullum
979 2111 1187 2156 omittatur,
1219 2124 1333 2160 quum
1364 2111 1575 2160 praesertim

164 2188 265 2218 recte
296 2188 332 2217 et
364 2188 452 2231 apte
483 2182 729 2231 adiungatur:
761 2181 939 2229 quibus
971 2183 1126 2218 omnib
1141 2194 1190 2218 us
1221 2180 1326 2232 (quae
1356 2188 1413 2218 tot
1444 2195 1577 2218 nume·

164 2264 206 2288 ro
250 2253 465 2301 reperietis)
517 2252 821 2288 const-rictas
851 2252 935 2288 vix
965 2259 1122 2288 tamen
1152 2253 1403 2289 continere
1439 2259 1575 2301 pote-

165 2322 265 2358 stis.
342 2324 388 2359 In
418 2323 451 2360 B
483 2330 556 2358 est:
596 2324 778 2359 Recens
827 2328 871 2358 et
917 2334 970 2358 ea
1016 2322 1195 2367 omnia3
1235 2323 1410 2372 suspicor
1443 2324 1481 2360 in
1511 2324 1576 2360 illo

165 2393 436 2429 Recensete
481 2405 504 2429 a
544 2393 702 2429 omnia
730 2392 868 2429 latere:
918 2394 1187 2430 Recensete
1225 2394 1384 2430 animo
1415 2393 1575 2430 mulie-

165 2462 270 2498 bria
300 2460 466 2510 iura.¹)

189 2586 218 2626 ¹)
259 2590 277 2629 ἓ
304 2593 322 2621 5
351 2591 512 2631 cuique
527 2589 613 2620 exB
639 2598 700 2630 pro
726 2589 925 2630 cuiquam
946 2596 1033 2621 recte
1059 2597 1230 2631 receptum
1258 2590 1459 2624 videan.
1477 2590 1577 2621 Alios

259 2652 328 2682 alia
353 2652 427 2683 iura
453 2651 684 2682 destructuros
710 2648 796 2682 Cato
823 2651 917 2685 dicit.
