1811 2925
836 121 910 157 397
1324 121 1400 152 Lib.
1417 121 1582 152 XXXIV.

278 239 372 289 Cap.
405 242 449 284 6,
472 243 491 276 7
514 241 568 285 (in
594 241 727 278 eadem
753 241 964 290 oratione):
995 243 1104 280 Haee
1135 256 1272 292 quum
1304 247 1374 283 ita
1404 251 1582 282 natura

166 311 408 348 distincta
438 311 533 348 sint
567 313 627 358 (ut-
659 312 743 348 aliae
771 312 875 361 leges
905 320 1100 362 perpetuae
1129 315 1303 352 utilitatis
1333 328 1464 360 causa,
1498 316 1582 352 aliae

167 383 216 419 ad
246 389 396 431 tempus
427 382 707 426 ferantur),ex
737 390 844 420 utro
863 384 1052 421 tandem
1084 397 1261 433 genere
1291 399 1345 422 ea
1374 386 1451 422 lex
1478 398 1582 422 esse

166 454 374 497 videtur,
405 466 542 502 quam
575 453 900 503 abrogamus?
941 467 1039 502 quae
1070 461 1210 491 vetus
1239 456 1378 505 regia
1406 457 1484 493 lex
1514 456 1581 492 si-

167 525 261 562 mul
306 538 405 561 cum
450 524 558 573 ipsa
588 526 701 561 urbe
747 532 860 562 nata
893 531 973 562 aut
1019 525 1161 573 (quod
1191 527 1456 563 seeundum
1489 529 1580 575 est)

166 597 221 633 ab
264 595 556 633 decemviris
587 595 643 631 ad
673 595 926 633 condenda
963 597 1073 633 iura
1112 597 1294 633 creatis
1328 598 1373 634 in
1404 598 1580 634 duode-

166 667 251 704 cim
283 666 478 704 tabulis
511 667 715 715 scripta,
747 666 848 703 sine
880 680 970 715 qua
1000 678 1156 715 quumv
1182 668 1393 705 maiores
1424 669 1580 705 nostri

164 751 254 775 non
297 737 631 774 existimarint
678 738 824 774 decus
881 738 1155 775 matronale
1196 740 1385 776 servari
1415 752 1579 788 posse,

164 810 304 845 nobis
350 822 540 857 quoque
583 809 845 845 verendum
891 808 981 854 sit,
1024 822 1078 845 ne
1119 822 1217 846 cum
1263 824 1322 847 ea
1351 811 1578 860 pudorem

164 880 582 928 sanctitatemque
616 879 900 915 feminarum
933 880 1233 928 abrogemus.
1279 882 1395 929 Quis
1429 882 1580 931 igitur

166 952 322 986 nescit
356 956 421 987 etc.
494 950 558 987 Sic
596 951 648 994 133
679 951 793 987 ceteri
825 950 976 987 codices
1012 951 1077 997 (de
1106 952 1149 987 M
1180 953 1342 1000 tacetur)
1375 966 1444 1001 pro
1476 966 1578 1002 quae

165 1028 300 1057 vetus
330 1021 472 1057 habent
516 1020 629 1068 quia
659 1027 810 1066 vetus,
859 1021 930 1057 nisi
980 1022 1083 1069 quod
1126 1034 1223 1058 unus
1267 1023 1577 1060 Drakenborchii

163 1092 296 1128 eodem
333 1092 448 1127 modo
479 1091 731 1140 interpolatus
762 1098 856 1136 erat,
888 1105 963 1140 quo
995 1092 1143 1141 Sigonii
1175 1099 1283 1130 vetus
1327 1093 1375 1142 (si
1406 1095 1463 1131 dis
1494 1095 1576 1144 pla-

163 1163 237 1210 cet)
268 1162 376 1208 liber⁷
423 1175 533 1210 quem
578 1162 742 1199 editores
792 1174 914 1210 usque
961 1163 1009 1199 ad
1061 1171 1235 1201 nostruin
1273 1171 1422 1215 tempus
1459 1166 1578 1202 secuti

161 1240 261 1278 sunt,
291 1233 345 1269 sie
377 1233 608 1270 scribentes:
780 1233 1116 1282 abrogamus?
1165 1248 1221 1276 an
1270 1243 1408 1273 vetus
1438 1238 1577 1286 regia

160 1304 239 1340 lex
277 1333 314 1343 ..
353 1303 491 1340 nata?
522 1316 576 1343 an
610 1303 752 1353 (quod
786 1304 1043 1340 seeundum
1074 1307 1164 1353 est)
1193 1308 1250 1343 ab
1281 1308 1575 1345 decemviris

159 1382 230 1414 etc.
288 1378 466 1424 Apparet
508 1377 579 1423 (ne
610 1374 700 1422 quid
730 1374 777 1410 de
807 1388 863 1411 an
906 1380 943 1411 et
973 1387 1075 1423 quae
1114 1377 1176 1413 vel
1205 1378 1320 1425 quia
1349 1381 1575 1428 permutatis

167 1445 308 1495 dicam)
343 1447 448 1495 prius
482 1459 539 1482 an
570 1446 707 1482 vitiose
726 1446 819 1494 poni
849 1459 919 1494 pro
949 1453 1162 1488 vetusne,
1225 1449 1363 1498 Itaque
1382 1451 1575 1487 XVeissen-

162 1517 319 1554 bornius
365 1517 538 1554 codicum
584 1516 748 1564 vestigia
793 1517 951 1566 propius
992 1531 1170 1566 premens
1207 1520 1342 1557 edidit:
1387 1522 1575 1571 Quippe

163 1594 300 1624 vetus
341 1588 480 1636 regia
518 1588 600 1624 lex
631 1594 732 1632 aut,
765 1589 889 1635 quod
922 1600 1012 1625 sec.
1046 1597 1132 1634 est,
1180 1592 1237 1627 ab
1284 1592 1574 1629 decemviris

162 1665 247 1702 ete„
280 1665 321 1695 ut
353 1659 495 1695 ironice
525 1660 605 1695 haee
635 1659 850 1695 dicerentur
879 1660 1010 1696 eodem
1029 1660 1257 1709 significatu,
1285 1676 1379 1711 quo:
1411 1663 1574 1709 Vetus,

162 1729 319 1774 credo,
350 1729 487 1777 regia
517 1736 586 1765 etc.
646 1728 722 1765 Sed
757 1730 935 1779 quippe
966 1743 1161 1779 nunquam
1199 1733 1254 1770 sie
1284 1733 1439 1782 ponitur
1467 1734 1572 1770 initio

161 1800 240 1836 eius
271 1800 489 1845 sententiae,
532 1812 617 1848 quae
646 1800 789 1836 ironice
819 1801 984 1849 fingitur,
1015 1811 1254 1852 repugnante
1284 1805 1368 1853 ipsa
1395 1805 1573 1842 vocabuli

160 1877 299 1906 natura
329 1871 378 1906 ab
408 1870 681 1919 interrogando
714 1879 820 1917 orta3
850 1872 977 1920 posito
1008 1873 1093 1922 ipso
1124 1874 1208 1920 illo,
1239 1875 1342 1923 quod
1373 1875 1571 1911 irridendo

160 1941 336 1990 fingitur,
375 1941 572 1978 subiicitur
615 1953 699 1977 eum
744 1941 892 1979 ironica
931 1944 1188 1982 affirmatione
1219 1950 1380 1988 (warum
1411 1945 1570 1994 nicht?).

156 2012 222 2048 Ad
267 2012 571 2048 emendationem
614 2012 882 2049 inveniendam
922 2015 1094 2062 proderit
1123 2016 1458 2057 animadvertisse,
1494 2029 1571 2053 non

156 2089 259 2119 reete
288 2082 465 2132 coniungi
494 2089 632 2120 vetus
661 2083 828 2131 regia,
878 2084 988 2132 quasi
1020 2085 1095 2121 sint
1123 2086 1228 2134 leges
1254 2087 1368 2135 regiae
1398 2100 1474 2124 non
1504 2100 1569 2124 ve-

157 2159 274 2198 teres;
315 2160 498 2197 vetustam,
547 2165 669 2201 eaque
695 2165 857 2199 summa,
900 2154 1062 2192 indicari
1104 2156 1218 2193 debet
1246 2157 1329 2193 solo
1357 2158 1472 2206 regiae
1503 2164 1570 2195 aut

156 2223 420 2259 decemviralis
450 2223 544 2272 legis
573 2223 738 2260 nomine.
799 2224 923 2262 Scribi
952 2225 1068 2274 igitur
1096 2227 1262 2274 primum
1291 2228 1421 2265 debet:
1452 2259 1459 2266 .
1479 2260 1488 2267 .
1513 2242 1569 2266 ex

155 2299 262 2330 utro
292 2294 482 2330 tandem
513 2306 687 2342 genere
717 2307 773 2331 ea
795 2295 872 2333 lex
903 2308 1008 2332 esse
1039 2297 1247 2343 videtur,
1278 2311 1415 2348 quam
1434 2300 1568 2336 abro-

154 2364 350 2413 gamus?
381 2364 698 2417 quamvetus?
728 2365 881 2414 Regia
914 2365 1155 2411 lex‚sin1ul
1185 2381 1283 2406 eum
1314 2369 1424 2418 ipsa
1454 2371 1568 2407 urbe

155 2442 270 2472 nata
300 2443 381 2472 aut
412 2436 553 2484 (quod
584 2436 844 2473 seeundum
871 2438 1032 2484 est)ab
1063 2439 1352 2476 decemviris
1369 2446 1439 2477 etc.
1482 2442 1567 2478 Iro-

155 2507 238 2543 niee
258 2506 522 2555 respondetur.
586 2506 662 2544 Sed
694 2506 999 2544 emendationem
1022 2508 1077 2545 ita
1099 2509 1314 2546 absolutam
1336 2523 1412 2547 non
1434 2513 1567 2558 eredo;

152 2589 242 2613 nam
272 2583 310 2614 et
336 2577 374 2613 in
404 2577 672 2626 respondendo
703 2577 876 2614 abundat
904 2578 980 2615 lex
1011 2585 1047 2615 et
1074 2579 1313 2618 desideratur
1341 2594 1420 2618 vox
1450 2582 1566 2620 ironi-

152 2659 213 2683 am
244 2654 383 2684 notans
417 2646 605 2696 (Regia,
637 2647 793 2693 eredo,
823 2648 924 2697 cet.).
999 2650 1137 2697 Itaque
1167 2651 1320 2688 Livium
1369 2652 1566 2702 scripsisse
