1811 2925
207 115 284 147 Lib.
308 116 492 147 XXXVII.
883 118 960 154 428

207 245 358 280 esset:
390 239 526 275 deinde
556 237 700 274 factum
733 250 864 286 quos.
935 239 982 274 In
1000 237 1273 275 anacoluthum
1307 239 1440 275 Livius
1475 238 1513 275 in
1561 239 1629 275 tali

210 309 393 346 orationis
423 308 550 345 forma
579 314 658 344 tam
696 314 827 357 aperte
858 309 1031 345 instituta
1063 313 1099 344 et
1132 314 1210 344 tam
1242 308 1346 345 facili
1372 309 1540 346 incidere
1553 322 1630 346 non

209 381 344 430 potuit.
404 380 529 416 Paulo
560 385 672 428 post,
703 379 767 415 ubi
799 379 925 428 agitur
970 379 1016 414 de
1047 379 1093 417 L.
1125 378 1287 415 AEmilio
1319 386 1483 428 praetore
1515 392 1631 416 cunc-

208 458 313 488 tante
344 449 595 499 Colophoniis
639 450 767 495 (Notii
806 449 957 497 ineolis)
989 448 1173 485 auxilium
1221 448 1342 494 serre,
1373 450 1427 487 sic
1453 450 1633 487 scribitur

211 525 245 569 (ξ
282 523 368 570 12):
398 522 642 558 Eudamus
674 520 906 571 Rhodius,
939 520 1016 568 qui
1046 525 1089 555 et
1110 525 1340 556 tenuerat
1369 533 1470 557 eum
1491 520 1632 566 Sami,

210 592 486 642 cupientem
528 591 791 640 proficisci
835 591 879 627 in
919 590 1328 637 Hellespontum,
1372 592 1633 640 cunctique

209 664 396 700 instare
427 668 470 698 et
501 662 680 707 dicere,
714 668 892 710 quanto
923 661 1081 697 satius
1113 672 1216 696 esse
1246 661 1322 697 vel
1355 662 1521 698 socios
1559 663 1634 699 ob-

211 734 400 770 sidione
431 733 641 769 eximere
672 732 748 768 vel
775 738 845 769 etc.
908 731 1124 775 Vitiosum,
1155 737 1195 767 ut
1226 731 1317 767 ferri
1347 738 1531 780 nequeat:
1567 733 1632 769 di-

211 818 332 848 cere,
359 809 541 852 quanto
581 803 735 839 satius
766 815 892 848 esse3
923 802 955 839 si
986 808 1112 838 esset
1142 802 1352 851 scripseris,
1383 802 1629 851 subineptum

211 882 341 913 tamen
369 881 442 911 est:
473 874 648 919 dicere,
681 880 860 922 quanto
892 873 1049 910 satius
1081 879 1222 919 esset,
1241 886 1358 921 quum
1377 872 1633 909 rectissimum

211 953 330 983 esset:
489 945 690 989 instare3
742 948 926 993 quanto
975 943 1129 979 satius
1161 955 1268 980 esse
1299 950 1370 982 etc.
1402 946 1469 988 (—
1501 943 1636 980 saltem

211 1017 390 1053 dixisset:
420 1022 463 1052 et
494 1016 738 1052 disserere
769 1020 835 1052 aut
865 1020 910 1050 et
941 1014 1151 1062 exsequi
1182 1021 1248 1050 aut
1277 1015 1466 1051 instare
1498 1026 1636 1050 exse-

213 1101 271 1136 qu
284 1087 403 1123 endo
430 1086 512 1134 —).
573 1087 748 1131 Vereor,
787 1098 833 1121 ne
854 1085 1032 1121 mendum
1064 1084 1189 1121 subsit
1218 1085 1538 1133 scribendumque
1568 1085 1636 1120 sit:

212 1159 410 1202 instare,
440 1162 489 1192 ut
519 1157 732 1201 duceret&
764 1161 943 1204 quanto
975 1155 1133 1192 satius
1165 1168 1269 1191 esse
1302 1161 1372 1193 etc.
1416 1154 1540 1194 Cfnc.
1574 1156 1637 1198 39,

216 1230 256 1264 3:
289 1227 640 1264 conclamatum
686 1226 898 1274 undique
931 1232 1023 1271 est,
1065 1226 1263 1262 duceret
1301 1226 1550 1275 extemplo
1595 1234 1638 1263 et

214 1304 437 1335 uteretur
471 1297 643 1332 ardore
675 1296 896 1332 militum.

327 1368 422 1416 Cap.
457 1369 528 1408 30„
579 1368 599 1402 2
650 1365 719 1417 (de
763 1367 876 1402 classi
909 1368 1088 1403 Romana
1119 1366 1350 1415 Rhodiaque
1382 1373 1419 1404 et
1452 1368 1639 1404 Antiochi

213 1439 398 1489 proelium
456 1437 643 1485 inituris):
703 1438 893 1474 Robore
937 1437 1135 1473 navium
1181 1444 1225 1474 et
1273 1439 1459 1475 virtute
1505 1438 1635 1474 mili-

213 1517 308 1547 tum
340 1509 544 1547 Romani
586 1509 730 1557 longe
773 1508 937 1556 regios
966 1509 1286 1556 praestabant3
1325 1509 1522 1546 Rhodiae
1555 1521 1641 1544 na-

215 1594 296 1618 ves
328 1580 560 1630 agilitate
603 1585 645 1615 et
697 1585 802 1615 arte
832 1579 1223 1627 gubernatorum
1256 1585 1299 1614 et
1329 1579 1537 1616 scientia
1566 1591 1642 1614 re-

216 1653 402 1701 migum.
467 1649 660 1688 Perizonii
692 1650 772 1685 haec
804 1655 859 1685 est
895 1649 1131 1693 coniectura3
1180 1649 1217 1685 in
1257 1650 1453 1687 codicibus
1482 1649 1641 1698 legitur:

215 1724 360 1771 longe
411 1721 631 1759 Rhodios
661 1721 964 1768 praestabant
1006 1720 1054 1763 (B
1088 1719 1246 1755 lodios
1279 1718 1439 1770 errore).
1525 1721 1642 1757 Recte

218 1793 444 1830 Perizonius
474 1798 614 1839 negat,
645 1790 683 1826 in
714 1790 971 1838 praeparanda
1005 1791 1227 1826 narratione
1253 1790 1389 1838 proelii
1434 1789 1533 1825 inter
1563 1789 1643 1825 Ro-

219 1875 355 1899 manos
386 1862 638 1910 Rhodiosque
669 1867 706 1897 et
736 1874 783 1897 ex
815 1860 937 1896 altera
969 1866 1081 1909 parte
1114 1861 1242 1908 regios
1274 1867 1361 1908 apte
1392 1859 1519 1896 induci
1539 1872 1642 1895 com-

218 1933 457 1982 parationem
492 1934 756 1969 Romanorum
789 1930 1108 1978 Rhodiorumque
1147 1931 1244 1967 inter
1275 1943 1340 1975 se,
1384 1936 1446 1975 ut,
1493 1942 1570 1978 qua
1601 1942 1643 1965 re

218 2004 386 2041 Romani
418 2004 592 2040 Rhodios
636 2002 815 2045 vicerint,
861 2002 1030 2044 dicatum
1081 2000 1134 2049 (et
1166 2001 1331 2037 debebat
1376 2013 1395 2036 e
1449 2001 1642 2037 contrario

221 2075 310 2110 addi
339 2074 376 2110 in
411 2074 531 2110 altero
580 2074 752 2109 membro
783 2069 1067 2120 Romanas3)
1112 2085 1244 2108 verum
1284 2083 1360 2108 non
1410 2084 1430 2106 e
1479 2070 1643 2118 regios

220 2151 350 2180 natum
383 2145 474 2180 illud
505 2143 749 2190 Rhodios,
795 2143 860 2178 sed
902 2142 1180 2191 interpretandi
1221 2153 1340 2177 causa
1381 2140 1555 2176 additum
1587 2142 1644 2187 (ut

221 2215 313 2250 illud
346 2227 481 2262 quam
514 2213 706 2249 AEtolos
739 2213 776 2249 in
808 2213 1011 2257 XXXVI,
1044 2214 1108 2256 25,
1143 2214 1207 2258 7),
1241 2224 1357 2260 quum
1393 2210 1526 2247 Livius
1560 2211 1643 2247 uni-

222 2297 331 2320 verse
366 2285 412 2320 de
445 2284 566 2320 tribus
598 2283 783 2319 classibus
814 2284 1031 2320 Romanam
1063 2295 1139 2318 uno
1171 2295 1330 2331 genere,
1371 2281 1546 2319 Rhodias
1589 2282 1643 2317 al-

223 2362 304 2391 tero
338 2354 561 2390 excelluisse
591 2353 827 2402 scripsisset,
871 2354 985 2401 regiis
1017 2353 1156 2389 nullius
1188 2352 1241 2388 rei
1276 2352 1471 2388 tribuisset
1501 2351 1644 2400 princi-

223 2432 376 2474 patum:
422 2424 614 2461 Robore
659 2424 851 2460 navium
904 2430 945 2460 et
983 2424 1090 2462 virt.
1134 2422 1224 2459 mil.
1265 2422 1467 2460 Romani
1497 2422 1643 2470 longe

223 2494 760 2544 praestabant,Rhodiae
790 2506 938 2530 naves
967 2493 1201 2542 agilitate
1230 2498 1302 2528 cet.

336 2563 432 2613 Cap.
467 2567 530 2609 31,
564 2568 605 2601 7:
636 2564 811 2601 Rhodii
844 2570 953 2613 (post.
986 2563 1174 2613 proelium
1204 2561 1344 2599 navale
1375 2562 1424 2598 ad
1456 2562 1643 2611 Myonne-

225 2649 307 2671 sum
341 2648 363 2671 a
412 2635 454 2672 L.
497 2634 657 2671 AEmilio
708 2640 872 2682 praetore
917 2635 1073 2671 domum
1118 2633 1242 2669 redire
1287 2631 1394 2680 iussi)
1438 2631 1643 2681 impigre
