1811 2925
825 136 874 170 79
1342 132 1417 164 Lib.
1446 132 1507 162 ΙΙΙ.

138 269 324 305 cunque
358 269 423 300 es,
455 268 565 304 nugae
596 268 710 291 mcrae
741 263 845 299 sunt3
887 256 918 292 si
949 262 1080 304 posset
1110 256 1188 291 ulla
1219 255 1368 291 ratione
1399 255 1453 291 ita
1485 256 1557 292 dici

138 340 350 376 pronomen
373 327 491 375 (qnod
517 340 591 363 non
615 326 773 375 potest).
791 327 1091 375 significaretur:
1121 338 1293 362 censeo
1325 329 1370 363 in
1403 334 1445 362 te
1466 339 1556 362 uno

139 412 301 435 omnes
345 398 664 446 magistratus
702 398 873 435 inesse.
949 397 1087 445 Neque
1124 397 1158 432 ei
1189 398 1408 443 seutentiae,
1440 410 1554 446 quam

139 470 317 506 Andreas
351 469 532 506 Schottus
563 481 645 504 csse
677 469 815 504 dcbcre
846 468 965 512 vidit,
1008 467 1231 504 satisfacere
1270 469 1413 504 nudum
1446 482 1555 505 cen-

138 540 297 583 sendo,
329 539 509 575 Dukerus
535 546 637 574 recte
668 539 957 582 animadvertit;
986 539 1053 574 sed
1083 539 1134 583 id,
1166 539 1269 586 quod
1303 540 1554 585 desideratur,

138 622 212 646 non
249 609 373 658 explet
414 610 483 645 ita
514 616 580 645 aut
610 610 718 653 hoc,
764 610 866 657 quod
897 609 959 645 ille
990 610 1222 657 requirebat.
1307 610 1396 648 Una
1429 610 1555 646 littera

139 680 336 723 restituta,
391 693 504 727 quam
540 680 778 728 pronominis
822 680 870 715 ad
908 680 1075 716 vicinum
1107 680 1389 716 substantivum
1432 693 1554 729 prava

139 750 444 786 accommodatio
489 751 678 798 corrupit,
727 751 890 786 efficitur
933 764 1086 787 verum:
1131 749 1382 786 Censendo
1434 751 1554 788 enim

138 821 810 869 quodcumque.magistratus
838 834 954 866 esse,
972 822 1050 869 qui
1072 827 1288 857 senatum
1305 821 1553 865 haberent,

137 892 411 928 iudicabat:
449 892 563 927 Denn
594 892 712 927 durch
745 892 813 927 das
831 892 1004 934 Votiren,
1029 892 1173 928 welche
1191 892 1289 927 auch
1321 891 1455 927 immer
1485 892 1553 927 der
1579 879 1586 884 ⁶

138 963 265 998 Inhalt
296 963 361 997 des
395 962 485 997 Voti
517 975 621 1006 war,
668 962 852 998 erkannte
896 963 949 998 sie
988 976 1035 998 an
1070 962 1282 1011 (dadin-ch,
1327 963 1416 998 dass
1449 976 1549 1009 man,

136 1045 217 1068 was
249 1034 345 1068 auch
376 1033 531 1068 innncr.
562 1033 721 1073 votirte,
768 1033 952 1068 erkannte
984 1046 1072 1068 man
1105 1032 1183 1080 an).
1258 1033 1334 1069 Sed
1365 1033 1475 1081 plura
1506 1034 1551 1069 de

137 1104 207 1139 hoc
238 1104 361 1151 capite
391 1104 551 1139 dicenda
583 1112 682 1142 sunt.
745 1104 846 1139 Nam
879 1104 996 1152 paulo
1028 1111 1114 1152 post
1146 1105 1180 1149 (ξ
1198 1107 1238 1150 9)
1272 1104 1315 1139 L.
1347 1102 1548 1140 Cornelius

136 1174 423 1221 Maluginensis.
446 1174 509 1221 qui
527 1174 673 1210 occulte
692 1175 929 1211 decemviros
948 1174 1344 1218 tuebatur,dictitasse
1357 1180 1548 1217 narratur,

135 1245 266 1280 mirari
282 1258 334 1284 se,
352 1257 518 1293 quonam
538 1244 619 1280 sato
635 1245 839 1288 incidisset,
858 1252 907 1281 ut
928 1246 1087 1281 decem
1102 1245 1247 1289 viros,
1267 1257 1291 1292 q
1301 1244 1345 1280 ui
1368 1245 1550 1281 decem-

134 1314 340 1350 viratum
367 1315 627 1363 petissent,
646 1321 726 1350 aut
756 1315 878 1351 socii
900 1322 980 1350 aut
1003 1316 1047 1352 hi
1068 1315 1270 1352 maxime
1298 1328 1550 1364 oppugna-

133 1391 248 1422 rent.
312 1385 413 1432 Quid
444 1393 543 1421 esset
574 1386 611 1421 in
642 1385 700 1421 his
732 1386 855 1434 pravi,
886 1394 1059 1422 senserat
1089 1386 1308 1423 Glareanus
1341 1386 1471 1434 aliqua
1502 1401 1550 1424 ex

132 1462 242 1504 parte
282 1463 319 1491 et
348 1456 497 1492 duobus
528 1457 652 1492 modis
690 1455 908 1492 enarrando
942 1464 1174 1504 aperuerunt
1207 1457 1549 1494 Drakenborchins

133 1531 171 1560 et
199 1525 559 1565 WVeissenbornius.
591 1539 752 1574 quorum
791 1526 853 1562 ille
884 1526 957 1562 tria
987 1540 1130 1575 genera
1161 1528 1466 1575 oppugnantium
1497 1529 1553 1564 di-

133 1595 272 1643 stingui
312 1602 443 1644 putat,
488 1610 557 1633 nec
605 1598 709 1633 videt
742 1598 948 1633 maxime
986 1598 1202 1634 necessario
1241 1610 1326 1634 cum
1368 1612 1552 1648 oppug-

135 1675 305 1702 narent
335 1667 514 1715 coniungi
545 1672 682 1716 (neque
714 1668 814 1704 enim
845 1667 1071 1704 admirabile
1102 1676 1196 1712 erat,
1228 1669 1330 1716 quod
1362 1671 1549 1718 competi-

135 1744 236 1773 tores
266 1744 303 1773 et
332 1737 425 1773 socii
457 1750 587 1773 eorum
619 1739 857 1774 decemviros
888 1746 1168 1787 oppugnarent,
1189 1739 1257 1775 sed
1287 1740 1552 1788 suspiciosum,

136 1809 238 1856 quod
258 1809 295 1844 hi
314 1808 510 1854 maxime).
535 1814 627 1853 tum,
649 1816 690 1844 ut
720 1810 842 1846 socii
873 1809 1016 1845 omisso
1049 1823 1161 1846 eoru
1174 1823 1209 1846 m
1241 1810 1551 1856 terami-,tamen

135 1892 211 1915 non
244 1879 418 1927 intelligi,
451 1880 513 1927 qui
549 1880 622 1915 sint
651 1880 705 1916 illi
735 1887 771 1916 et
803 1881 908 1916 cuius
940 1881 994 1916 rei
1024 1880 1138 1925 socii,
1169 1887 1364 1929 postremo
1392 1895 1551 1930 prorsus

135 1949 290 1985 ridicule
321 1950 432 1985 tertio
462 1950 499 1985 in
532 1963 671 1998 genere
713 1951 806 1999 poni
836 1951 917 1987 sive
961 1952 1050 1987 hos
1091 1951 1171 1987 sive
1214 1952 1300 1987 hos
1330 1953 1550 2000 maxime,

136 2020 247 2068 quasi
276 2020 374 2056 inter
411 2021 516 2065 hos,
545 2021 610 2068 qui
643 2028 911 2070 oppugnantes
943 2022 1267 2067 demonstrantur,
1312 2023 1443 2071 priora
1476 2026 1550 2061 dno

135 2104 276 2140 genera
320 2092 623 2140 oppugnantium
664 2105 739 2128 non
774 2093 866 2137 sint3
910 2092 1248 2129 Weissenbornius
1289 2100 1415 2131 autem
1452 2103 1553 2132 recte

135 2162 320 2198 intellexit
348 2175 465 2197 unum
496 2174 580 2198 cum
607 2163 753 2199 invidia
784 2169 820 2199 et
850 2163 1068 2211 suspicione
1093 2164 1387 2200 commemorari
1402 2164 1552 2201 decem—

136 2233 238 2269 viros
269 2233 571 2281 oppugnantium
602 2245 743 2281 genus,
774 2247 924 2279 eorum,
958 2234 1021 2282 qui
1050 2233 1124 2281 ipsi
1154 2233 1453 2271 decemviratum
1483 2248 1552 2284 pe-

134 2303 287 2345 tissent3
315 2303 380 2339 sed
402 2303 491 2338 dum
525 2303 595 2339 hos
627 2309 694 2339 aut·
723 2303 849 2339 socios
884 2310 949 2339 aut
973 2304 1139 2340 maxime
1173 2316 1418 2353 oppugnasse
1452 2306 1546 2351 vult,

135 2380 388 2422 praeterquam
435 2374 537 2421 quod
582 2373 744 2410 socius
785 2387 1009 2423 oppugno
1058 2375 1150 2411 nihil
1191 2388 1349 2423 prorsus
1395 2383 1451 2413 est
1481 2390 1551 2414 nec

135 2444 261 2480 socii
293 2451 374 2480 aut
401 2444 604 2480 maxime
635 2451 736 2480 recte
768 2445 1010 2494 copulantur,
1041 2446 1108 2481 scd
1147 2446 1271 2482 socii
1303 2454 1386 2483 aut
1415 2448 1552 2496 prin-

137 2514 270 2562 cipes
315 2516 493 2562 (qnorum
539 2522 667 2551 tamen
698 2516 889 2564 principes
932 2515 1059 2564 priore
1089 2516 1174 2552 loco
1204 2518 1373 2564 ponendi
1415 2519 1553 2566 erant),

137 2584 278 2631 fingere
313 2584 395 2632 ipse
433 2585 583 2633 cogitur
617 2585 713 2621 alios
760 2586 888 2622 nescio
935 2598 1031 2634 qnos
1069 2587 1319 2635 oppugnandi
1348 2587 1552 2636 principes,

137 2666 299 2701 quorum
332 2654 371 2690 hi
401 2655 495 2691 socii
524 2654 676 2691 fuerint.
737 2655 877 2693 Omnia
898 2663 1003 2692 recta
1034 2663 1143 2692 erunt
1175 2657 1350 2693 adhibita
1369 2657 1553 2695 facillima
