1811 2925
839 133 914 168 375
1363 132 1437 163 Lib.
1453 133 1580 164 XXXI.

184 266 306 302 neque
345 254 380 290 id
412 266 509 290 nunc
540 253 744 301 agebatur,
787 260 870 289 utro
901 253 1067 290 exercitu
1098 262 1238 303 praetor
1275 268 1355 292 rem
1392 256 1582 303 gessisset,

178 324 258 366 sed,
289 324 527 361 debuissetne
556 324 637 372 ipse
666 336 734 371 per
766 335 807 359 se
836 336 914 359 rem
943 336 1075 373 gerere
1119 338 1167 361 an
1198 325 1390 362 consulem
1422 337 1581 374 exspec-

177 402 269 430 tare.
349 394 425 431 Sed
474 393 639 442 vulgatae
683 394 879 442 scripturae
916 395 1145 443 pravitatem
1186 396 1279 432 satis
1320 395 1488 431 declarat
1535 396 1580 432 Β.

175 465 212 501 in
243 478 319 513 quo
349 466 403 502 sic
433 464 628 501 scribitur:
662 464 884 512 potuisse
915 465 1204 511 enim‚sicut
1231 479 1321 502 non
1353 456 1582 514 praetoris

176 536 367 572 absenti
400 535 477 572 sed
509 546 600 570 cos,
633 535 860 571 exercitu
893 548 986 571 rem
1017 537 1121 585 geri
1150 537 1384 580 voluerit,
1415 537 1480 572 sed
1510 549 1581 572 vo-

175 607 312 643 cabulo
344 605 560 644 absenti,
616 606 718 653 quod
760 619 888 642 errore
916 607 1087 643 additum
1118 614 1211 651 erat,
1243 608 1416 651 inducto3
1467 607 1580 644 ceteri

174 677 324 713 codices
355 690 424 726 pro
455 677 577 712 sicut
607 677 750 712 habent·
782 677 819 712 si
851 689 965 715 cum.
1023 678 1161 726 Itaque
1191 690 1267 714 non
1299 678 1471 715 condicio
1501 678 1580 714 haec

175 754 243 789 est,
274 747 340 782 sed
374 746 639 795 comparatio.
673 759 749 794 qua
778 748 1010 791 ostenditur,
1041 748 1072 783 si
1103 754 1257 783 senatus
1291 747 1484 783 consulem
1514 759 1580 783 ex-

174 818 339 866 spectari
379 817 585 862 voluisset,
638 818 807 864 potuisse
847 830 931 854 cum
985 825 1141 867 aperte.
1197 818 1287 866 quid
1328 819 1409 854 ficri
1455 818 1579 862 vellet,

175 888 328 924 decreto
359 887 701 936 comprehendere7
734 888 1057 935 quemadmodum
1099 889 1259 925 alterum
1298 889 1390 925 illud
1419 889 1465 925 de
1494 901 1578 938 per-

175 959 365 995 mutandis
396 958 624 994 exercitibus
653 959 947 1007 perscripsisset.
1009 958 1072 995 Sic
1102 959 1218 1007 igitur
1246 959 1377 995 Livius
1408 959 1579 1008 scripsit:

174 1037 254 1065 aut
283 1035 499 1065 senatum
531 1039 771 1077 peccasse,
803 1029 882 1076 qui
913 1029 1181 1065 exercitum
1212 1030 1411 1077 praetori
1441 1030 1578 1066 dede-

175 1099 248 1142 rit,
280 1101 353 1145 (—
386 1099 610 1147 potuisse
642 1098 777 1135 enini.
809 1099 935 1135 sicut
963 1111 1054 1135 non
1085 1099 1443 1147 praet01·is‚sed
1473 1114 1578 1137 con-

173 1168 296 1205 sulis
327 1169 554 1206 exercitu
585 1181 679 1204 rem
699 1169 802 1216 geri
835 1170 1060 1214 voluerit,v
1084 1170 1153 1205 ita
1182 1169 1333 1206 finire
1363 1179 1577 1208 senatus-

174 1239 412 1281 consulto,
442 1252 496 1275 ne
526 1252 612 1288 per
641 1246 895 1288 praetorem
927 1248 996 1277 cet.
1101 1241 1312 1278 Senatus
1355 1243 1577 1278 consulto

172 1309 247 1346 iam
278 1309 459 1346 Dukerus
490 1310 603 1346 scribi
633 1310 808 1346 voluerat
840 1311 889 1347 ob
930 1311 1046 1348 aliam
1078 1324 1256 1355 causam;
1299 1311 1446 1348 accedit
1475 1325 1576 1349 nunc

172 1391 231 1425 ea,
262 1381 364 1428 quod
395 1381 461 1416 ita
492 1381 542 1416 ad
572 1381 896 1428 comparationem
926 1382 1168 1418 indicandam
1200 1382 1386 1431 pertinet,
1420 1395 1497 1419 non
1529 1384 1578 1419 ad

171 1450 333 1487 formam
369 1450 459 1489 SCti
492 1452 588 1496 (ita
615 1450 771 1494 finire,
801 1464 844 1487 so
875 1465 920 1488 zu
950 1450 1235 1501 begrenzen).¹)

288 1519 384 1569 Cap.
420 1523 495 1561 49,
528 1522 548 1556 2
593 1521 655 1568 (de
687 1522 730 1558 L.
761 1521 869 1557 Furii
897 1523 1071 1571 praetoris
1103 1536 1150 1559 ex
1181 1522 1315 1560 Gallia
1345 1523 1574 1572 triumpho):

172 1591 219 1626 1n
251 1592 471 1628 aerarium
519 1592 633 1628 tulit
676 1599 897 1628 trecenta
935 1594 1117 1642 viginti
1157 1594 1294 1629 milia
1335 1594 1460 1634 aeris,
1504 1607 1577 1630 ar—

168 1662 302 1708 genti
352 1669 535 1697 centum
576 1662 893 1710 septuaginta
935 1664 1069 1700 inilia
1102 1664 1278 1713 pondo.
1350 1664 1576 1700 Extremum

168 1731 397 1767 vocabulum
429 1732 621 1780 (pondo)
655 1732 703 1767 ab
735 1733 910 1770 omnibus
940 1734 1020 1771 fere
1050 1735 1244 1772 codicibus
1283 1735 1391 1770 abest
1435 1733 1576 1782 (Hear-

167 1801 218 1837 nii
249 1801 410 1841 duobus,
444 1803 538 1838 Lov.
574 1805 608 1839 2.
642 1806 676 1847 6,
709 1802 837 1847 Harl.7
881 1804 1053 1847 Mead.);
1103 1817 1173 1853 pro
1215 1818 1259 1840 eo
1308 1805 1345 1841 in
1376 1805 1491 1840 Voss.
1541 1812 1577 1840 et

168 1871 262 1907 Lov.
294 1875 315 1909 4
349 1873 524 1909 scribitur
555 1871 671 1917 cdd,
699 1873 736 1908 in
769 1873 864 1909 Lov.
901 1877 913 1911 1
956 1873 1066 1912 mo'd.
1140 1876 1187 1912 In
1216 1876 1273 1919 Β,
1305 1875 1451 1922 aliquot
1492 1887 1575 1910 ver-

167 1941 224 1978 bis
255 1955 382 1979 errore
412 1943 574 1984 omissis,
609 1945 688 1981 haec
717 1950 865 1981 tantum
895 1945 1132 1982 scribuntur:
1162 1945 1209 1981 in
1241 1945 1463 1981 aerarium
1509 1952 1574 1980 tu-

166 2012 223 2048 lit
253 2019 472 2049 trecenta
514 2014 691 2062 viginti
746 2015 882 2051 milia
910 2025 976 2053 00
1008 2016 1058 2051 D.
1116 2015 1218 2051 Hinc
1240 2015 1575 2051 Weissenbornius

166 2081 272 2119 fecit:
302 2089 526 2120 trecenta
547 2085 724 2133 viginti
754 2085 893 2121 milia
923 2086 1041 2130 aeris,
1065 2086 1464 2133 argentinentum
1496 2087 1574 2123 mi-

167 2152 231 2188 lia
252 2153 520 2202 quingenta
549 2155 721 2202 pondo,
762 2154 923 2191 Numeri
953 2169 1028 2192 non
1058 2156 1364 2205 improbabiliter
1394 2170 1441 2193 ex
1460 2158 1573 2194 vesti-

165 2221 237 2270 giis
254 2223 621 2260 codicisBcorrecti
642 2232 746 2266 sunt;
776 2225 842 2260 sed
873 2225 991 2262 miror
1007 2226 1161 2271 nemini,
1192 2227 1402 2275 praesertim
1434 2228 1573 2264 codici-

165 2292 236 2328 bus
271 2292 576 2337 admonentibus,
602 2293 856 2340 suspicionem
883 2302 1026 2332 motam
1059 2309 1142 2333 esse
1168 2297 1215 2333 de
1244 2309 1396 2334 summa
1426 2299 1572 2347 magni-

165 2362 305 2406 tudine,
338 2375 433 2411 quae,
464 2363 495 2399 si
525 2363 681 2411 pondo
713 2364 877 2409 additur⁷
905 2366 1032 2403 multis
1062 2368 1237 2416 partibus
1267 2368 1385 2405 nimia
1416 2377 1472 2406 est
1502 2382 1572 2418 pro

188 2583 220 2627 ¹)
256 2585 406 2618 Eandem
433 2589 631 2629 scripturam
658 2599 746 2620 nunc
772 2592 894 2628 (1860)
921 2591 972 2621 W.
994 2593 1162 2632 sequitur,
1200 2593 1256 2623 sed
1294 2595 1465 2625 absenti
1494 2596 1572 2626 reti-

255 2653 311 2677 net
338 2656 376 2678 ac
396 2649 540 2688 permire
567 2649 724 2690 explicat.
