1811 2925
289 131 365 162 Lu).
394 131 488 162 vm.
917 134 991 169 164

244 264 299 291 to:
330 254 375 290 ni
399 253 789 300 moritur,neque
818 265 949 289 suum
981 266 1135 302 neque
1165 256 1413 304 publicum
1437 255 1657 291 divinum

245 338 364 374 pure
398 324 571 368 faciet,
611 323 716 362 sive
754 323 916 362 hostia
961 324 1067 363 sive
1100 337 1191 376 quo
1224 326 1323 365 alio
1355 326 1503 366 volet.
1568 325 1659 372 Qui

243 407 350 431 sese
382 393 906 437 devove1·it,Vulcano
939 406 1069 430 arma
1106 395 1208 431 sive
1238 397 1315 433 cui
1347 396 1432 432 alii
1463 396 1550 432 deo
1582 408 1659 431 vo-

244 467 321 511 let,
351 466 424 502 ius
456 471 539 501 est.
612 465 698 499 Iam
736 471 842 500 recta
876 465 1005 501 onmia
1035 472 1134 503 sunt.
1210 466 1382 502 Primum
1414 467 1477 515 qui
1509 478 1549 503 se
1578 466 1661 514 ipse

243 535 441 571 devoverit
470 534 563 584 (non
594 534 709 570 alium
736 547 807 583 pro
838 534 908 583 se),
939 536 970 571 si
1000 548 1075 572 non
1107 536 1304 580 moriatur,
1336 538 1384 573 ab
1401 537 1503 573 omni
1522 549 1663 585 genere

245 606 344 642 sacri
375 605 541 641 faciendi
573 605 695 641 arceri
728 605 883 651 dicium-3
922 606 1058 642 deinde
1092 607 1140 643 ab
1176 607 1329 643 homine
1358 607 1442 656 ipso
1476 607 1524 642 ad
1553 619 1660 642 arma

245 676 449 714 transitur:
492 676 568 723 Qui
606 688 646 712 se
676 674 837 724 (corpus
867 688 978 712 Suum
1010 677 1067 712 dis
1100 676 1246 720 inferis)
1285 677 1508 718 devoverit,
1553 689 1661 713 arma

243 748 304 783 oui
337 760 481 783 vovere
515 747 632 791 velit,
678 746 839 782 liberum
870 747 1106 795 relinquitur.
1165 748 1333 784 Prorsus
1363 748 1528 784 eiusdem
1547 760 1662 795 gene-

242 819 294 854 ris
325 818 587 854 traiectionem
622 817 788 865 plurium
831 817 1038 853 verborum
1070 819 1255 855 accidisse
1284 819 1322 855 in
1352 819 1472 855 tertiae
1503 818 1662 854 decadis

243 889 439 926 codicibus
472 888 626 937 (praeter
656 887 804 931 XXII,
841 889 909 932 10,
943 889 986 931 3)
1019 889 1239 925 ostendetur
1269 889 1318 925 ad
1350 890 1497 933 XXX,
1532 889 1593 933 12,
1625 890 1663 933 3,

243 961 281 996 in
312 966 450 1007 quarta
481 959 531 995 ad
564 958 766 1002 XXXVI,
800 960 862 1002 34,
895 959 917 994 9
950 965 986 994 et
1024 962 1082 996 10.
1113 960 1201 1005 XL,
1238 961 1297 1005 13,
1325 963 1333 996 1
1374 967 1409 996 et
1446 961 1482 1005 2,
1513 960 1663 996 inVin-

244 1030 333 1068 dob.
367 1030 415 1066 ad
451 1029 602 1073 XLIV,
639 1031 702 1072 44,
736 1025 815 1076 2.¹)

355 1099 450 1148 Cap.
487 1101 555 1143 12,
588 1102 652 1135 16ε
696 1099 760 1146 (Q.
792 1099 981 1135 Publilius
1012 1099 1124 1135 Philo
1172 1100 1351 1147 dictator)
1396 1106 1496 1136 tres
1527 1100 1663 1147 leges

244 1156 627 1207 secundissimas
658 1169 849 1217 plcbei,
899 1171 1134 1206 adversas
1166 1171 1419 1207 nobilitati
1449 1170 1578 1213 tulit,
1609 1191 1657 1196 ——

249 1264 294 1268 ——
325 1264 389 1287 —,
423 1240 635 1285 tertiam,
667 1246 714 1276 ut
746 1240 874 1276 alter
904 1241 1072 1288 utique
1104 1253 1158 1276 ex
1188 1241 1662 1289 plebe,cum(quum)

244 1325 296 1348 eo
327 1317 521 1348 ventum
552 1310 640 1356 sit,
683 1317 731 1347 ut
766 1317 1021 1358 utrumque
1062 1310 1301 1359 plebeium
1333 1311 1449 1348 fieri
1478 1311 1664 1355 liceret,

243 1395 420 1419 censor
451 1388 725 1418 crearetur.
792 1381 855 1419 Sic
887 1382 1070 1430 scriptum
1101 1382 1245 1417 habent
1277 1382 1428 1418 codices
1459 1381 1549 1417 boni
1582 1393 1663 1416 ma-

245 1453 369 1501 lique,
410 1452 483 1488 nisi
521 1453 623 1500 quod
656 1453 836 1501 Sigonius
866 1452 904 1487 in
935 1464 1004 1488 suo
1039 1452 1170 1488 codice
1200 1464 1283 1488 esse
1328 1453 1507 1495 tradidit,
1558 1451 1662 1499 quod

243 1529 378 1572 postea
408 1535 530 1571 prope
562 1535 714 1567 omnes,
759 1522 790 1557 si
821 1522 1110 1558 Alschefskium
1156 1528 1194 1559 et
1234 1523 1432 1559 Hertzium
1479 1521 1662 1570 excipias,

242 1599 464 1629 tenuerunt:
498 1598 544 1628 ut
570 1598 829 1641 utrumque
859 1593 1099 1641 plebeium
1132 1594 1375 1630 consulem
1407 1592 1522 1629 fieri
1551 1592 1660 1628 lice·

247 1669 336 1707 ret,
366 1663 446 1698 sive
488 1663 520 1699 is
550 1675 658 1699 suain
691 1663 948 1700 coniecturam
979 1664 1101 1700 codici
1130 1663 1262 1699 tribuit
1291 1664 1370 1700 sive
1399 1662 1660 1712 interpolatis-

243 1733 381 1769 simum
414 1733 582 1769 omnium
614 1734 759 1771 habuit.
819 1735 1052 1770 Addendum
1085 1741 1210 1770 autem
1229 1734 1267 1769 id
1289 1734 1519 1770 vocabulum
1538 1733 1659 1780 (con-

242 1803 410 1846 sulem)
443 1803 606 1843 censuit,
639 1804 854 1852 quicunque
893 1805 1038 1853 primus
1069 1805 1240 1849 addidit,
1287 1805 1388 1852 quod
1419 1805 1466 1840 de
1496 1810 1659 1851 utroque

242 1886 410 1910 censurae
458 1873 544 1909 loc-o
594 1874 752 1922 plebeiis
793 1875 988 1923 patefacto
1026 1876 1119 1911 nihil
1156 1876 1259 1923 apud
1291 1875 1441 1911 Livium
1474 1875 1659 1910 hactenus

243 1945 423 1980 traditum
455 1950 524 1989 est,
558 1945 604 1980 de
635 1945 834 1981 consulatu
865 1946 938 1981 hoc
968 1958 1190 1982 concessum
1221 1946 1304 1994 lege
1337 1945 1512 1983 Genucia
1538 1944 1657 1992 scrip-

243 2011 293 2051 sit
323 2015 503 2051 dubitans
534 2016 629 2060 VII,
651 2017 722 2059 423
753 2028 841 2051 nam
873 2015 1174 2061 Alschefskium,
1206 2016 1380 2052 liceret
1409 2015 1455 2051 de
1479 2028 1536 2057 eo,
1555 2014 1657 2062 quod

241 2085 322 2121 siue
352 2086 435 2133 lege
467 2086 548 2121 fieri
578 2092 721 2134 posset,
754 2086 785 2121 si
816 2086 924 2134 plebs
954 2085 1099 2121 viribus
1118 2085 1195 2121 suis
1225 2093 1416 2130 uteretur,
1444 2085 1657 2132 intelligen—

241 2164 329 2199 tem,
366 2156 526 2191 refutari
556 2155 647 2191 nihil
679 2168 775 2203 opus
807 2162 864 2192 est
897 2155 982 2205 (cfr.
1016 2156 1187 2201 Becker,
1218 2157 1329 2193 Rom.
1361 2156 1529 2193 Alterth.
1558 2155 1613 2199 II,
1633 2155 1654 2189 2

241 2240 277 2275 p.
317 2227 387 2262 191
431 2232 509 2261 not.
551 2229 684 2267 extr).
771 2225 845 2263 Sed
889 2226 969 2262 sive
1010 2226 1164 2262 additur
1195 2226 1437 2262 consulem
1469 2225 1549 2261 sive
1580 2237 1655 2260 non

242 2297 416 2338 additur,
447 2303 549 2332 totus
581 2296 686 2331 locus
718 2308 921 2344 perversus
955 2303 991 2332 et
1020 2297 1245 2344 nugatorius
1276 2302 1333 2331 est
1363 2302 1398 2332 et
1428 2309 1469 2332 re
1499 2301 1536 2332 ct
1568 2307 1655 2330 ora-

239 2367 352 2403 tionis
383 2367 522 2404 forma.
589 2366 666 2403 Cur
697 2367 796 2403 cuim
830 2367 1004 2412 omnino,
1046 2380 1161 2414 quum
1193 2374 1269 2402 tres
1299 2367 1402 2414 leges
1434 2377 1655 2401 enumeren-

240 2445 301 2473 tur
331 2450 540 2485 earumque
571 2443 836 2484 argumentum
869 2437 1034 2473 breviter
1063 2437 1260 2479 indicetur,
1292 2437 1328 2472 in
1352 2437 1424 2472 hac
1444 2434 1555 2471 tertia
1571 2434 1655 2481 lege

266 2593 295 2635 ¹)
336 2596 388 2626 De
414 2596 537 2627 lacuna
568 2597 599 2626 in
634 2597 789 2637 proximo
825 2596 933 2636 capite
962 2596 1037 2635 (11,
1067 2596 1101 2636 6)
1137 2597 1284 2627 notanda
1320 2595 1388 2625 dixi
1421 2595 1454 2624 iu
1479 2593 1654 2633 prooemio

333 2668 361 2696 p.
390 2659 419 2687 f».
