1811 2925
266 133 339 164 Lib.
363 133 475 164 XLII.
935 135 1012 170 546

266 269 400 306 pacem
433 269 456 293 a
484 256 672 294 Romanis
701 257 843 304 petat):
892 257 1058 305 Neque
1096 257 1242 295 finiri
1282 259 1459 295 bellum
1502 261 1682 308 magni-

267 327 502 364 ficentius
534 340 676 375 quam
709 327 767 363 ab
810 333 905 364 tam
951 329 1260 365 memorabili
1316 342 1475 378 pugna
1526 343 1681 379 neque

266 410 393 447 spem
439 398 709 435 firmiorem
762 399 896 446 pacis
950 405 1198 447 perpetuae
1247 401 1374 444 dari,
1424 413 1561 448 quam
1607 408 1681 438 cet.

266 468 400 506 Codex
441 482 602 518 pugna
645 482 795 518 spem,
837 469 979 506 omisso
1024 483 1190 518 neque.
1271 472 1362 508 Non
1406 484 1522 507 unum
1565 472 1682 520 igitur

265 540 496 576 vocabulum
528 541 744 577 addendum
777 547 871 585 erat,
915 541 982 576 sed
1021 541 1116 577 duo:
1160 543 1214 578 ab
1245 548 1339 579 tam
1370 543 1680 579 memorabili

263 623 421 660 pugna
452 611 632 659 [posse.‚
663 609 837 661 neque]
870 624 999 659 spem
1031 618 1100 648 etc.
1159 613 1263 649 Nam
1299 625 1442 661 posse
1472 612 1682 649 desiderari

264 689 367 718 recte
398 680 601 718 Creverius
628 682 830 720 intellexit,
890 683 1016 719 Paulo
1032 691 1119 731 post
1150 685 1184 731 (ξ
1204 685 1244 732 8)
1277 684 1381 732 quod
1401 684 1455 719 sic
1484 683 1680 720 scribitur:

264 753 514 800 Nunquam
545 753 602 789 ab
626 753 808 790 talibus
833 754 1056 790 consiliis
1088 755 1387 791 abhorrebat
1419 754 1551 803 regis
1582 755 1681 790 ani-

263 836 384 868 mus3
414 824 582 871 itaque
623 823 835 872 plurium
880 836 1077 860 assensu
1120 826 1447 874 comprobata
1480 831 1551 861 est
1580 837 1681 861 sen-

263 895 436 940 tentia,
499 894 701 931 ridiculum
758 902 832 939 est3
891 908 939 931 ex
990 895 1091 944 regis
1131 896 1231 932 enim
1280 895 1397 932 animi
1452 895 1586 931 habitu
1645 900 1683 931 et

262 967 506 1004 inclinatione
551 966 670 1014 ipsius
725 966 898 1013 sequitur
956 979 1160 1013 assensus,
1211 980 1289 1003 non
1337 966 1519 1011 aliorum3
1579 966 1682 1014 regis

264 1039 415 1075 demum
457 1049 616 1074 assensu
663 1036 882 1082 declarato7
938 1044 1117 1085 poterant
1171 1038 1234 1074 alii
1290 1037 1510 1073 assentandi
1556 1037 1681 1073 studio

262 1109 361 1145 idem
407 1109 600 1157 probare,
659 1108 729 1143 etsi
772 1109 833 1145 hic
885 1121 963 1144 non
1013 1109 1244 1153 assentatio,
1286 1108 1352 1144 sed
1395 1107 1511 1143 timor
1547 1107 1681 1147 valuit.

262 1180 384 1217 Recta
424 1179 553 1215 onmia
591 1184 701 1214 erunt
742 1179 895 1215 sublata
936 1179 1075 1216 vocula
1113 1185 1183 1214 est
1222 1176 1259 1228 (s
1273 1177 1327 1227 ts),
1374 1190 1458 1225 quae
1488 1191 1536 1214 ex
1578 1191 1682 1214 sen-

264 1250 417 1286 tentia
460 1256 546 1285 orta
591 1256 665 1284 est:
726 1250 920 1297 Itaque„
965 1250 1180 1298 plurium
1224 1261 1425 1285 assensu
1469 1261 1682 1297 compro-

262 1323 377 1358 bat-a
423 1319 688 1365 sententia‚
746 1320 903 1368 legati
948 1321 1003 1356 ad
1053 1319 1303 1357 consulem
1353 1319 1503 1359 missi,
1586 1320 1682 1356 Plu-—

265 1392 362 1428 rium
393 1391 620 1427 sententiam
652 1404 733 1435 rex,
770 1390 808 1426 in
839 1390 999 1427 eandem
1030 1397 1179 1439 partem
1215 1403 1284 1426 sua
1314 1397 1452 1438 sponte
1480 1391 1681 1434 inclinans,

266 1470 416 1499 secutus
448 1468 516 1500 est.
577 1461 736 1510 (Polyb.
768 1461 950 1507 XXVII,
994 1464 1037 1500 S:
1077 1459 1230 1501 Ταῦτα
1272 1460 1358 1512 μὲν
1409 1451 1490 1500 οὖν
1535 1452 1675 1500 ἐδόκει

264 1539 357 1577 τοῖς
389 1529 563 1571 πλείοσι
594 1529 683 1570 «τῶν
715 1528 869 1582 φίλων·
914 1533 1319 1585 συγκαταθεμένου
1366 1529 1408 1570 ὸὲὶ
1441 1531 1524 1571 τοῦ
1556 1530 1679 1583 Περ-

267 1604 370 1648 σέως
427 1603 686 1654 ἐπέμποντο
742 1601 1017 1655 παραχρῆμα
1073 1600 1391 1656 πρεσβευταί.)
1484 1604 1550 1641 Ab
1606 1615 1678 1639 usu

264 1675 445 1725 loquendi
474 1674 685 1711 certissimo
723 1674 823 1710 Livii
855 1681 891 1710 et
932 1675 1173 1723 antiquorum
1206 1675 1386 1720 discedit,
1430 1675 1532 1723 quod
1575 1678 1594 1719 ξ
1629 1677 1672 1711 11

264 1747 418 1796 legitur:
448 1746 525 1782 Ita
554 1752 648 1780 tum
680 1757 776 1781 mos
808 1752 933 1785 erat,
965 1745 1009 1781 in
1043 1746 1264 1782 adversis
1296 1747 1480 1782 vultum
1511 1758 1678 1782 secun-

265 1819 331 1854 dae
360 1818 565 1853 fortunae
595 1828 783 1863 gerere,
827 1816 1073 1852 moderari
1119 1818 1305 1853 animos
1348 1817 1393 1853 in
1438 1816 1677 1852 secundis.

266 1888 398 1924 Livius
429 1887 635 1935 scripserat
666 1887 849 1931 animo,
893 1894 935 1923 nt
979 1887 1068 1923 alibi
1112 1888 1352 1923 moderari
1394 1887 1472 1923 irae
1506 1887 1594 1933 (IV,
1628 1890 1678 1933 7),

266 1959 375 1995 odio
419 1956 602 2007 (XXXL
647 1958 733 2002 44)„
775 1970 867 1993 suae
898 1958 1103 1994 fortunae
1145 1958 1387 2005 (XXXVII,
1433 1956 1523 2004 35);
1564 1957 1679 2006 longe

266 2030 458 2066 diversum
501 2034 576 2073 est,
620 2028 723 2076 quod
766 2040 851 2064 cum
894 2029 952 2064 his
983 2029 1325 2065 Drakenborchius
1366 2028 1434 2071 (ad
1463 2028 1536 2073 IV,
1570 2031 1605 2073 7,
1637 2026 1677 2076 6)

265 2100 474 2143 confunditq
506 2099 748 2135 moderari
779 2099 888 2134 iura
917 2099 1104 2135 infimis
1149 2099 1464 2146 summisque7
1502 2100 1575 2135 hoc
1609 2104 1678 2143 est,

264 2184 397 2220 regere
441 2179 478 2207 et
519 2169 717 2218 aequaliter
761 2169 996 2207 distribuere.
1067 2170 1113 2206 In
1158 2170 1298 2206 talibus
1340 2170 1454 2206 rebus
1491 2181 1678 2217 perquam

265 2243 525 2291 imprudenter
554 2240 722 2285 faciunt,
765 2241 829 2288 qui
869 2240 1036 2276 stabilito
1077 2241 1115 2277 in
1147 2241 1280 2277 ceteris
1310 2239 1417 2275 libris
1447 2238 1530 2274 usui
1561 2250 1678 2273 unum

267 2313 481 2361 exemplum
513 2325 560 2347 ex
589 2312 648 2347 his
680 2311 848 2359 quinque
891 2310 996 2346 libris
1026 2320 1249 2360 opponunt,
1291 2312 1339 2348 ab
1382 2311 1493 2346 unius
1535 2309 1677 2346 indocti

267 2392 303 2420 et
336 2384 371 2419 in
410 2396 546 2419 vocum
590 2381 921 2417 terminationibus
961 2395 1062 2430 saepe
1102 2383 1245 2419 incauti
1287 2381 1434 2418 librarii
1470 2380 1544 2416 fide
1584 2393 1676 2428 pen-

269 2455 453 2491 dentibus.
514 2452 695 2499 Sequitur
727 2454 760 2497 (ξ
797 2454 858 2495 13)
890 2452 927 2487 in
956 2453 1104 2488 codice:
1147 2454 1257 2489 Haee
1295 2464 1438 2500 quum
1467 2450 1676 2486 renunti-

268 2531 431 2562 assent
478 2523 650 2570 legati,
699 2523 938 2559 miraculo
986 2523 1171 2570 ignaris
1220 2523 1368 2559 moris
1398 2520 1678 2569 pertinacia

265 2595 406 2631 moris
458 2606 575 2629 esse.
668 2594 857 2642 Grynaeus
907 2593 1058 2629 sublato
1115 2593 1234 2629 altero
1284 2591 1428 2628 moris
1483 2590 1678 2627 substituit

266 2666 607 2704 Romanorumq
654 2664 897 2700 incommodo
941 2664 1047 2707 loeo;
1089 2664 1155 2699 sed
1186 2663 1290 2711 quod
1324 2662 1479 2710 quidam
1528 2661 1676 2698 moris
