1811 2925
798 114 846 149 33

116 236 330 274 consentire
354 235 522 271 codicem
558 235 597 272 S.
621 235 746 272 Marci
776 235 1041 273 Florentinum
1074 237 1256 274 Hertzius
1279 236 1434 280 iudicat,
1467 235 1531 284 qui

117 309 198 345 eius
229 307 437 356 scripturas
467 305 602 342 habuit
632 318 655 342 a
685 306 813 342 Keilio
848 313 1035 344 enotatas.

228 381 266 416 A
311 377 441 414 codiee
487 377 617 426 aliquo
663 390 748 413 curn
789 378 909 414 L1H1
964 385 1001 414 et
1045 391 1130 415 cum
1172 379 1206 415 P
1248 382 1412 425 cognato
1458 375 1532 412 orti

117 449 327 487 deteriores
359 448 509 485 codices
546 456 651 494 sunt,
694 449 880 486 errando.
919 449 1167 498 corrigendo.¹
1207 449 1390 485 audacter
1416 448 1531 483 inter-

115 521 286 571 polando
315 521 428 568 longe
459 520 507 555 ab
541 520 687 568 origine
718 520 977 565 deflectentes3
1010 521 1076 557 sed
1107 533 1153 556 ea
1174 519 1418 568 interpolatio
1439 532 1531 567 par-

116 592 184 628 tim
215 591 426 628 communis
459 597 534 627 est.
573 604 621 627 ex
652 603 727 626 uno
758 590 864 627 fonte
894 591 1092 636 derivata,
1123 590 1263 639 partim
1295 590 1530 638 singulorum

118 669 184 700 aut
216 663 455 711 quorundam
494 662 547 697 ita
576 661 756 711 propria,
802 669 844 698 ut
883 671 1012 699 tamen
1052 661 1317 698 transferendo
1360 660 1398 696 in
1436 659 1532 695 alios

115 734 342 777 misceatur3
388 745 470 780 quae
513 745 712 781 quousque
749 746 956 782 progressa
993 746 1070 770 non
1106 746 1196 769 raro
1227 732 1297 776 sit,
1339 731 1432 767 satis
1464 731 1534 767 erit

117 818 193 842 uno
225 804 401 852 exemplo
434 803 670 849 declarasse3
716 817 804 841 nam
845 804 883 840 in
922 805 1020 840 libro
1062 805 1147 849 IX.
1181 807 1215 844 7.
1258 806 1276 839 7
1319 802 1533 851 (publiea

119 876 429 913 auctoritate
474 887 756 911 consensum
805 875 849 911 in
895 888 1076 911 omnem
1118 874 1324 911 formam
1372 873 1532 909 luctus

119 945 205 993 est)
220 959 334 994 quum
365 957 435 994 pro
467 956 708 981 consensu
718 958 753 981 m
786 945 926 982 alicubi
957 945 1140 993 scriptum
1159 950 1257 980 esset
1281 955 1483 979 consens
1496 956 1532 987 u,

116 1017 204 1053 hinc
226 1016 265 1052 in
283 1014 430 1063 sigonii
452 1013 594 1057 codice,
625 1013 753 1053 Palat.
773 1017 808 1060 2,
830 1016 1145 1055 (lxon.Hearnii.
1164 1015 1274 1052 Harl.
1295 1015 1331 1059 2,
1357 1014 1533 1058 Gaertn..

116 1087 311 1130 Havelc..
344 1085 482 1133 fragm.
514 1084 681 1120 Havere.
715 1084 754 1133 (2
787 1087 905 1134 man.)
936 1094 1067 1123 natum
1100 1094 1177 1123 est:
1223 1086 1534 1122 auctoritate

117 1168 420 1194 consensuve
450 1155 497 1191 in
533 1167 713 1193 omnem
752 1156 954 1194 formam
984 1158 1145 1193 luctus
1183 1157 1399 1206 populus
1430 1170 1534 1193 ver-

116 1241 199 1265 sus
230 1234 315 1264 est.
371 1226 540 1263 Minores
563 1226 699 1274 stirpes
716 1229 1042 1277 cognationesque
1064 1235 1100 1265 et
1121 1235 1280 1278 propter
1301 1241 1398 1273 eam,
1420 1240 1534 1276 quam

118 1299 216 1344 dixi,
264 1297 569 1346 interpolationis
607 1297 871 1336 confusionem
908 1299 1064 1338 difficile
1105 1308 1162 1337 est
1200 1300 1433 1348 distinguere
1467 1312 1536 1334 nec

119 1381 246 1418 operae
278 1368 461 1418 pretium.
502 1368 591 1416 quia
619 1381 778 1416 prorsus
807 1370 1065 1419 improbabile
1095 1379 1173 1416 est.
1215 1371 1425 1420 quidquam
1455 1369 1537 1405 veri

118 1453 167 1476 ex
199 1439 284 1488 ipso
315 1439 446 1475 codice
477 1440 684 1488 archetypo
724 1440 762 1476 in
794 1441 853 1477 his
892 1451 1085 1480 servatum
1117 1456 1219 1487 esse,
1265 1441 1369 1490 quod
1399 1442 1437 1478 in
1469 1441 1534 1477 tri-

115 1510 206 1559 plici
246 1510 446 1547 meliorum
483 1510 599 1559 stirpe
646 1512 754 1559 (MR,
786 1513 832 1559 P,
864 1513 1011 1560 HlLl)
1056 1514 1315 1550 oblitteratum
1358 1513 1425 1557 sit,
1469 1525 1535 1548 ne-

118 1581 230 1625 dum,
277 1580 308 1616 si
351 1581 441 1628 quid
479 1581 664 1617 eiusmodi
711 1583 780 1629 sit,
825 1585 983 1632 agnosci
1016 1591 1053 1620 et
1081 1596 1152 1633 pro
1183 1591 1286 1620 certo
1316 1583 1535 1620 testimonio

121 1651 243 1700 accipi
282 1652 415 1700 possit.
512 1651 750 1700 Corrigendo
790 1661 831 1690 ut
864 1655 1037 1703 plurimis
1067 1655 1162 1691 loeis
1193 1655 1432 1699 aberratum,
1481 1653 1536 1689 ita

120 1723 309 1759 interdum
327 1723 477 1759 minora
507 1723 646 1759 menda
671 1730 774 1760 recte
804 1725 955 1761 sublata
975 1732 1074 1771 sunt,
1106 1724 1320 1762 cuiusmodi
1343 1730 1411 1769 est.
1433 1724 1535 1772 quod

119 1794 194 1839 IV,
229 1795 289 1838 13,
327 1796 372 1829 10
405 1794 444 1830 in
474 1794 585 1830 Harl.
618 1795 662 1840 2,
693 1795 878 1844 Po1·tug.‚
910 1797 1076 1833 Haverc.
1109 1809 1199 1833 vere
1230 1795 1426 1841 scribitur,
1456 1795 1536 1831 iure

119 1865 175 1900 M.
213 1864 387 1913 Hauptio
430 1864 590 1912 aliisque
637 1866 911 1913 probantibus:
971 1866 1082 1914 Quae
1126 1875 1384 1916 postquam
1429 1871 1537 1901 sunt

120 1934 306 1979 audita,
337 1941 382 1970 et
411 1935 622 1983 undique
655 1936 892 1984 primores
922 1944 1111 1986 patrum
1142 1944 1186 1974 et
1215 1937 1397 1986 prioris
1428 1937 1538 1974 anni

119 2004 347 2041 eonsules
393 2005 668 2055 increpare,
729 2008 852 2055 quod
904 2016 998 2053 cet.;
1059 2009 1098 2044 in
1151 2009 1283 2045 codiee
1327 2009 1536 2057 archetypo

119 2077 343 2122 (MPLlHl
367 2104 376 2121 ‚
435 2077 687 2114 deterioribus
746 2079 880 2115 ceteris
934 2080 1126 2126 omnibus)
1145 2107 1154 2124 ,
1210 2092 1332 2128 prave
1380 2086 1537 2128 accepto

119 2146 249 2195 priore
280 2153 343 2192 et,
385 2159 456 2196 pro
498 2147 685 2185 infinitivo
715 2148 898 2187 historico
931 2150 1177 2187 substitutum
1207 2157 1290 2186 erat
1318 2150 1537 2200 increpa-

120 2224 246 2262 rent,
276 2224 317 2253 ut
347 2218 396 2253 ad
425 2224 682 2266 postquam
711 2219 928 2257 referretur.
1016 2221 1203 2269 Quaedam
1233 2221 1452 2259 huiusmodi
1474 2229 1537 2267 aut

213 2408 281 2439 bile
307 2414 374 2445 est,
401 2408 434 2439 in
461 2408 566 2439 LlHl
597 2414 762 2440 servatam
789 2420 861 2441 esse
892 2412 1058 2452 duplicem
1086 2413 1304 2453 scripturam,
1342 2413 1377 2443 in
1402 2414 1439 2444 M
1465 2420 1539 2444 tan-

214 2474 285 2499 tum
312 2469 614 2510 interpretamento
648 2475 797 2509 retento,
840 2475 1023 2514 praesertim
1057 2475 1159 2506 etiam
1193 2475 1413 2506 deterioribus
1447 2476 1540 2507 codi-

216 2531 311 2562 cibus
344 2531 386 2561 ab
430 2531 535 2562 LlHl
583 2531 879 2572 dissentientibus,
918 2541 950 2566 et
983 2537 1054 2577 ipse
1089 2537 1203 2574 loeus,
1250 2547 1315 2578 quo
1349 2537 1539 2577 singulis

214 2592 369 2632 ponitur,
407 2603 427 2623 a
451 2593 586 2634 privis
623 2601 835 2634 separatum,
879 2604 1056 2637 repugnat.
1113 2598 1207 2629 Nihil
1232 2598 1336 2638 igitur
1359 2599 1423 2630 nisi
1449 2609 1541 2630 error

214 2654 353 2686 subesse
378 2655 521 2685 videtur.

159 2725 301 2748 mnvmu
321 2726 445 2749 Emmm.
460 2726 533 2750 Lm.
1254 2726 1272 2751 b·
