1811 2925
817 135 897 170 405
1304 132 1379 164 Lib.
1400 133 1568 164 XXXIV.

152 262 390 306 praeterea
431 255 714 292 eivitatium
769 268 929 292 earum
984 254 1380 304 supplementum
1428 255 1569 305 longe

154 334 245 377 opt.
277 339 379 376 gen.
413 326 614 363 militum
653 325 882 370 habebat,
930 326 1003 363 hoe
1041 333 1122 370 est,
1171 325 1478 374 supplementum
1520 339 1568 363 ex

153 398 287 447 optimi
323 397 472 447 generis
508 396 691 433 militibus
724 401 917 433 constans.

265 467 360 517 Cap.
407 469 480 512 37,
533 470 547 504 1
594 467 851 516 recipiendum
897 474 1009 516 puto,
1054 467 1156 515 quod
1188 473 1224 503 et
1269 467 1566 516 Bambergensis

150 539 276 576 codex
305 539 421 575 habet
454 544 490 574 et
519 537 698 586 vulgares
737 537 1113 585 (Drakenborchiani
1155 549 1244 583 sex,
1290 545 1428 586 praeter
1457 538 1566 576 duos.

152 608 230 657 qui,
263 621 378 657 quum
409 609 563 657 primo
595 608 760 645 oeulos
798 608 978 653 habeant,
1021 608 1121 644 idem
1153 607 1405 657 significant):
1455 610 1565 646 Haee

151 679 278 716 inter
322 691 369 715 se
409 678 562 727 primo
611 678 823 716 circulos
868 685 1095 716 serentes
1144 677 1370 723 fremere3
1416 679 1567 716 videtur

153 749 265 795 enim,
300 762 416 798 quum
447 760 641 785 sermones
683 760 810 787 serere
843 758 877 787 et
909 761 1034 787 serere
1067 749 1211 797 aliquid
1237 750 1479 787 sermonibus
1509 751 1566 787 di-

152 826 314 863 ceretur,
345 820 481 856 deinde
511 820 623 856 etiarn
655 819 907 868 colloquia
937 819 1113 865 (XXIV,
1137 820 1220 866 31),
1250 821 1419 869 potuisse
1450 822 1562 858 etiam

151 890 227 926 dici
257 890 471 927 circulos
511 903 730 927 sermonum
775 902 891 926 eausa
933 902 1115 935 serere3
1161 903 1305 939 neque,
1345 892 1377 928 si
1407 892 1563 940 paulum

153 959 298 1008 aliquid
330 960 510 998 novitatis
542 968 618 1007 est,
658 961 696 998 id
727 961 846 997 multo
888 961 1012 996 minus
1043 967 1122 1005 est,
1173 972 1289 1009 quum
1337 962 1474 999 dieitur
1519 963 1564 999 in

152 1029 353 1066 circulis
387 1043 546 1068 serere
584 1031 784 1079 aliquid.

264 1098 359 1149 Cap.
384 1102 447 1146 38,
471 1103 492 1137 5
526 1100 588 1149 (de
618 1101 666 1139 T.
690 1100 869 1148 Quinctio
891 1100 1072 1149 Spartam
1105 1098 1396 1152 oppugnante):
1428 1102 1564 1150 Quod

151 1170 344 1207 roboris
385 1171 430 1207 in
475 1171 692 1208 exercitu
726 1177 853 1217 erat,
897 1171 1146 1208 trifariam
1189 1172 1397 1209 divisum
1427 1180 1565 1222 parte

149 1253 242 1277 una
271 1253 296 1278 a
325 1242 572 1287 Phoebeo,
618 1241 774 1279 altera
820 1255 844 1279 a
886 1242 1187 1291 Dictynnem
1237 1244 1385 1280 tertia
1423 1245 1479 1281 ab
1512 1258 1564 1282 eo

150 1312 277 1358 loco,
323 1323 460 1360 quem
505 1312 850 1362 Heptagonias
905 1313 1178 1362 appellant,
1365 1316 1565 1364 aggredi

150 1382 293 1419 iubet.
365 1383 485 1428 Dure,
528 1383 630 1431 quod
660 1384 810 1420 roboris
839 1384 878 1420 in
908 1384 1077 1420 exercitu
1108 1389 1202 1428 erat,
1232 1384 1370 1421 dicitur
1400 1386 1562 1422 divisum

152 1465 229 1489 una
278 1453 371 1500 (sui)
415 1459 526 1501 parte
571 1466 594 1489 a
637 1455 820 1491 Phoebeo
866 1454 1043 1504 aggredi,
1089 1454 1211 1490 altera
1256 1467 1279 1490 a
1323 1455 1564 1505 Dictynneo;

150 1523 265 1572 longe
296 1523 366 1559 erit
395 1524 544 1571 aptius,
581 1524 635 1569 si,
676 1524 817 1562 lineola
859 1525 976 1561 literae
1016 1539 1051 1565 m
1081 1525 1228 1561 vicaria
1261 1525 1404 1570 addita,
1445 1527 1566 1576 scrip-

152 1593 334 1630 serimus:
364 1593 498 1641 Quod
530 1595 725 1631 roboris
754 1595 800 1631 in
822 1608 888 1634 ex.
911 1602 1036 1641 erat¹³
1059 1595 1305 1632 trifariam
1337 1596 1564 1641 divisum3

150 1670 335 1712 partem
394 1678 531 1702 unam
581 1679 603 1702 a
652 1666 901 1711 Phoebeo,
954 1666 1158 1703 alteram
1205 1680 1228 1703 a
1270 1667 1564 1716 Dictynneo,

150 1734 345 1770 tertiam
378 1736 434 1771 ab
464 1748 516 1772 eo
548 1736 673 1781 loeo,
707 1749 741 1785 q.
773 1737 825 1773 H.
856 1750 905 1782 a..
942 1736 1146 1785 aggredi
1176 1737 1319 1774 iubet.

262 1803 357 1854 Cap.
390 1808 454 1851 40,
484 1809 518 1843 5.
584 1807 703 1844 Dum
735 1813 1048 1857 oppugnatur
1077 1814 1332 1857 tyrannuS‚
1373 1809 1563 1857 Argivi.

150 1875 336 1912 nuntiis
379 1876 491 1914 aliis
540 1890 692 1927 prope
735 1891 879 1927 super
921 1878 1047 1915 alios
1080 1878 1433 1925 afferentibus,
1464 1886 1564 1917 tan-

150 1951 247 1981 tum
277 1958 368 1982 non
399 1947 488 1983 iam
515 1955 703 1997 captam
735 1949 1129 1986 Lacedaemonem
1169 1962 1292 1990 esse,
1334 1951 1484 1987 erecti
1520 1961 1563 1987 et

149 2014 242 2063 ipsi
429 2019 702 2066 praesidium
740 2020 1043 2068 expulerunt.
1117 2020 1207 2056 Iure
1248 2020 1562 2058 Weissenbornio

148 2085 341 2134 displicuit
382 2100 533 2137 prope
571 2089 837 2139 interpositum
883 2090 942 2126 his
974 2090 1086 2126 aliis
1117 2102 1262 2139 super
1292 2091 1432 2136 alios3
1473 2104 1561 2128 nam

149 2155 196 2201 ei,
227 2169 310 2204 quae
345 2157 383 2194 in
417 2158 475 2195 his
506 2160 633 2196 verbis
663 2161 773 2205 inest,
816 2161 1022 2197 celerrimae
1054 2167 1088 2197 et
1120 2174 1197 2197 non
1227 2161 1447 2208 interruptae
1476 2172 1562 2197 suc-

148 2227 330 2264 cessionis
361 2228 629 2277 signifieationi
658 2244 807 2280 prope
836 2238 1046 2280 repugnat3
1090 2232 1156 2267 sed
1194 2231 1298 2279 quod
1328 2231 1361 2267 ei
1397 2230 1562 2267 fortasse

146 2297 452 2336 substituendum
484 2312 566 2336 esse
595 2313 806 2350 propere
837 2301 1052 2350 suspicatus
1084 2308 1153 2350 est,
1194 2314 1271 2338 non
1302 2301 1439 2338 vitavit
1468 2301 1562 2338 alte-

147 2380 231 2404 ram
283 2370 639 2418 reprehensionemg
697 2384 786 2408 nam
845 2372 899 2408 ita
947 2372 1020 2408 hoc
1074 2372 1212 2408 dicitur
1257 2372 1380 2409 alius
1419 2385 1563 2422 super

149 2438 317 2485 alium,
358 2447 400 2476 ut
439 2439 532 2476 nihil
574 2441 764 2490 interponi
808 2443 948 2491 possit3
999 2442 1149 2490 [itaque
1195 2442 1268 2479 dici
1308 2443 1485 2488 debebat,
1530 2443 1561 2479 si

146 2520 298 2558 prope
341 2517 487 2547 rectum
538 2517 660 2555 esset,
704 2525 859 2562 prope
904 2513 1017 2550 aliis
1061 2525 1204 2562 super
1253 2513 1405 2561 alios).
1485 2513 1561 2551 Sed

147 2577 355 2616 tollendum
402 2593 559 2629 prorsus
603 2588 660 2618 est
698 2595 869 2632 prope.
916 2584 1020 2632 quod
1067 2584 1168 2621 Livii
1211 2584 1338 2621 verbis
1378 2584 1559 2620 insertum
