1811 2925
245 152 322 185 Lib.
343 150 475 184 XLIV.
930 152 952 186 5
959 151 980 187 6
987 152 1009 187 4

250 286 372 323 quas
410 277 758 320 restagnantes
802 270 994 308 faciunt
1037 270 1190 316 lacus3
1240 272 1286 308 in
1328 272 1436 321 ipsa
1480 273 1680 321 palude,

251 358 344 394 qua
379 342 604 393 proxima
640 342 749 378 urbi
791 348 883 387 est,
921 341 1055 377 velut
1088 342 1249 378 insula
1296 343 1473 380 eminet
1513 345 1682 392 aggeri

255 415 420 465 operis
472 412 687 461 ingentis
728 412 983 462 imposita,
1031 417 1101 448 cet.
1184 412 1248 450 Sic
1299 414 1398 449 enim
1435 414 1563 459 edunt,
1608 414 1682 451 nisi

251 487 356 535 quod
389 485 566 533 quidam,
603 489 799 532 praeeunte
840 482 1071 527 Floribello,
1100 482 1302 519 ridiculum
1342 496 1425 520 esse
1464 485 1681 530 sentientes,

251 559 356 595 illam
396 556 531 593 velut
573 553 781 590 insulam
820 553 1043 603 impositam
1080 552 1155 589 diei
1202 554 1347 602 aggeri,
1388 561 1477 603 post
1507 555 1682 590 eminet

252 628 486 666 addiderunt
516 637 616 663 arx.
696 625 773 663 Sed
801 624 878 661 alia
909 630 966 660 est
998 623 1194 672 pravitas3
1239 637 1329 661 nam
1375 626 1482 662 lacus
1518 633 1559 663 ut
1604 638 1682 662 non

252 700 391 743 fluunt,
422 697 478 733 ita
509 709 557 732 ne
587 700 815 744 restagnant
845 694 999 743 quidem
1029 706 1099 730 nee
1129 693 1292 742 paludes
1325 694 1484 741 faciunt,
1515 697 1581 733 sed
1611 698 1682 734 flu—

254 769 359 806 mina
400 767 666 816 restagnantia
724 766 832 802 lacus
877 770 914 801 et
972 764 1134 813 paludes
1193 763 1375 803 efficiunt.
1453 767 1500 804 In
1552 768 1686 804 codiee

254 840 452 878 scribitur:
493 850 611 887 quas
648 841 997 885 restagnantes
1036 834 1223 872 faciunt
1265 821 1448 884 padcus
1494 837 1538 873 in
1576 838 1683 886 ipsa

253 912 434 961 palude
474 916 545 947 ete.
595 906 757 958 (puncto
808 906 1051 955 superposito
1097 905 1222 954 ipsum
1266 907 1465 943 librarium
1515 907 1683 944 litteram

257 982 460 1019 delendam
502 980 741 1030 significare,
791 990 911 1026 supra
946 976 1057 1024 dixi).
1132 977 1343 1026 Perspicue
1381 978 1521 1014 eminet
1563 978 1683 1027 ipsius

256 1053 355 1090 arcis
386 1065 539 1090 nomen.
606 1051 747 1098 Itaque
778 1048 831 1085 sic
865 1048 1108 1085 scribendum
1136 1054 1209 1084 est:
1249 1060 1367 1096 quas
1397 1055 1682 1097 restagnan-

255 1130 330 1161 tes
360 1123 551 1160 faciunt
575 1117 906 1172 [amnes-Arx]
931 1119 1106 1159 Phacus
1129 1119 1173 1155 in
1204 1119 1311 1167 ipsa
1341 1119 1520 1167 palude
1551 1119 1683 1155 velut

255 1194 416 1231 insula
447 1193 643 1236 eminet,
683 1190 852 1240 aggeri
994 1190 1236 1238 imposita.
1296 1191 1445 1226 Amnes
1476 1188 1566 1225 dicit
1596 1190 1682 1226 Ax-

255 1263 335 1300 ium
367 1270 404 1300 et
437 1264 623 1307 Ludiam3
673 1262 752 1298 vid.
785 1261 913 1298 Strab.
946 1261 1029 1296 VII
1062 1260 1109 1296 fr.
1144 1262 1208 1299 20,
1251 1261 1314 1305 22,
1358 1262 1421 1296 23.
1501 1261 1599 1296 Tres
1631 1259 1684 1304 hi,

258 1346 357 1382 quos
390 1335 566 1380 tractavi,
596 1333 672 1370 loci
701 1331 860 1368 mirifice
890 1331 988 1367 inter
1017 1343 1058 1366 se
1089 1331 1328 1367 confirmant.

371 1403 468 1452 Cap.
501 1406 537 1449 6,
571 1405 591 1440 6
637 1403 861 1451 (postquam
910 1401 1043 1437 Livius
1080 1401 1273 1447 narravit,
1314 1403 1513 1438 Romanos
1541 1407 1684 1438 temere

256 1487 302 1510 eo
331 1486 573 1523 progressos,
604 1474 706 1510 unde
736 1473 902 1509 evadere
922 1472 994 1507 nisi
1024 1484 1093 1520 per
1113 1471 1209 1508 duos
1240 1472 1372 1513 saltus,
1403 1479 1542 1521 praeter
1563 1472 1682 1509 Dium

255 1552 294 1582 et
322 1559 393 1594 per
425 1546 596 1595 Tempe,
644 1557 722 1580 non
755 1548 938 1592 possent,
988 1555 1071 1590 quae
1105 1548 1269 1590 utraque
1310 1543 1424 1592 regiis
1466 1549 1685 1579 tenerentur

254 1616 480 1665 p1·aesidiis):
535 1616 711 1663 Itaque
753 1615 791 1651 si
823 1614 915 1649 dux
948 1613 1224 1661 intrepidus
1269 1614 1426 1650 decem
1460 1613 1560 1650 dies
1591 1615 1683 1663 pri-

255 1699 373 1722 mam
405 1686 616 1734 speciem
639 1684 1088 1734 appropinquantis
1117 1684 1322 1719 terroris
1353 1684 1683 1731 sustinuisset,

257 1769 411 1805 neque
455 1764 684 1806 receptus
726 1754 956 1793 Romanis
990 1767 1072 1803 per
1099 1755 1276 1802 Tempe
1309 1754 1408 1803 (cod.
1440 1756 1683 1792 Romanus

261 1835 458 1876 partem3
502 1828 620 1876 paulo
653 1833 741 1864 ante
781 1830 799 1871 ξ
833 1828 854 1861 5
887 1831 923 1861 et
953 1825 1055 1861 infra
1086 1828 1103 1869 ξ
1142 1825 1185 1860 12
1232 1830 1450 1874 pei-temp
1492 1827 1681 1871 scribitur,

256 1898 378 1935 altero
411 1899 497 1934 loco
529 1898 661 1935 addito
706 1903 849 1947 puncto
894 1902 982 1944 post
1013 1901 1050 1947 p)
1096 1895 1139 1931 in
1187 1895 1498 1933 Thessaliam
1529 1910 1684 1946 neque

253 1969 604 2006 commeatibus
645 1967 972 2017 pervehendis
1016 1980 1067 2002 eo
1105 1966 1350 2015 patuisset
1396 1966 1501 2006 iter.
1563 1968 1681 2005 Sunt

254 2041 376 2077 enim
413 2041 592 2088 Tempe
624 2039 798 2082 saltus,
829 2036 1144 2074 etiamsinon
1176 2036 1305 2073 bello
1335 2036 1427 2073 fiat
1457 2038 1680 2084 infestus,

255 2111 469 2147 transitu
501 2110 746 2146 difficilis.
806 2109 945 2156 Neque
967 2109 1015 2144 ad
1037 2109 1186 2156 Tempe
1216 2121 1340 2155 neque
1367 2108 1404 2144 iu
1436 2109 1679 2145 Thessaliam

254 2182 490 2230 pervehendi
534 2186 773 2217 commeatus
814 2185 923 2215 erant
954 2179 1140 2215 Romanis
1172 2178 1444 2215 Macedoniam
1476 2180 1679 2228 ingressis;

254 2251 386 2298 itaque
418 2264 495 2287 non
527 2264 600 2295 eo,
645 2251 749 2298 quod
780 2250 1071 2285 alterumutrum
1115 2262 1162 2285 ex
1194 2249 1250 2293 iis,
1294 2262 1377 2297 quae
1412 2249 1503 2293 dixi,
1535 2249 1678 2298 siguifi—

255 2333 344 2357 care
379 2321 503 2365 debet,
535 2322 601 2357 sed
637 2334 690 2357 ea
723 2320 921 2368 scripsisse
952 2320 1105 2356 Livium
1142 2325 1235 2369 puto
1271 2321 1356 2368 (per
1387 2321 1572 2368 Tempe).
1632 2320 1679 2356 In

254 2392 416 2427 eandem
449 2391 677 2427 sententiam
708 2404 799 2427 mox
846 2393 885 2434 (ξ
924 2389 990 2439 12)
1030 2391 1225 2426 scribitur:
1276 2390 1552 2426 Intercluso
1596 2403 1680 2439 per

254 2462 433 2510 Tempe
463 2462 604 2498 simul
627 2462 759 2498 aditu
793 2461 1158 2505 commeatibus,
1190 2460 1332 2496 simul
1362 2461 1539 2506 reditu,
1584 2461 1678 2509 ipsi

256 2538 453 2577 montes,
476 2544 558 2580 per
583 2544 701 2580 quos
723 2532 1089 2575 descenderant,
1110 2531 1364 2579 repetendi
1387 2531 1487 2578 (eod.
1512 2544 1677 2579 repen-

252 2602 367 2650 todi)
391 2609 547 2648 erant,
569 2603 633 2638 ubi
657 2609 789 2651 aperte
810 2608 847 2638 et
868 2602 1057 2638 sententia
1078 2608 1115 2637 ct
1136 2601 1320 2638 orationis
1346 2600 1472 2637 forma
1495 2601 1680 2650 postulat,
