1811 2925
814 163 892 199 265
1295 161 1513 196 Lib.XX111.

146 292 201 322 tes
231 285 286 322 sie
319 285 356 322 in
388 284 557 323 Siciliam
588 285 849 328 mitterentur,
889 288 947 328 ut,
991 284 1177 332 quamdiu
1207 284 1243 320 in
1274 284 1389 321 Italia
1419 286 1559 324 bellum

145 362 266 400 esset,
322 356 552 399 militarent,
606 356 787 404 adempta
836 353 1027 390 missionis
1067 354 1237 403 legitimo
1274 362 1446 405 tempore
1479 369 1558 406 spe,

144 426 278 462 ceteris
312 426 444 462 Livius
474 426 619 462 nullum
650 426 722 462 nisi
760 425 970 474 legitimum
1003 431 1040 461 et
1073 437 1274 462 commune
1305 428 1558 475 praestitutum

143 496 285 532 militiae
315 502 464 546 tempus
495 496 662 545 scripsit:
694 496 827 533 nullo
858 495 1134 545 praestituto
1166 496 1352 533 militiae
1382 504 1557 547 tempo-

141 580 202 612 re,
231 567 324 603 nisi
356 568 484 619 quod
514 566 1215 616 legitimorumstipendiorum
1239 571 1374 608 esset.
1420 568 1557 616 Quod

140 650 212 686 pro
247 638 325 686 qui
363 639 439 675 iam
473 638 510 674 in
543 638 818 674 recentioribus
850 637 997 686 aliquot
1041 637 1238 674 codicibus
1274 639 1456 688 scriptum
1488 647 1556 687 est,

140 714 320 757 recteque
352 710 450 746 hanc
497 709 750 757 scripturam,
799 720 883 756 quae
935 714 1024 745 ante
1056 707 1299 746 Gronovium
1345 711 1557 757 tenebatur,

140 777 345 816 Creverius
374 780 540 828 praetulit
562 776 597 825 ¹)

251 847 347 899 Cap.
390 852 460 895 29,
496 854 535 887 7:
578 851 752 898 Itaque
782 848 915 885 velut
958 849 1137 896 quibus
1178 850 1367 886 reditus
1398 850 1442 886 in
1472 864 1554 900 pa-

139 920 280 956 triani
311 934 363 958 eo
395 921 677 958 discrimine
718 931 886 969 pugnae
930 925 1233 965 verteretur,
1273 922 1552 958 obstinave-

138 997 245 1026 rant
275 991 471 1028 vincere
506 998 586 1028 aut-
618 990 750 1029 mori.
819 988 927 1026 Alibi
958 990 1092 1026 Livius
1137 991 1176 1026 in
1217 992 1290 1028 hoc
1326 1003 1466 1040 genere
1497 993 1553 1030 lo-

137 1061 276 1108 quendi
307 1061 440 1108 (utitur
469 1068 596 1098 autem
627 1073 672 1096 eo
704 1057 820 1108 saepe)
853 1059 898 1095 in
929 1060 1240 1108 praepositionem
1273 1061 1378 1098 addit
1410 1063 1553 1106 (verti

135 1130 179 1166 in
209 1131 375 1180 aliqua
405 1133 491 1177 re),
532 1132 709 1179 idemque
741 1130 855 1166 ceteri
886 1130 1032 1167 faciunt
1062 1131 1293 1180 scriptores,
1316 1144 1440 1180 neque
1472 1133 1553 1169 sine

134 1213 181 1237 ea
211 1202 370 1238 ablativi
400 1203 498 1239 ratio
529 1209 705 1239 constare
734 1202 898 1239 videtur.
967 1201 1095 1239 Semel
1127 1202 1261 1238 Livius
1293 1202 1381 1248 (ΙΙ,
1414 1203 1478 1248 27,
1512 1203 1550 1250 7)

133 1271 247 1308 dixit:
277 1279 460 1321 puncto
492 1286 614 1322 saepe
645 1273 885 1321 temporis
918 1272 1236 1310 maximarum
1267 1286 1424 1310 rorum
1453 1287 1552 1311 mo-

132 1350 292 1379 menta
323 1344 473 1388 verti;
518 1344 584 1380 sed
614 1344 799 1393 temporis
841 1344 948 1380 notio
978 1355 1087 1378 suam
1119 1344 1236 1380 habet
1262 1345 1550 1393 proprietatem.

131 1413 207 1449 Hie
225 1414 376 1462 quidem
391 1422 479 1464 post
493 1422 580 1463 mtp
592 1415 683 1451 atri
695 1414 778 1459 am]
792 1414 972 1450 facillime
987 1413 1030 1449 in
1047 1413 1225 1450 excidere
1239 1415 1376 1463 potuit.
1420 1416 1547 1453 Etiam

133 1496 218 1533 cap,
253 1486 322 1530 31,
360 1486 402 1522 12
436 1486 644 1521 notandam
678 1485 812 1521 saltem
849 1484 1092 1520 insolentiam
1126 1484 1275 1520 dicendi
1304 1486 1342 1522 in
1373 1486 1431 1522 his
1461 1499 1548 1523 ver-

134 1554 192 1591 bis
209 1555 539 1603 puto:comitia
564 1556 752 1592 consuli
778 1555 861 1592 uni
894 1554 1114 1603 rogando
1142 1554 1188 1590 in
1218 1555 1377 1593 locum
1403 1558 1547 1594 L.P0-

134 1625 298 1661 stumii
326 1626 591 1662 edicuntur.
652 1627 835 1662 Potestne
867 1626 941 1662 hoe
976 1632 1102 1661 ortum
1134 1638 1217 1662 esse
1248 1639 1295 1662 ex
1326 1628 1398 1664 hac
1427 1628 1547 1678 serip-

133 1701 238 1731 tura:
269 1696 459 1732 consuli
496 1697 818 1746 subrogando
850 1697 895 1732 in
925 1696 1016 1733 loc.
1049 1697 1156 1743 (cos,
1189 1697 1546 1747 subrogando)?

133 1777 222 1802 nam
254 1773 289 1802 et
330 1767 408 1802 uni
445 1767 583 1804 vitiose
614 1768 784 1804 abundat
815 1780 884 1804 nec
914 1779 1092 1815 rogare
1122 1767 1167 1803 in
1199 1767 1356 1806 locum
1389 1770 1546 1806 alicu—

132 1836 204 1872 ius
235 1837 415 1873 usitatum
447 1844 515 1874 est.

243 1906 338 1956 Cap.
372 1908 434 1951 32,
476 1911 487 1944 1
541 1908 624 1955 (ubi
655 1908 781 1957 agitur
812 1908 858 1944 de
889 1908 1127 1944 exercituum
1161 1916 1195 1945 et
1226 1910 1473 1959 imperiorum
1506 1912 1546 1948 in

131 1991 271 2015 annum
307 1979 385 2015 215
417 1977 722 2028 distributione):
756 1978 1107 2016 Terentianum
1150 1981 1275 2017 mitti
1314 1994 1418 2019 cum
1451 1983 1545 2019 ali-

131 2061 224 2097 quo
255 2049 543 2098 legatorum.
602 2050 715 2097 Quod
747 2056 864 2098 eaput
895 2056 989 2094 erat,
1024 2050 1205 2087 Dukerus
1238 2052 1352 2097 vidit,
1383 2054 1543 2090 Tarenti

151 2265 179 2308 ι)
218 2266 346 2307 'Quod
377 2279 405 2302 e.
434 2273 498 2307 26,
546 2274 585 2301 10
625 2271 713 2312 apud
748 2270 995 2310 Ingerslevium
1034 2272 1304 2309 emendaveram,
1328 2278 1364 2303 ut
1388 2283 1449 2313 pro
1474 2273 1544 2305 his:

224 2331 269 2361 in
297 2331 450 2362 collem
478 2333 588 2363 satis
607 2333 794 2364 arduum.
821 2337 958 2362 tutum
986 2330 1168 2364 flumine
1196 2333 1325 2365 etiam
1353 2335 1543 2370 obiecto,

223 2398 305 2422 tum
333 2392 480 2432 copias
506 2394 948 2425 subducitscriberctur:
977 2393 1020 2424 in
1048 2394 1201 2426 collem
1220 2396 1328 2427 satis
1354 2397 1542 2434 arduum,

224 2452 408 2484 flumine
442 2454 574 2485 etiam
608 2455 776 2486 obiecto
803 2461 962 2493 tutum,
1003 2456 1154 2497 copias
1181 2457 1404 2495 subduxit,
1430 2458 1463 2489 id
1488 2458 1543 2490 W.

222 2520 393 2555 receptum
427 2516 460 2546 in
500 2522 693 2547 contextum
734 2516 981 2557 Heerwagenio
1012 2517 1148 2556 tribuit,
1189 2519 1301 2550 nescio
1338 2519 1396 2550 ubi
1434 2521 1477 2551 ab
1503 2530 1542 2551 eo

221 2576 444 2617 propositum.
494 2577 654 2609 Notabile
681 2584 732 2609 est
758 2578 952 2620 exemplum
979 2579 1249 2621 interpolationis
1265 2578 1440 2620 (tutum)
1466 2586 1542 2613 ante

223 2637 296 2668 cod.
330 2636 543 2670 Puteaneum
581 2641 704 2671 mendo
747 2640 940 2681 (obiecto
974 2646 1061 2671 tum
1097 2651 1159 2682 pro
1186 2641 1365 2673 obiecto
1392 2646 1543 2681 tutum)

222 2699 482 2740 superinductae.
