1811 2925
767 140 845 176 205

99 278 188 302 ceus
220 266 294 312 (M)
325 278 399 302 sec.
427 265 489 301 XI
534 264 588 308 (in
618 264 701 300 libr.
734 263 882 306 XXX,
928 263 992 306 26,
1046 263 1090 296 10
1136 259 1362 308 deficiens),
1408 261 1514 297 cuius

100 336 309 384 scripturas
339 348 363 372 a
393 335 566 373 Salvinio
608 333 701 370 satis
743 333 980 382 negligenter
1018 336 1220 379 excerptas
1260 330 1513 367 Drakenbor-

100 407 207 443 chius
245 406 362 455 (apud
402 419 515 454 quem
552 404 798 441 Florentinus
842 403 1071 452 appellatur)
1116 401 1311 449 vulgavit,
1363 407 1513 450 partem

99 476 266 525 priorem
302 475 389 512 libri
409 476 515 512 XXI
539 476 675 511 iterum
704 474 974 512 Alschefskius
1000 473 1171 515 eontulit,
1203 480 1240 508 et
1269 470 1514 508 Colbertinus

101 545 166 590 (C,
196 546 445 591 Parisiensis,
485 559 570 583 saee.
613 544 736 593 XII),
777 545 882 581 cuius
923 544 1132 593 scripturas
1172 542 1438 580 Alschefskius
1476 542 1514 578 in

100 616 206 654 libris
236 617 356 662 XXI,
386 618 528 661 XXII,
561 616 712 653 XXIII
743 616 911 664 integras
943 615 1047 651 dedit
1079 628 1101 650 a
1134 627 1174 650 se
1204 613 1308 661 ips0,
1348 613 1385 649 in
1427 612 1514 649 libri

102 688 227 724 XXX
261 701 307 724 ea
335 694 467 737 parte,
511 700 596 736 quae
637 687 674 723 in
714 688 912 723 Puteaneo
950 685 1210 729 desideratur,
1253 684 1459 732 plerasque
1492 696 1515 719 a

100 758 252 794 Millero
294 764 460 796 notatas.
542 758 614 795 His
665 757 884 805 adiungitur
927 755 1225 804 Bambergeusis
1269 755 1334 801 (B)
1376 754 1514 802 aliquis

101 829 140 876 (a
171 828 256 865 libri
286 829 433 865 XXIV
465 841 495 864 c.
532 832 550 865 7
584 828 774 874 ordiens),
815 827 921 863 cuius
963 826 1172 874 scripturas
1211 826 1248 861 in
1281 825 1365 861 aliis
1407 825 1514 861 libris

102 900 232 943 Fabri,
264 900 300 935 in
334 906 507 935 extrema
537 905 647 947 parte
678 898 762 934 libri
789 899 915 934 XXX
942 897 1075 933 eodem
1109 896 1223 932 modo
1245 895 1514 932 Alschefskius

101 970 285 1018 vulgavit.
344 971 406 1006 De
436 969 758 1017 Cantabrigiensi,
796 981 819 1004 a
848 969 994 1005 Iacobo
1027 966 1229 1004 Gronovio
1261 966 1322 1002 bie
1352 966 1427 1002 illie
1459 966 1514 1001 iu-

101 1046 245 1088 specto,
277 1040 347 1076 etsi
378 1040 427 1076 ad
458 1039 634 1076 meliores
667 1039 845 1082 inclinat,
877 1039 1061 1075 incertum
1094 1043 1150 1072 est
1180 1036 1383 1081 iudicium,
1424 1049 1515 1072 usus

100 1110 343 1159 perexiguus.
408 1110 547 1154 Ceteri,
593 1110 656 1157 qui
686 1110 946 1154 innotuerunt,
988 1114 1159 1144 recentes
1194 1120 1339 1149 omneS,
1371 1107 1513 1142 nullum

99 1193 262 1228 usquam
295 1187 530 1217 momentum
565 1180 728 1224 faciunt;
761 1179 1123 1228 interpolationibus
1152 1177 1367 1214 temerariis
1400 1177 1515 1214 inter-

101 1251 241 1288 mixtas
269 1252 412 1288 habent
443 1250 504 1286 hie
534 1249 610 1285 illie
633 1250 822 1287 minorum
851 1250 1075 1286 mendorum
1101 1260 1214 1285 veras
1246 1249 1514 1286 correctiones.

212 1321 366 1358 Codicis
410 1320 598 1357 Puteanei
628 1321 851 1369 praestantia
890 1321 1056 1357 cernitur
1094 1332 1170 1356 non
1200 1319 1340 1368 peritia
1369 1319 1516 1356 librarii

100 1393 248 1441 (ipsius,
291 1392 356 1440 qui
385 1393 484 1427 hune
515 1391 686 1440 scripsit,
719 1398 785 1427 aut
815 1404 960 1436 eorum,
992 1391 1129 1438 quibus
1161 1390 1360 1438 successit)
1393 1403 1437 1426 ae
1468 1404 1516 1427 ne

101 1463 297 1511 diligentia
338 1463 492 1510 quidem
531 1468 598 1498 aut
636 1461 820 1508 religione
851 1461 1056 1499 eiusmodi.
1099 1473 1214 1508 quan]
1247 1461 1516 1496 nonnullorum

102 1533 280 1582 opinione
311 1541 347 1569 et.
377 1533 551 1569 oratione
581 1532 692 1568 huius
726 1538 761 1567 et
792 1531 969 1567 similium
1001 1531 1174 1566 codicum
1205 1529 1372 1565 librariis
1403 1529 1517 1565 tribui

102 1604 229 1647 video,
262 1604 328 1639 sed
351 1616 466 1651 (guum
488 1603 574 1651 ipsa
597 1602 838 1649 antiquitate,
868 1603 941 1638 hoe
972 1608 1029 1637 est
1058 1600 1210 1637 errandi
1244 1612 1362 1635 causa
1393 1599 1517 1635 minus

103 1674 367 1722 multiplicata,
409 1680 489 1709 tum
520 1686 613 1710 vero
644 1672 812 1709 maxime
839 1686 897 1717 ea,
937 1685 1021 1720 quae
1052 1684 1137 1707 cum
1169 1676 1281 1707 aetate
1313 1670 1517 1706 coniuncta

103 1751 172 1789 est,
203 1744 358 1780 errandi
393 1750 508 1792 atque
539 1744 652 1780 etiam
692 1743 966 1792 interpolandi,
1010 1742 1074 1778 ubi
1111 1741 1358 1789 interpolatio
1402 1741 1517 1777 inter-

102 1814 224 1858 venit,
263 1814 505 1862 simplicitate
546 1822 583 1851 et
618 1814 743 1863 prima
781 1814 919 1852 forma.
985 1813 1088 1849 Nam
1120 1825 1167 1848 ex
1198 1812 1516 1860 praestantissimo

101 1885 185 1929 hoe,
225 1885 256 1920 si
290 1897 374 1921 cum
407 1886 541 1922 ceteris
573 1890 841 1933 comparatur,
873 1884 921 1920 ad
953 1883 1123 1919 criticum
1155 1895 1264 1918 usum
1298 1883 1428 1918 codice
1461 1883 1516 1918 in-

100 1956 220 2004 telligi
263 1961 413 2004 potest,
462 1968 576 2003 quam
629 1954 757 1990 vitiosi
801 1959 890 1990 ante
934 1954 1036 1989 mille
1085 1965 1205 1988 annos
1253 1953 1327 1988 iam
1377 1952 1518 1989 fuerint

102 2026 329 2074 scriptorum
364 2025 591 2062 Latinorum
625 2025 794 2067 codices;
840 2037 884 2060 ae
922 2024 1244 2072 quemadmodum
1290 2030 1326 2059 et
1356 2023 1516 2060 lacunas

102 2103 139 2133 et
162 2096 342 2133 foliorum
372 2095 690 2144 transpositiones
712 2095 842 2131 nonin
862 2095 1061 2131 Puteaneo
1085 2094 1169 2142 ipso
1199 2100 1317 2138 ortas,
1346 2094 1412 2130 sed
1438 2094 1514 2130 iam

100 2167 138 2203 in
157 2166 287 2203 codiee
305 2167 384 2202 eius
403 2172 563 2215 parente
584 2165 702 2201 fuisse
722 2165 898 2209 vidimus,
919 2166 972 2201 sie
990 2165 1103 2201 etiam
1131 2164 1322 2201 scribendi
1343 2177 1516 2200 errorum

102 2238 205 2274 bona
236 2248 327 2285 pars
357 2236 551 2284 antiquior
574 2237 773 2272 I’uteaneo
798 2233 917 2271 fuisse
949 2241 1087 2283 potest.
1145 2235 1394 2283 (Exemplum
1426 2235 1517 2270 novi

101 2307 227 2343 mendi
251 2307 287 2342 in
307 2319 353 2343 eo
372 2313 439 2343 aut
460 2306 536 2342 iam
560 2312 648 2341 ante
670 2318 755 2341 eum
780 2317 828 2341 ex
846 2305 1072 2353 antiquioris
1097 2305 1333 2341 correctione
1352 2305 1425 2341 orti
1447 2306 1514 2341 de-

101 2377 326 2414 monstrabo
357 2377 394 2413 in
424 2376 489 2414 lib.
523 2375 664 2420 XXII,
708 2378 764 2419 16,
798 2378 852 2418 4.)
933 2375 1098 2411 (unniuo
1131 2382 1278 2420 autem,
1317 2376 1382 2423 qui
1412 2383 1513 2412 recte

101 2456 138 2484 et
167 2447 247 2484 sine
279 2446 548 2495 superstitione
570 2446 624 2481 uti
645 2446 877 2494 optimorum
909 2446 1083 2482 codicum
1115 2446 1343 2482 auctoritate
1373 2446 1516 2485 volent,

101 2518 125 2554 ii
156 2530 179 2554 a
208 2517 367 2566 singulis
399 2517 504 2559 loeis,
538 2516 575 2552 in
607 2516 744 2563 quibus
772 2516 979 2556 dubitatur,
1011 2516 1179 2552 animum
1210 2516 1354 2552 referre
1377 2517 1517 2552 debent

100 2589 290 2624 interdum
328 2587 376 2623 ad
407 2594 526 2623 totam
560 2586 665 2622 illam
697 2585 882 2622 orationis
913 2585 1102 2631 formam,
1151 2599 1236 2634 quae
1267 2587 1448 2623 continua
1477 2587 1515 2622 in

100 2659 295 2695 codicibus
326 2656 496 2701 offertur,
527 2665 565 2693 ut
597 2657 848 2695 meminerint.
888 2664 1072 2704 quantum
1107 2657 1249 2704 ubique
1282 2656 1450 2692 sordium
1481 2663 1517 2692 et
