1811 2925
216 128 289 158 Lib.
307 127 454 159 xxxu.
882 130 959 166 378

748 248 851 295 Lib.
882 248 1107 295 XXXII.

325 387 418 437 Cap.
454 392 501 433 4,
534 391 554 425 3
587 396 624 426 et
665 393 704 426 4:
746 391 804 426 Et
841 390 1111 426 adiuvabat
1158 402 1236 426 eos
1277 391 1448 436 (JEtolos
1489 393 1624 428 Thau-

215 471 345 495 macos
377 459 641 507 defendentes)
674 466 852 497 natura
884 461 994 508 ipsa
1023 460 1130 497 loci.
1204 461 1431 509 Namque
1466 463 1623 498 Thau—

214 530 333 566 maci
371 543 394 566 a
427 531 562 579 Pylis
608 531 811 579 sinuque
852 531 1065 567 Maliaco
1108 544 1195 579 per
1236 532 1450 568 Lamiam
1491 533 1623 568 eunti

213 601 320 638 loco
352 601 449 638 alto
482 602 565 639 siti
596 610 716 649 sunt,
745 602 865 651 ipsis
900 601 1026 648 (codd.
1058 601 1103 636 in
1131 601 1269 649 ipsis)
1287 601 1512 639 faucibus
1542 604 1622 639 im-

212 672 459 717 minentes,
491 678 579 721 qua
611 673 859 719 0001ἓ(Β;
898 671 1012 707 ceteri
1045 670 1125 707 fere
1156 684 1273 719 quas
1303 673 1462 715 eoele,
1508 674 1621 710 etiam

211 750 287 779 tres
330 744 464 779 Iac-obi
510 744 718 792 Gronovii)
772 749 976 787 vocant3
1034 743 1406 791 Thessaliaeque
1460 751 1620 781 trans-

213 814 343 849 eunti
384 814 686 863 confragosa
715 814 823 849 loca
856 813 1239 862 implieatasque
1279 812 1495 849 flexibus
1524 813 1625 849 val-

211 884 323 920 lium
354 884 489 929 vias,
520 885 600 922 ubi
629 892 819 921 ventum
853 884 909 919 ad
938 884 1058 920 hanc,
1091 884 1251 920 urbem
1283 890 1375 928 est,
1420 890 1624 932 repente

214 955 345 991 velut
374 956 520 992 maris
550 956 699 999 vasti,
731 955 801 991 sic
832 954 1062 990 universa
1094 954 1143 998 (B
1181 961 1216 990 et
1242 955 1431 1003 plerique3
1463 955 1510 990 al.
1540 955 1624 990 im-

212 1028 386 1073 mensa)
417 1027 649 1075 panditur
679 1025 995 1074 planitiesffit
1025 1025 1282 1061 subiectos
1313 1037 1506 1073 campos
1536 1031 1624 1061 ter-

214 1097 395 1133 minare
435 1096 591 1134 oculis
635 1096 761 1132 haud
806 1095 959 1132 facile
1005 1108 1167 1143 queas.
1239 1096 1379 1144 Agitur
1409 1096 1455 1131 de
1488 1096 1625 1144 specie,

213 1181 296 1216 qnae
327 1181 349 1204 a
379 1168 536 1204 meridie
566 1180 635 1215 per
664 1174 887 1203 montanam
934 1166 1129 1214 regionem
1160 1167 1326 1203 venienti
1369 1167 1546 1203 obiicitur
1576 1168 1624 1202 ad

212 1238 459 1274 Thaumacos
489 1238 682 1286 aperiente
713 1250 754 1273 se
786 1237 943 1285 planitie
974 1238 1208 1281 Thessaliae3
1249 1239 1378 1285 itaque
1411 1239 1625 1273 Thessa-

212 1308 284 1344 liae
313 1322 451 1344 nomen
495 1308 644 1356 (inepto
676 1308 791 1344 etiam
820 1308 905 1344 loco
954 1308 1145 1356 positum„
1186 1310 1297 1356 quasi
1334 1322 1417 1345 cum
1457 1308 1628 1357 pondere

212 1379 276 1414 alii
307 1379 454 1427 regioni
484 1379 678 1415 contraria
708 1380 788 1415 haee
820 1382 1004 1427 ponatur)
1036 1391 1155 1426 prave
1186 1391 1272 1415 cum
1303 1379 1545 1427 confragosis
1570 1379 1625 1415 lo-

213 1449 265 1485 cis
297 1449 558 1498 coniungitur,
608 1462 691 1497 quae
739 1450 838 1485 inter
886 1450 1009 1485 sinum
1049 1449 1255 1486 Maliacum
1300 1452 1623 1497 Thaumacosqne

212 1526 309 1564 sunt,
345 1527 528 1567 tanquam
559 1519 604 1555 iis
634 1520 790 1568 proprie
812 1519 1016 1556 Thessalia
1046 1520 1297 1557 contineatur.
1355 1521 1408 1557 Ni
1435 1520 1561 1565 fallor,
1583 1521 1622 1556 in

212 1590 576 1638 Thessaliaeque
606 1591 700 1626 latet
730 1591 973 1630 Thessali:
1005 1591 1104 1640 itaq
1121 1602 1187 1631 110,
1225 1598 1263 1626 ut·
1294 1591 1347 1627 sie
1379 1592 1501 1628 oratio
1533 1604 1620 1628 000-

214 1661 484 1699 t1inuetur:.f.
523 1668 701 1697 vocant
731 1661 980 1705 Thessali3
1010 1661 1177 1711 itaque
1205 1663 1488 1699 transeunti
1520 1675 1623 1699 con-

214 1732 413 1780 fragosa
442 1732 574 1777 loca,
742 1733 821 1769 ubi
862 1739 1052 1768 ventum
1095 1731 1150 1767 ad
1192 1733 1317 1769 hane
1346 1734 1506 1769 urbem
1539 1740 1624 1776 est,

212 1810 412 1851 repente
452 1831 487 1841 ..
507 1833 515 1840 .
553 1803 791 1851 panditur
821 1802 1070 1851 planities.
1131 1803 1270 1840 Utrum
1299 1804 1429 1839 Livius
1463 1804 1622 1851 scripse-

215 1873 272 1916 νὴ,
308 1886 383 1922 quo
412 1874 445 1909 B
477 1874 615 1910 ducere
644 1874 811 1909 videtur:
855 1885 988 1921 quam
1033 1871 1214 1908 Coelen
1258 1881 1435 1909 vocant
1476 1875 1623 1910 Thes-

213 1943 305 1979 sali
350 1945 407 1983 (ut
436 1944 528 1992 ipsa}
558 1944 688 1981 fauces
729 1944 931 1993 appellatae
968 1949 1149 1991 putentur
1180 1936 1207 1994 ἡ
1244 1941 1400 1995 Κοίλη)
1433 1957 1501 1989 an,
1547 1957 1623 1992 quo

214 2014 327 2050 ceteri
359 2015 444 2060 (etsi
475 2016 603 2051 obstat
634 2015 815 2061 Coele):
848 2025 970 2061 quas
1002 2012 1150 2049 Coela
1179 2021 1355 2050 vocant
1385 2014 1623 2057 Thessali,

212 2098 287 2131 000
318 2082 516 2134 (10110101).

325 2156 420 2204 Cap.
460 2159 494 2198 ὃ,
528 2160 549 2193 6
590 2164 627 2192 et
661 2159 679 2192 7
729 2155 793 2196 (de
826 2154 1007 2202 Philippo
1038 2166 1140 2201 roge„
1171 2155 1361 2191 sociorum
1394 2161 1430 2190 et
1462 2154 1625 2203 popula-

238 2402 264 2438 ¹>
307 2404 465 2435 Coelen
509 2405 787 2436 Thessaliam
832 2412 940 2443 neque
987 2403 1094 2443 ipsam
1137 2404 1281 2444 probare
1324 2414 1462 2444 possum
1502 2404 1623 2442 Tneque

306 2466 339 2495 id
365 2475 491 2495 nomen
522 2466 569 2496 sie
595 2472 806 2507 separatum:
833 2464 994 2496 Coelen
1021 2470 1178 2495 vocant
1196 2465 1487 2502 Thessaliam,
1515 2474 1624 2504 neque

307 2536 393 2567 quae
418 2527 515 2557 loca
542 2528 640 2566 (miro
668 2529 803 2559 ordine:
831 2536 918 2567 quae
942 2526 1199 2557 transeunti
1227 2525 1490 2566 confragosa
1515 2525 1625 2563 loca)

305 2588 458 2629 expediri
482 2593 612 2629 potest3
639 2598 747 2628 neque
776 2589 863 2619 enim
892 2588 1006 2619 fauces
1033 2589 1191 2624 (ealoca)
1218 2593 1295 2618 ante
1321 2588 1507 2619 transibant
1522 2596 1623 2627 quam

306 2650 348 2680 ad
375 2650 490 2680 urbem
518 2651 680 2680 venirent.
