1811 2925
273 157 348 188 Lib.
375 156 434 187 1x.
890 160 962 195 184

215 278 378 329 not-avit)
409 280 564 317 omnino
596 280 831 324 omittuntur,
872 280 945 316 nisi
976 282 1077 329 quod
1108 282 1146 318 in
1177 283 1219 319 M
1249 283 1362 320 tertia
1392 297 1507 321 manu
1536 286 1629 322 scri—

216 352 335 388 bitur:
367 351 554 388 etrurie
583 364 687 387 nam
719 358 765 388 et
794 364 893 388 eum
913 352 1218 398 Umbrorum3
1242 354 1332 402 quid
1353 369 1423 404 pro
1446 356 1629 392 etrurie

216 423 341 472 prima
382 435 496 459 manu
546 422 730 471 scriptum
768 422 924 467 fuisset,
973 422 1238 460 Alschefskius
1294 426 1509 463 discernere
1552 441 1630 464 non

216 494 357 544 potuit3
394 494 432 530 in
471 495 504 531 P
547 493 711 542 margini
746 494 940 543 adscripta
980 494 1147 542 quinque
1190 495 1256 532 illa
1295 498 1416 533 verba
1447 503 1551 543 sunt3
1591 498 1631 534 in

217 565 468 602 deterioribus
500 565 647 614 aliquot
674 565 791 614 paulo
821 572 910 615 post
929 566 1146 602 inseruntur
1165 572 1254 615 post
1282 567 1365 604 illa:
1395 581 1486 605 non
1515 569 1631 606 tole-

216 644 386 672 rarunt
415 634 682 687 pugnam.¹)
746 638 884 685 Itaque
906 636 1145 673 manifestius
1170 637 1285 673 etiam
1307 650 1420 686 quam
1452 639 1491 675 in
1512 640 1629 684 VIII,

219 708 284 751 23,
321 710 367 745 10
393 713 565 744 tenemus
596 708 903 757 supplementum
935 721 958 744 a
987 707 1115 744 nescio
1148 720 1223 755 quo
1257 708 1305 744 ad
1335 709 1512 746 lacunam
1542 723 1632 760 sup-

216 779 395 828 plendam
435 779 474 815 in
514 779 686 828 margine
724 778 866 815 codicis
900 779 1059 815 alicuius
1105 779 1352 828 adscriptum.
1421 781 1497 818 Sed
1529 782 1634 829 quod

217 863 339 899 nuper
388 850 587 888 Scheibius
637 856 674 886 et
716 850 1077 895 W'eissenbornius,
1123 851 1272 887 omissis
1324 857 1505 900 quattuor
1547 865 1633 889 ver-

218 922 277 957 bis
319 925 413 966 (res
453 922 498 958 in
528 921 727 958 Etruria
756 922 940 970 gestae)„
984 934 1059 958 uno
1089 928 1236 958 retento
1268 923 1515 973 (Interea)⁷
1547 934 1634 958 ora-

219 993 360 1028 tionem
393 993 535 1029 sarcire
565 993 692 1029 conati
724 999 823 1038 sunt,
855 999 894 1029 ut
924 993 1119 1037 omittam,
1151 993 1260 1030 nimis
1292 995 1454 1042 abrupte
1484 999 1521 1030 et
1549 993 1635 1030 bre-

219 1064 318 1100 viter
348 1065 587 1112 obscureque
617 1064 877 1101 narrationem
909 1064 1135 1109 continuari,
1176 1078 1223 1101 ne
1253 1066 1451 1102 nominata
1482 1065 1635 1113 quidem

220 1134 378 1171 Etruria
402 1142 468 1171 aut
485 1135 531 1182 Q
551 1136 689 1179 Fabio,
721 1136 804 1184 quis
835 1148 911 1172 non
939 1135 1056 1180 videt,
1088 1135 1282 1173 interea
1312 1137 1404 1173 illud
1435 1149 1459 1172 a
1487 1136 1635 1184 reliquo

221 1206 481 1242 additamento
521 1207 693 1256 separari
732 1220 809 1243 non
850 1206 993 1256 posse?
1058 1208 1176 1243 Recte
1212 1207 1392 1244 Hertzius
1418 1220 1494 1244 non
1525 1219 1636 1256 sepa-

221 1277 321 1313 ravit
361 1278 566 1326 omniaque
604 1279 772 1326 quinque
823 1278 942 1313 verba
983 1278 1131 1323 omisit,
1171 1278 1317 1314 lacunae
1361 1284 1453 1314 nota
1497 1278 1635 1326 posita.

223 1348 299 1385 Sed
328 1348 627 1397 intelligendum,
658 1362 735 1385 non
768 1361 894 1397 pauca
916 1349 1090 1396 quaedam
1114 1350 1233 1386 verba
1264 1350 1465 1385 scribendo
1496 1349 1639 1386 omissa

223 1432 317 1460 esse,
347 1432 480 1457 verum
512 1421 610 1456 idem
642 1420 702 1457 hic
733 1419 929 1463 accidisse
973 1421 1076 1467 quod
1107 1420 1143 1456 in
1176 1420 1295 1456 altero
1326 1420 1390 1456 illo
1422 1420 1507 1457 loco
1538 1421 1638 1457 acci—

223 1491 322 1527 disse
347 1492 507 1536 ostendi,
539 1498 578 1528 ut
609 1492 646 1527 in
678 1491 807 1528 codice
839 1492 1047 1540 archetypo
1069 1491 1201 1527 folium
1223 1491 1474 1535 intercideret,
1506 1492 1544 1528 in
1562 1504 1638 1540 quo

222 1563 277 1599 ita
307 1564 526 1600 continuata
563 1563 609 1598 de
639 1563 799 1611 Papirio
833 1569 867 1598 et
899 1562 1047 1598 Marcio
1078 1563 1250 1599 narratio
1282 1568 1375 1608 erat,
1414 1570 1454 1599 ut
1484 1569 1572 1611 apte
1601 1562 1639 1598 in

224 1648 308 1683 cap.
358 1639 406 1671 40
452 1641 728 1679 resumeretur,
774 1633 909 1669 deinde
960 1633 1008 1668 ad
1053 1633 1098 1681 Q.
1146 1634 1312 1670 Fabium
1358 1639 1393 1669 et
1443 1633 1639 1669 Etruriam

223 1705 440 1743 transitum.

337 1776 433 1825 Cap.
470 1779 533 1819 415
570 1779 606 1812 1:
638 1777 791 1813 Fabio
824 1777 879 1812 ob
911 1776 1104 1824 egregie
1141 1775 1461 1825 perdomitam
1494 1776 1641 1812 Etru-

225 1849 342 1885 riam
375 1848 693 1884 continuatur
733 1848 1037 1891 consulatus3
1076 1847 1229 1883 Decio
1260 1847 1453 1895 collega
1484 1847 1639 1882 datur.

227 1920 291 1957 Sic
320 1920 357 1955 in
383 1920 467 1955 cod.
500 1920 708 1968 archetypo
731 1919 913 1967 scriptum
945 1925 1026 1954 erat
1057 1919 1229 1959 (testibus
1260 1918 1413 1961 MPLt,
1443 1917 1515 1952 nisi
1539 1916 1641 1964 quod

226 1991 263 2027 in
295 2004 340 2027 eo
366 1991 552 2039 college
584 1998 659 2035 est,
700 1990 852 2034 Klock„
896 1989 1126 2025 deteriorum
1170 1989 1314 2024 maiore
1352 1987 1495 2037 parte).
1566 1987 1642 2025 Sed

227 2069 328 2099 recte
359 2063 432 2098 iam
466 2062 517 2105 is„
563 2061 668 2097 cuius
703 2068 791 2097 sunt
821 2061 996 2097 secundae
1030 2060 1169 2096 codicis
1216 2061 1257 2095 M
1287 2059 1504 2108 scripturae,
1534 2058 1643 2094 intel-

228 2133 341 2173 lexit,
385 2146 505 2181 prave
537 2146 643 2176 cum7
687 2132 751 2180 qui
794 2139 829 2168 ct
859 2131 1098 2168 consulatum
1134 2131 1327 2168 continuet
1365 2143 1450 2167 cum
1490 2129 1645 2178 egregia

229 2205 353 2252 gloria
383 2211 420 2240 et
452 2204 575 2252 primo
606 2204 691 2240 loco
722 2203 950 2248 nominetur,
981 2202 1101 2245 alteri,
1130 2215 1232 2239 novo
1269 2202 1426 2246 consuli,
1457 2201 1643 2249 collegam

230 2276 313 2312 dari
344 2276 435 2320 dici,
467 2276 561 2311 mire
591 2275 703 2311 etiam
737 2274 887 2310 variata
918 2281 954 2310 et
984 2273 1225 2310 confiurmata
1256 2273 1429 2309 oratione
1475 2272 1643 2315 (Fabio

231 2347 515 2383 consulatus
567 2345 908 2388 continuatur,
962 2344 1109 2380 Decio
1159 2343 1350 2391 collega
1393 2344 1553 2387 datur,
1604 2349 1646 2379 ut

232 2418 410 2454 audiatur
438 2418 608 2465 isque).
667 2417 805 2464 Itaque
849 2422 885 2451 ct
928 2415 980 2451 ibi
1011 2415 1131 2451 altera
1160 2427 1275 2450 manu
1316 2421 1354 2451 et
1382 2415 1419 2450 iu
1451 2414 1646 2450 codicibus

232 2487 505 2524 recentioribus
546 2487 805 2536 compluribus
846 2487 1024 2523 scribitur
1068 2491 1104 2521 et
1145 2498 1167 2522 a
1203 2485 1396 2522 Frobenio
1437 2498 1559 2533 usque
1596 2484 1647 2521 ad

260 2709 292 2752 ¹)
326 2713 376 2743 Η]
407 2713 441 2743 in
467 2713 531 2742 hoe
553 2716 586 2742 et
609 2711 765 2753 proximo
795 2712 883 2742 libro
910 2711 1030 2741 deficit,
