1811 2925
268 146 436 179 Lib.VII.
894 147 966 182 152

218 269 469 320 postulationi
499 269 613 317 longe
644 267 770 317 aptius
788 267 1048 317 adiunguntur
1074 268 1158 304 illa:
1189 269 1411 306 Alterum
1442 282 1637 319 respon-

220 354 317 378 sum
345 340 551 377 salutem
568 361 633 384 —‚
665 339 887 384 alterum,
918 338 1123 375 ominari
1155 340 1344 385 horreo‚
1367 340 1479 389 quid
1497 339 1637 379 ferat.

220 412 296 460 Qui
326 412 438 460 quid
471 410 667 447 sententiae
698 422 721 445 a
755 409 944 458 superiori
978 422 1086 446 nexae
1116 410 1279 447 indicem
1300 411 1463 460 putavit,
1495 424 1543 448 ex
1574 411 1639 447 iu-

220 483 345 520 betis
376 482 466 519 fecit
496 481 573 518 iub
586 481 723 519 eatis,
790 481 877 518 Hoc
908 486 1038 517 autem
1070 481 1289 527 constituto,
1322 488 1484 531 apparet
1511 482 1640 526 etiam,

220 555 258 591 ni
288 554 426 600 fallor,
468 553 621 590 Livium
663 565 740 588 non
788 564 876 588 011111
918 564 1069 588 summa
1113 553 1365 601 ambiguitate
1409 566 1640 603 prospec-

221 633 401 671 tantes,
432 624 629 661 interiecto
660 628 803 672 porta
817 635 846 667 s,
880 623 1071 659 rettulisse
1090 623 1139 659 ad
1172 622 1551 670 multitudinem,
1575 625 1643 661 sed

221 704 392 746 portas
423 696 547 732 viam
583 694 694 731 hine
725 692 962 731 ferentem
983 700 1364 743 prospectantes
1387 695 1644 744 dixisse,quae

220 772 468 817 prospectum
512 766 584 802 viae
623 765 831 809 haberent,
878 778 954 814 quo
999 778 1139 815 genere
1181 765 1363 814 loquendi
1403 766 1563 803 Tacitus
1609 772 1646 803 et

221 838 370 876 Plinius
401 843 562 885 uterque
591 841 761 880 utuntur,
803 836 874 872 etsi
906 837 995 873 alibi
1029 836 1262 885 (XXXIII,
1301 834 1370 886 17)
1421 839 1644 874 Acarna-

222 911 347 947 niam
379 910 614 946 orientem
650 907 799 944 solem
844 914 1069 957 spectare
1112 908 1203 946 dicit-
1229 909 1276 945 de
1306 909 1392 957 ipso
1424 908 1510 945 situ.
1570 909 1645 946 Re-

222 981 318 1017 tinui
347 980 675 1030 pendentibus
707 979 851 1016 animi
890 985 1024 1016 contra
1057 980 1233 1025 codices,
1275 993 1323 1016 ex
1355 979 1493 1028 quibus
1523 993 1646 1029 nuper

222 1052 434 1101 repositum
465 1057 522 1088 est
552 1050 741 1089 animis.
812 1052 868 1089 Ut
899 1050 999 1087 enim
1031 1050 1169 1087 Latine
1214 1051 1364 1087 dicatur
1396 1051 1442 1087 de
1471 1051 1646 1100 pluribus

222 1123 433 1172 pendere
464 1122 657 1167 animis,
702 1123 802 1170 quod
845 1135 920 1158 uno
965 1121 1162 1159 Ciceronis
1193 1122 1279 1159 loco
1315 1129 1450 1160 contra
1478 1123 1648 1172 permul-

224 1202 282 1231 tos
314 1193 528 1231 contrarios
561 1206 701 1242 parum
733 1194 1007 1237 confirmatur,
1056 1194 1238 1241 quoniam
1269 1194 1306 1230 in
1352 1195 1425 1230 hae
1455 1194 1649 1231 locutione

225 1273 369 1303 certum
403 1265 519 1301 habet
549 1264 674 1300 locum
708 1264 801 1300 illud
837 1264 985 1300 animi
1018 1265 1063 1300 de
1094 1265 1183 1300 sede
1210 1265 1366 1311 diet-um,
1396 1267 1470 1302 hoc
1493 1265 1647 1314 quidem

223 1338 309 1374 loeo
347 1336 480 1373 Livius
512 1349 597 1371 eam
631 1335 796 1371 formam
834 1335 1022 1370 vitaturus
1063 1341 1144 1370 erat
1176 1337 1225 1371 ob
1256 1336 1381 1385 ipsam
1421 1337 1651 1385 ambiguita-

225 1414 315 1456 tem,
350 1421 397 1443 ne
430 1407 626 1444 videretur
657 1405 832 1442 animis
865 1406 978 1453 (dat)
1010 1406 1334 1455 pendentibus
1374 1408 1652 1444 renuntiari

224 1480 411 1528 aliquid
444 1479 571 1515 dicere
605 1478 662 1528 (ut
692 1478 801 1513 visus
836 1482 892 1512 est
925 1477 1186 1523 Alschefskio,
1219 1479 1460 1528 comparanti
1482 1492 1502 1515 e
1529 1491 1560 1515 0.
1604 1481 1650 1515 10

225 1552 336 1588 huius
366 1551 473 1588 libri:
504 1550 680 1587 animis
712 1561 793 1598 spe
837 1554 1059 1596 metuque
1104 1550 1470 1597 pendentibusk
1514 1550 1652 1586 animis

226 1623 325 1659 enim
356 1621 448 1657 nihil
478 1622 731 1659 renuntiatur.
793 1619 991 1655 Librarius
1022 1620 1203 1657 facillime
1249 1621 1297 1657 ad
1328 1621 1652 1669 pendentibus

228 1693 537 1731 accommodavit
576 1688 805 1733 animis1l.

340 1764 435 1813 Cap.
470 1766 533 1809 35,
565 1767 585 1800 ἴ)
619 1771 655 1800 et
688 1767 708 1800 6
747 1764 805 1813 (in
838 1763 883 1798 P.
918 1762 1029 1798 Decii
1075 1762 1216 1798 tribuni
1248 1763 1435 1807 militum,
1478 1762 1653 1799 oratione

228 1836 331 1884 apud
349 1836 486 1872 milite-s·
518 1839 649 1879 suos):
682 1833 792 1871 Cum
825 1845 876 1869 eo
909 1834 1049 1869 hoste
1079 1846 1154 1869 res
1186 1841 1279 1879 est,
1315 1834 1393 1881 qui
1424 1835 1652 1870 hesterno

229 1907 303 1943 die
330 1906 523 1943 delendi
559 1905 713 1941 omnis
745 1904 990 1940 exercitus
1036 1904 1232 1940 fortuna
1262 1918 1345 1953 per
1375 1904 1652 1940 socordiam

230 1991 341 2015 usus
364 1991 453 2014 non
485 1978 571 2021 sit7
617 1978 738 2013 1111110
777 1982 871 2011 tam
918 1981 1241 2023 opportunum
1297 1975 1467 2012 collem
1498 1975 1650 2011 immi-

229 2056 417 2086 nentem
449 2048 601 2097 capit-i
634 2060 716 2083 suo
748 2059 840 2082 non
872 2053 984 2082 ante
1016 2046 1202 2082 viderit
1234 2059 1370 2095 quain
1402 2053 1594 2095 captum
1631 2059 1654 2082 a

228 2121 383 2165 nobis,
400 2133 484 2156 nos
516 2126 610 2156 tam
642 2129 823 2167 paucos
854 2123 927 2154 tot
956 2117 1049 2165 ipsi
1074 2117 1273 2153 milibus
1305 2118 1546 2154 hominum
1568 2129 1652 2153 nec

231 2204 433 2228 ascensu
463 2191 713 2228 arcuerint
748 2201 832 2225 nee
862 2194 1086 2224 tenentes
1124 2188 1279 2224 locum
1315 2211 1360 2215 —
1395 2188 1526 2224 vallo
1558 2187 1652 2223 cir-

231 2262 578 2298 cumdederint.
645 2261 708 2298 Sic
740 2260 857 2308 vulgo
889 2259 1017 2302 edunt,
1049 2258 1199 2295 codices
1231 2258 1343 2306 longe
1373 2259 1560 2307 plurimos
1594 2271 1653 2294 se-

258 2437 289 2481 ¹)
324 2442 375 2472 Dc
405 2451 431 2472 0Α
458 2445 512 2478 32,
551 2444 588 2470 12
625 2439 707 2469 nihil
736 2439 862 2471 dicant,
896 2437 1078 2479 quoniam,
1116 2437 1206 2478 quod
1246 2435 1556 2468 manifestissimum
1594 2442 1654 2472 est,

326 2504 416 2534 mod
430 2514 448 2533 o
476 2507 552 2544 post
572 2501 841 2532 factionibus
868 2500 1053 2531 tollendum
1077 2509 1160 2530 esse.
1188 2499 1275 2529 male
1294 2509 1336 2529 ex
1357 2497 1528 2537 superiore
1556 2505 1653 2527 versu

327 2566 516 2606 repetitum,
546 2565 646 2595 etiam
674 2562 965 2597 VVeissenbornio,
1003 2567 1130 2592 tentata
1156 2560 1279 2592 frustra
1305 2558 1591 2599 interpretatione,
1620 2558 1654 2588 in

327 2632 473 2657 mentem
510 2628 612 2659 venit.
670 2626 840 2666 Perquam
872 2624 1012 2655 ridicule.
1044 2624 1146 2654 homo
1173 2623 1294 2652 virtute
1321 2631 1358 2652 ac
1386 2621 1512 2651 meritis
1546 2620 1654 2650 fidens

327 2693 467 2729 negaret
494 2699 528 2719 se
556 2688 668 2719 solis
696 2686 900 2718 factionibus
929 2691 995 2716 tres
1022 2685 1220 2716 consulatus
1250 2685 1420 2724 adeptum.
