1811 2925
271 164 345 195 Lib.
361 163 492 195 XXXI.
933 164 953 199 3
962 166 980 199 7
988 166 1008 199 4

272 286 487 323 necessario
516 297 593 321 non
623 290 760 320 ratus
792 290 889 326 estq
920 284 986 319 sed
1015 285 1211 320 rebatur
1240 284 1437 321 dicendum
1471 290 1574 328 erat,
1606 292 1672 321 aut

273 356 421 392 Livium
453 355 506 391 sic
540 355 748 402 scripsisse,
780 355 888 402 quasi
919 354 1156 390 subiecturus
1196 360 1314 391 esset:
1357 356 1556 392 Romam
1588 367 1670 391 ve-

272 426 361 470 nit,
412 426 512 473 qnod
543 425 710 461 omnium
742 424 895 460 minime
925 424 1017 472 fingi
1054 425 1242 472 oportuit,
1273 425 1450 472 quoniam
1482 430 1563 461 tota
1591 426 1673 462 haec

272 496 448 544 periodus
486 496 685 544 diligenter
735 496 784 531 ad
815 495 914 531 Livii
966 494 1274 530 consuetudinem
1324 495 1562 531 conformata
1602 503 1671 539 est,

272 573 358 615 post
388 567 498 615 plura
526 566 724 615 praemissa
754 579 818 610 eo,
871 565 972 612 qnod
1017 577 1086 613 pro
1126 564 1309 613 primaria
1352 565 1538 601 sententia
1580 566 1671 614 poni

273 643 435 686 poterat,
466 650 534 685 per
562 636 788 685 particulam
821 649 959 683 quum
989 636 1025 671 in
1056 634 1227 684 protasin
1261 641 1492 671 commutato
1511 635 1573 681 (dc
1595 648 1669 683 quo

273 708 440 744 breviter
470 707 650 743 admonui
686 706 756 744 Gr.
787 707 874 743 Lat.
906 709 924 751 ξ
957 709 1034 743 476
1066 719 1095 744 c.
1126 709 1237 748 non),
1268 716 1312 740 ac
1342 717 1388 740 ne
1418 705 1573 742 minima
1589 707 1671 753 qui-

273 779 358 815 dem
389 785 454 814 aut
485 791 508 814 a
538 783 675 826 coepta
705 783 897 813 structura
937 777 1140 812 aberrandi
1169 787 1285 811 causa
1315 781 1381 810 aut
1422 776 1671 812 aberrationis

275 847 455 883 indicium
485 854 657 896 apparet.
723 848 806 884 Nec
838 853 966 882 tamen
996 859 1205 895 pronomen
1242 846 1463 881 mutandum
1497 852 1573 890 est,
1606 847 1673 882 sed

274 918 502 963 tollendum⁷
548 918 717 954 additum
748 917 898 953 incante
943 918 991 953 ab
1027 917 1174 964 aliqum
1230 916 1294 963 qui
1324 916 1531 952 subiectum
1566 917 1672 952 verbi

270 988 529 1036 impetrari
559 988 685 1024 notari
714 988 846 1026 voluit.

385 1057 480 1107 Cap.
511 1060 573 1103 48,
607 1059 628 1094 8
669 1058 724 1105 (in
754 1057 927 1093 oratione
959 1063 1200 1100 senatorum,
1243 1057 1307 1104 qui
1347 1058 1391 1095 L.
1424 1057 1540 1093 Furio
1577 1069 1673 1105 prae-

272 1129 345 1165 tori
376 1129 425 1165 ad
455 1127 766 1176 triumphandum
798 1127 1069 1176 impedimento
1099 1127 1291 1174 negabant
1308 1139 1389 1164 esse
1407 1127 1674 1175 deberequod

270 1212 347 1235 non
378 1205 598 1248 exspectato
630 1197 783 1234 consule
816 1211 901 1234 cuni
933 1197 1058 1234 Gallis
1086 1198 1326 1245 pugnasse&
1357 1197 1472 1233 Nam
1503 1197 1540 1233 si
1573 1197 1674 1233 sine

273 1270 472 1306 consule
501 1268 602 1318 geri
632 1267 755 1304 nihil
787 1268 1174 1316 oportuerinaut
1195 1273 1407 1303 senatum
1432 1279 1674 1315 peccasse,

273 1341 350 1388 qui
375 1339 641 1376 exercitum
670 1338 866 1386 praetori
898 1338 1102 1383 dederit,
1134 1338 1199 1385 (—
1234 1338 1456 1385 potuisse
1488 1337 1674 1380 enini,si

272 1424 362 1447 non
380 1409 613 1459 praetoris7
633 1407 740 1458 [ante
773 1409 835 1443 W.
851 1415 949 1444 erat:
971 1408 1009 1444 si
1039 1421 1132 1443 non
1163 1421 1260 1444 cum
1290 1407 1559 1457 p1·aetoris‚]
1592 1408 1675 1444 sed

271 1480 486 1517 consulis
516 1479 733 1515 exercitu
763 1491 857 1515 rem
888 1478 991 1527 geri
1020 1478 1242 1521 voluerit,
1274 1479 1341 1514 ita
1370 1477 1518 1514 finire
1539 1491 1674 1514 sena—

271 1558 344 1587 tus
376 1550 666 1594 consultum,
704 1562 758 1585 ne
785 1563 868 1598 per
897 1555 1177 1597 praetorem,
1208 1549 1289 1584 sed
1319 1561 1401 1597 per
1431 1548 1672 1584 consulem

272 1628 523 1670 gereretur
542 1618 607 1667 -—)
640 1626 721 1655 aut
751 1619 1004 1664 consulem,
1036 1618 1114 1666 qui
1134 1625 1203 1654 cet.
1257 1620 1425 1655 Pravam
1457 1625 1494 1654 et
1522 1618 1592 1654 toti
1621 1619 1677 1654 rei

272 1692 503 1728 contrariam
532 1702 614 1726 esse
650 1690 754 1726 illam
786 1690 1066 1726 condicionem:
1108 1689 1146 1724 si
1189 1701 1281 1724 non
1322 1689 1545 1737 praetoris
1591 1696 1674 1727 cet..

276 1761 476 1800 Creverius
505 1760 707 1804 intellexit3
740 1773 829 1796 nam
873 1760 911 1795 id
952 1760 1076 1808 ipsum
1106 1771 1182 1794 non
1213 1759 1386 1795 voluerat
1417 1759 1530 1795 modo
1565 1771 1674 1794 sena-

275 1840 356 1877 tus,
387 1832 451 1867 sed
482 1830 624 1866 sactum
657 1837 761 1874 erat,
793 1837 834 1867 ut
865 1843 940 1866 non
970 1829 1168 1878 praetoris,
1214 1830 1279 1865 scd
1309 1829 1473 1865 consulis
1505 1829 1674 1865 exercitu

271 1915 331 1938 res
362 1907 574 1950 gereretur,
614 1913 729 1948 quum
773 1901 833 1936 hic
874 1913 921 1936 ex
951 1900 1107 1936 Etruria
1135 1899 1352 1935 Ariminum
1395 1900 1443 1935 ad
1473 1906 1674 1947 praetorem

273 1972 409 2009 missus
440 1977 562 2015 esset,
592 1970 765 2018 praetoris
810 1971 928 2019 copiae
969 1970 1146 2007 Arimino
1183 1969 1220 2005 in
1250 1970 1443 2006 Etruriam
1482 1976 1673 2006 retractae:

363 2195 517 2225 dicantur
540 2194 909 2235 praesentioribus
936 2193 1088 2224 animis
1123 2198 1162 2223 et
1188 2193 1588 2232 castigationibus
1617 2203 1677 2223 re-

363 2257 437 2296 gis.
489 2255 680 2287 Sustulerat
704 2255 867 2285 mendum
890 2263 932 2284 ex
948 2254 1117 2285 uberrimo
1141 2255 1465 2286 accommodationis
1492 2256 1534 2285 ad
1559 2256 1674 2296 proxi-

362 2328 417 2348 ma
442 2317 534 2348 sonte
562 2322 672 2346 ortum
701 2316 919 2347 Gronovius:
970 2315 1224 2346 Tuebantur
1346 2317 1491 2347 urbem
1530 2326 1672 2347 arces-

363 2388 438 2419 que
464 2402 470 2408 .
499 2402 506 2409 .
541 2378 671 2408 ctiam
698 2377 1059 2418 praesentioribus
1092 2378 1273 2415 animis,
1296 2384 1333 2408 et
1360 2377 1672 2416 castigationis

363 2440 478 2479 regis
504 2439 543 2468 in
569 2439 754 2470 admissa
779 2439 908 2479 culpa
933 2444 972 2468 ct
997 2438 1123 2468 simul
1148 2439 1375 2473 minarum,
1413 2437 1540 2469 simul
1574 2448 1673 2478 pro-

362 2501 603 2532 missionum
629 2501 669 2530 in
695 2500 884 2531 futurum
913 2509 1127 2530 memores.
1177 2500 1419 2531 Praescntiores
1454 2492 1583 2529 animos
1621 2498 1672 2529 fa.-

365 2562 474 2592 cicbat
486 2561 716 2600 castigationis
731 2561 916 2601 praetcritae,
931 2561 1163 2601 minarumque
1181 2566 1213 2591 et
1225 2561 1482 2601 promissionum
1498 2560 1671 2590 memoria.

363 2622 428 2653 Sed
453 2622 524 2652 haec
551 2621 631 2652 mihi
662 2622 893 2662 exemplorum
921 2622 998 2652 loco
1024 2622 1103 2659 sint,
1125 2621 1159 2650 in
1185 2621 1249 2651 hac
1264 2630 1395 2661 quoque
1414 2622 1538 2651 decade
1565 2620 1673 2650 omitti

361 2693 382 2713 a
409 2693 459 2713 me
486 2683 603 2720 aliena,
630 2682 693 2713 nisi
719 2683 777 2713 ubi
804 2682 983 2722 singularis
1010 2692 1111 2712 causa
1135 2683 1328 2716 accesserit.
