1811 2925
767 148 810 183 21
823 147 844 183 3
1270 142 1346 177 Lib.
1372 140 1468 173 XXI.

101 273 200 309 libro
239 278 328 322 post
370 284 495 321 pauca
538 271 666 320 capita
695 266 781 320 (25,
814 269 853 317 5)
885 281 1070 306 consensu
1104 268 1328 311 damnatur,
1358 266 1515 304 ineer-

102 351 196 381 tum
229 351 316 381 ante
347 356 402 380 an
433 349 519 392 post
550 337 823 387 dubium).¹)

214 413 343 464 *Cap.
381 415 444 460 24,
478 415 512 451 3.
590 412 924 461 Quemadmodum
963 417 1068 448 reeta
1097 410 1270 447 oratione
1298 408 1515 445 necessario

103 492 170 523 aut
206 486 260 523 sic
304 486 513 534 loquimur:
560 483 791 532 Colloqui
839 481 1092 519 vobiscum
1137 481 1266 526 volo3
1314 480 1388 517 vel
1431 492 1515 516 vos

100 557 305 606 propius
340 556 564 594 accedite
603 555 679 591 vel
716 566 800 602 ego
831 553 1110 603 procedam,
1149 559 1215 589 aut
1244 552 1315 588 sic:
1345 551 1515 599 itaque

102 628 179 664 vel
208 641 293 665 vos
324 631 546 674 cet„3nemo
566 633 711 664 autem:
743 633 784 662 et
813 625 889 661 vel
918 636 1003 660 vos
1036 630 1106 660 cet.
1136 624 1238 669 dicit,
1269 623 1321 659 sic
1352 623 1389 658 in
1420 621 1515 658 obli—

104 712 181 746 qua
220 700 394 736 oratione
437 700 573 736 dicitur
612 705 694 735 aut:
740 696 955 744 colloqui
993 702 1141 732 semet
1171 718 1222 722 —
1254 694 1399 739 velle3
1441 692 1517 729 vel

103 768 196 818 ipsi
226 783 292 819 pr.
322 770 610 807 accederent
640 775 710 805 cet.
741 774 824 804 aut:
855 767 1023 815 ita-que
1056 766 1132 802 vel
1161 766 1255 815 ipsi
1286 773 1356 803 cet.
1421 763 1516 801 Tol-

103 839 257 877 lendum
289 841 405 889 igitur
437 848 502 887 et,
536 841 637 890 quod
670 848 758 889 post-
786 838 917 875 velle
951 838 1115 883 additur,
1155 844 1279 874 ortum
1305 851 1353 874 ex
1383 836 1517 873 ultima

102 911 230 948 littera
260 913 367 949 verbi
397 913 541 958 velle,
572 919 614 949 ut
643 910 733 948 alibi
773 909 976 947 interdum,
1018 909 1122 945 velut
1151 909 1318 954 XXVI,
1355 910 1416 953 12,
1452 909 1517 949 18;

105 986 228 1027 (recte
267 984 364 1020 enim
403 983 589 1020 intellexit
618 981 798 1019 Dukerus
828 992 944 1016 voces
993 980 1272 1027 lit-teraeque
1315 979 1517 1029 prolatae

103 1054 293 1101 pertinere
325 1054 374 1090 ad
405 1054 611 1091 finiendam
641 1053 808 1102 priorem
842 1052 1123 1093 narrationem,
1174 1051 1310 1087 deinde
1341 1050 1515 1099 adiungi:

128 1263 157 1306 ¹)
196 1266 359 1298 Proximo
402 1267 571 1307 superiore
608 1266 716 1307 capite
755 1265 827 1306 (18,
870 1269 910 1295 10
950 1269 983 1295 et
1026 1263 1095 1302 11),
1137 1264 1193 1295 ubi
1234 1264 1314 1295 olim
1354 1263 1519 1294 edebatur

195 1327 351 1359 foedus
377 1329 471 1365 icit,
506 1338 613 1365 nunc,
649 1328 728 1368 quia
753 1327 788 1358 in
822 1326 996 1357 codicibus
1031 1332 1080 1357 est
1105 1325 1258 1357 foedus
1292 1326 1420 1361 iecit,
1447 1326 1518 1356 edi-

197 1396 250 1421 tur
275 1390 428 1422 foedus
466 1389 586 1427 feeit,
623 1390 786 1421 retinetur
819 1394 931 1420 autem
966 1388 999 1418 in
1036 1389 1153 1420 eodem
1180 1389 1357 1419 verborum
1386 1388 1517 1419 ambitu

199 1452 328 1483 ictum
356 1458 417 1483 cst
445 1451 599 1492 (foedus)
627 1458 659 1482 et
683 1452 785 1490 icta3
828 1451 943 1481 debuit
979 1451 1085 1481 teneri
1124 1451 1224 1481 etiam
1267 1451 1345 1481 icit
1382 1450 1446 1489 vel,
1490 1450 1517 1480 si

200 1515 273 1555 quis
301 1515 438 1553 mavult,
465 1515 572 1555 ipsum
599 1514 682 1544 illud
725 1514 848 1551 iecit3
885 1513 933 1544 sic
964 1513 1053 1544 enim
1081 1513 1181 1544 huius
1207 1513 1298 1544 verbi
1332 1511 1517 1553 perfeetum

199 1577 233 1607 in
259 1578 432 1609 codicibus
459 1587 544 1618 saepe
571 1577 690 1614 scribi,
718 1577 785 1607 sive
817 1576 860 1606 ad
886 1576 1011 1606 vocalis
1036 1585 1228 1606 mensuram
1262 1574 1517 1615 significandam

201 1638 268 1669 sive
302 1648 424 1677 errore,
459 1639 621 1679 exemplis
656 1638 775 1679 positis
809 1638 941 1669 ostendi
975 1637 1099 1678 Opusc‚
1126 1637 1237 1668 Acad.
1263 1636 1297 1668 II
1321 1648 1352 1679 p.
1380 1641 1421 1668 35
1450 1642 1518 1668 not.

201 1700 286 1731 Nam
325 1701 426 1732 etiam
461 1701 494 1731 in
530 1700 616 1731 Livii
653 1700 728 1733 libr,
761 1699 902 1738 XXXI,
938 1703 956 1730 2
988 1705 1072 1730 extr.
1100 1699 1209 1730 codex
1240 1699 1361 1731 Bamb.
1394 1704 1427 1729 et
1460 1698 1517 1729 alii

201 1763 311 1793 iecit
339 1763 463 1794 habent
490 1769 523 1793 et
548 1763 621 1801 XL,
650 1766 680 1801 8,
710 1766 723 1793 1
753 1762 848 1793 multi
911 1762 1020 1794 Paulo
1044 1767 1120 1792 ante
1146 1762 1179 1792 in
1208 1762 1323 1792 eadem
1345 1760 1518 1791 foederum

203 1825 526 1856 commemoratione
547 1825 662 1856 neseio
689 1825 770 1865 quid
799 1826 921 1856 erroris
949 1824 1117 1856 obiectum
1146 1823 1188 1854 sit
1212 1823 1407 1854 hominibus
1438 1823 1519 1854 doc-

201 1888 243 1918 tis
271 1887 435 1929 (Dobreo,
458 1886 746 1924 Weissenbornio,
774 1886 950 1929 Sauppio).
1007 1886 1113 1917 Recte
1147 1885 1259 1916 omnia
1295 1885 1430 1917 habent.
1479 1885 1521 1916 In

199 1950 275 1991 ipsa
308 1949 367 1980 illa
402 1948 597 1989 quaestione,
628 1949 746 1980 iurene
780 1955 1012 1990 oppugnatum
1041 1948 1085 1979 sit
1119 1947 1333 1987 Saguntum,
1376 1945 1522 1978 Cartha-

203 2011 362 2051 giniensis
389 2016 524 2041 senator
551 2021 585 2041 se
615 2017 849 2052 separaturum
880 2011 945 2049 ait,
982 2020 1055 2050 quae
1081 2010 1229 2051 separari
1255 2008 1400 2040 Romani
1426 2007 1522 2038 volu-

202 2074 316 2110 issent,
343 2072 422 2114 quid
448 2073 586 2113 publico
613 2073 756 2104 consilio
781 2072 909 2104 factum
937 2073 999 2109 sit,
1040 2072 1119 2111 quid
1145 2082 1206 2103 sua
1231 2077 1351 2112 sponte
1376 2070 1522 2111 impera-

200 2141 290 2166 tores
316 2134 466 2172 fecerint,
502 2144 643 2175 eamque
670 2135 916 2175 separationem
945 2133 1103 2174 exemplo
1130 2134 1361 2164 Romanorum
1389 2132 1521 2163 adhibi-

202 2203 314 2227 turum
342 2198 383 2227 ad
408 2195 544 2227 foedera
568 2197 839 2238 interpretanda3
867 2195 1152 2237 quemadmodum
1180 2197 1265 2227 enim
1293 2196 1438 2227 Romani
1464 2205 1522 2226 ne-

204 2259 377 2298 gaverint,
415 2268 449 2289 se
482 2259 541 2289 illo
568 2258 705 2289 foedere
738 2259 862 2296 teneri,
902 2258 992 2298 qnod
1018 2257 1056 2288 L.
1084 2257 1241 2289 Lutatius
1268 2257 1386 2289 consul
1411 2257 1521 2298 primo

205 2330 266 2350 sua
306 2326 424 2361 sponte
463 2321 595 2358 inisset,
647 2321 694 2351 sic
737 2319 1033 2360 Carthaginienses
1071 2330 1138 2351 non
1175 2320 1278 2351 teneri
1313 2319 1448 2351 foedere
1479 2319 1521 2350 ab

204 2381 416 2413 Hasdrubale
452 2382 523 2413 sine
555 2381 691 2423 publica
726 2380 1063 2420 Carthaginiensium
1103 2382 1305 2413 auctoritate
1337 2381 1418 2418 icto,
1454 2391 1520 2422 quo

204 2444 278 2475 solo
321 2448 480 2475 caveatur
522 2443 733 2483 Saguntinis.
798 2441 1051 2474 Tantummodo
1085 2443 1415 2475 animadvertendum
1459 2448 1521 2479 est,

202 2506 402 2547 particulam
429 2505 579 2545 itaque
604 2515 671 2535 non
699 2505 740 2535 ad
763 2514 836 2535 eam
865 2504 984 2543 solam,
1012 2506 1043 2536 in
1063 2516 1130 2546 qua
1148 2506 1294 2546 ponitur,
1320 2505 1520 2535 sententiam

202 2567 379 2608 pertinere,
407 2567 466 2597 sed
491 2566 533 2596 ad
561 2571 678 2604 totam,
710 2576 783 2607 quae
809 2567 885 2597 inde
915 2567 1057 2605 ducitur,
1084 2567 1360 2608 disputationem,
1387 2567 1429 2597 de
1455 2576 1523 2608 quo

204 2637 269 2658 usu
295 2628 364 2658 dixi
391 2628 470 2659 olim
497 2628 539 2659 ad
568 2627 636 2660 Cic.
663 2628 738 2659 Fin.
770 2632 797 2659 1.
827 2632 857 2666 6,
887 2632 926 2660 18
953 2640 984 2670 p.
1012 2633 1066 2660 40.
