1811 2925
242 157 315 188 Lib,
343 156 441 187 VIII.
871 158 941 192 170

196 287 261 318 aut
290 280 427 328 saepius
461 278 562 326 apud
595 277 719 325 ipsum
749 277 904 326 legitur)
937 291 1012 314 non
1044 284 1127 314 erat.
1158 277 1338 321 dicturus,
1369 277 1507 312 nedum
1539 276 1611 312 im-

195 353 281 388 bres
321 363 463 398 eosque
507 349 710 386 continuos
756 349 901 398 campis
931 349 1118 385 inundare
1149 347 1315 392 diceret,
1361 347 1437 383 alia
1479 346 1611 383 addita

194 423 405 472 pravitate..
437 420 547 468 quasi
578 421 724 457 scribas
756 419 1006 457 Germanice:
1038 419 1098 454 die
1142 418 1426 454 fortwahrcnde
1456 419 1611 466 Regen-

194 494 357 529 schauer
386 492 518 528 stehen
550 491 619 527 auf
646 492 718 528 den
748 491 932 534 Felderm
964 503 1053 526 nam
1083 490 1225 526 imbres
1256 489 1293 524 in
1323 488 1429 524 caelo
1461 494 1497 524 et
1522 493 1611 524 aere

195 570 292 607 sunt„
322 563 359 598 in
392 563 536 611 campis
569 576 690 610 aquae.
750 560 978 609 Corrigendi
1010 560 1136 596 mendi
1165 559 1268 595 viam
1300 560 1382 596 cod.
1416 560 1457 595 M
1484 565 1611 595 osten-

194 635 260 679 dit,
291 634 328 670 in
360 646 436 682 quo
454 640 511 670 est
544 634 815 670 inundates.
867 631 1139 669 Scribidebet:
1172 630 1358 679 campis
1390 629 1612 666 omnibus

193 705 457 743 inundatis.
498 705 633 753 (Agri
663 703 884 741 inundati
915 702 1097 747 XXXV,
1130 702 1213 745 21.)

306 775 402 824 Cap.
436 777 508 821 28,
554 777 596 812 3:
640 776 685 811 L.
718 774 949 823 Papirius
993 773 1032 809 is
1063 772 1174 816 fuit3
1223 772 1297 808 cui
1329 784 1465 820 quum
1496 784 1536 808 se
1567 772 1610 811 C.

194 847 440 884 Publilius
475 869 523 873 —
558 859 727 883 nexum
768 845 1011 887 dedisset„
1054 856 1152 892 quae
1197 849 1310 879 aetas
1358 843 1611 890 formaque

194 918 583 954 misericordiam
615 917 792 953 elicere
823 921 1020 965 poterat
1043 914 1166 960 (nt?)‚
1200 915 1254 951 ad
1275 914 1537 951 libidinem
1568 919 1615 950 et

194 989 534 1026 contumeliam
567 989 770 1024 animum
802 986 1160 1029 accenderunt;
1193 984 1272 1035 [ut]
1304 985 1475 1022 floren]
1507 990 1612 1020 aeta-

194 1061 254 1097 tis
293 1061 394 1097 eius
433 1059 642 1095 fructum
681 1057 1013 1095 adventicium
1061 1056 1235 1092 crediti
1281 1063 1417 1093 ratus
1458 1055 1611 1104 primo

193 1131 437 1180 perlicere
481 1131 840 1166 adolescentem
884 1140 1106 1164 sermone
1150 1128 1336 1164 incesto
1375 1133 1446 1163 est
1475 1139 1612 1162 cona-

194 1208 267 1238 tus
301 1208 370 1239 cet.
430 1201 577 1237 Notavi
608 1213 770 1245 vocem,
813 1212 897 1246 quae
938 1198 1109 1234 tollenda
1146 1204 1223 1242 est,
1263 1204 1348 1234 orta
1385 1210 1433 1233 ex
1470 1196 1612 1233 ultimis

193 1272 327 1308 litteris
367 1271 475 1308 verbi
516 1271 841 1307 accenderunt
871 1269 1212 1317 (quemadmodum
1243 1269 1322 1314 IV,
1356 1270 1401 1312 2,
1435 1267 1487 1316 4).
1551 1268 1616 1305 Ut

194 1349 327 1378 ratus
358 1354 429 1390 pro
472 1348 606 1377 ratus
651 1345 716 1389 (ut
747 1341 829 1388 qui
860 1341 1070 1388 putaret)
1114 1339 1294 1375 Latinum
1326 1351 1400 1374 non
1433 1344 1507 1381 est3
1550 1350 1613 1373 su-

194 1412 363 1460 periores
418 1412 583 1448 editores
632 1409 742 1461 (ante
783 1410 1088 1455 Alschefskium)
1131 1410 1406 1445 substituerunt
1438 1414 1497 1450 et3
1545 1407 1612 1443 sed

194 1482 312 1518 multo
343 1482 481 1518 rectius
512 1483 592 1519 sine
622 1482 812 1531 particula
842 1481 1014 1517 narratio
1065 1481 1300 1529 singulorum
1343 1479 1528 1515 universae
1558 1478 1613 1514 rei

193 1552 463 1602 significationi
494 1554 569 1596 (ad
600 1553 737 1589 libid.
770 1565 838 1588 an.
870 1551 1081 1597 aceend.)
1116 1551 1347 1599 adiungitur.

304 1624 399 1673 Cap.
430 1625 493 1667 29,
535 1625 598 1660 13:
630 1624 890 1659 Postremo
935 1623 1003 1665 (D.
1038 1622 1172 1658 Iunius
1214 1622 1358 1657 Brutus
1398 1619 1531 1656 consul
1579 1632 1614 1655 a.

195 1696 271 1732 325
304 1708 338 1731 a.
371 1694 462 1734 Chr.
493 1694 635 1730 bellum
665 1694 702 1729 in
734 1693 906 1730 Vestinis
937 1694 1094 1742 gerens)
1126 1692 1305 1741 oppida
1343 1704 1367 1738 q
1381 1702 1537 1738 noque
1566 1689 1611 1725 vi

194 1778 478 1814 oppugnare
514 1765 716 1801 adortus
750 1764 902 1812 primo
935 1763 1163 1800 Cutinam
1208 1761 1395 1811 ingenti
1439 1761 1612 1797 ardore

192 1836 393 1871 militum
429 1841 510 1870 aut
540 1836 791 1872 vulnerum
820 1835 906 1879 ira,
930 1835 1054 1882 quod
1076 1835 1201 1870 haud
1231 1834 1331 1870 fere
1353 1832 1611 1880 quisquam

192 1906 385 1954 integer
423 1905 616 1953 proelio
667 1905 798 1953 (paulo
831 1912 919 1941 ante
950 1905 1072 1951 facto)
1105 1909 1407 1943 excesserat,
1458 1901 1610 1937 scalis

194 1976 334 2024 cepit.
395 1976 498 2012 Mira
528 1982 585 2012 est
614 1977 695 2012 haec
726 1976 953 2024 compositio
1002 1988 1045 2011 ac
1077 1975 1258 2011 diiunctio
1303 1973 1503 2016 (ardore
1533 1971 1609 2007 mi-

192 2047 329 2082 litum
362 2054 442 2082 aut
486 2046 745 2082 vulnerum
790 2046 897 2089 ira)„
944 2046 1055 2094 quasi
1093 2045 1258 2081 dubitari
1307 2042 1451 2091 possit.
1482 2048 1609 2078 utrum

193 2116 307 2153 fuerit
323 2123 360 2153 et
395 2116 506 2164 quasi
537 2116 796 2153 vulnerum
834 2117 905 2152 ira
926 2130 948 2152 a
976 2116 1213 2152 militibus
1244 2115 1416 2151 seiuncta
1446 2113 1510 2156 sit;
1542 2113 1610 2149 mi-

192 2200 288 2229 rum,
321 2186 465 2235 ingenti
488 2187 686 2223 vulnerum
718 2188 775 2223 ira
809 2188 893 2235 capi
924 2188 1069 2223 urbem.
1109 2186 1360 2234 Perspicuum
1381 2191 1448 2226 est,
1477 2185 1609 2220 urbem

193 2257 305 2292 scalis
336 2262 489 2304 captam
513 2257 586 2293 dici
616 2257 761 2305 ingenti
785 2258 944 2294 militum
977 2258 1127 2301 ardore‚
1161 2270 1245 2293 eum
1280 2264 1407 2292 autem
1432 2256 1608 2291 ardorem

193 2340 241 2363 ex
270 2327 470 2362 vulnerum
500 2327 559 2362 ira
591 2334 729 2364 ortum„
797 2329 935 2376 Itaque
980 2328 1186 2376 scripserat
1232 2326 1382 2363 Livius:
1425 2325 1609 2374 ingenti

194 2398 366 2434 ardore
409 2397 611 2433 militum
664 2411 687 2434 a
724 2398 974 2434 vulnerum
1008 2399 1108 2441 ira,
1151 2410 1219 2433 suo
1250 2397 1314 2433 illo
1362 2396 1603 2445 praepositio-

191 2468 249 2504 nis
283 2469 338 2503 ab
369 2481 452 2512 usu,
486 2480 562 2515 quo
594 2467 640 2503 de
671 2481 788 2504 causa
819 2476 855 2504 et
886 2469 1031 2517 origine
1061 2467 1226 2515 ponitur.
1293 2467 1492 2504 Simillime
1514 2467 1610 2503 dixit

194 2539 356 2583 XXIV,
389 2540 452 2582 30,
488 2540 526 2573 1:
559 2539 821 2574 Marcellus
848 2560 891 2564 -ψ
926 2544 1061 2574 tanto
1094 2538 1270 2573 ardore
1300 2536 1502 2573 militum
1538 2544 1610 2573 est

194 2621 302 2644 usus
334 2609 392 2644 ab
425 2609 506 2644 ira
534 2609 661 2645 inter
695 2609 1008 2645 condiciones
1043 2608 1180 2657 pacis
1210 2606 1485 2643 interfectae
1511 2613 1608 2643 sta-

191 2677 352 2720 tionis,
383 2684 429 2714 ut
454 2699 497 2704 —-
519 2685 587 2717 etc.
642 2680 704 2716 Ex
731 2679 1011 2715 auulnerum
1046 2678 1159 2714 facile
1183 2684 1306 2713 ortum
1332 2684 1387 2714 est
1419 2684 1531 2715 autu
1544 2679 1607 2714 ul-

192 2760 215 2782 n
226 2761 303 2784 eru
316 2761 365 2787 m.
