1811 2925
865 114 914 150 32

185 245 224 282 in
253 244 332 281 MP
369 240 591 279 exciderunt
632 242 791 286 propter
837 234 1056 283 segniter
1094 235 1153 272 bis
1189 234 1356 284 positum
1397 233 1526 277 (etiam
1560 233 1597 270 in

188 316 285 354 Lov.
304 315 326 350 2
346 318 383 349 et
405 311 489 348 cdd.
505 308 733 357 quibusdam
763 303 985 353 veteribus),
1010 305 1049 341 in
1067 306 1124 342 L1
1145 305 1356 354 ceterisque
1385 309 1599 341 servant-ur.

187 386 233 422 In
253 385 303 429 V,
339 385 399 427 15,
437 383 478 417 ll
514 379 617 416 solus
645 377 788 414 HarLl
822 388 907 411 cum
938 381 1048 423 parte
1078 376 1308 413 deteriorum
1341 375 1414 424 (Ll
1444 381 1481 411 et
1502 375 1602 411 inter

188 455 394 493 deteriores
414 453 563 494 Lov.1,
595 452 631 495 3,
665 451 700 494 4,
734 446 928 482 Vossiano
960 451 1123 494 utroque
1153 459 1239 483 cum
1268 447 1346 483 MP
1377 446 1601 494 conspiran-

189 524 306 573 tibus)
334 520 591 559 necessariam
619 518 863 567 negationem
889 522 990 552 tenet
1012 517 1315 563 (deserturos
1344 530 1435 553 non
1466 516 1601 565 esse),

189 598 227 634 in
256 597 307 637 V,
344 595 402 638 18,
436 595 455 629 7
489 590 592 627 501115
623 589 730 625 Leid.
766 591 779 623 1
818 587 903 634 (etsi
932 587 970 623 in
1000 587 1084 635 ipso
1115 600 1207 636 prae
1220 587 1437 624 citavere
1467 587 1601 624 scribi-

189 666 266 714 tur)
298 677 384 700 eum
414 675 490 699 uno
522 668 559 698 et
589 661 710 696 altero
737 665 924 707 praeterea
956 659 1147 707 (Portug.,
1177 658 1343 694 Haverc.
1374 671 1394 694 e
1424 657 1602 694 Draken-

189 734 430 778 borehianiS,
468 732 617 769 duobus
647 730 825 777 Hearnii)
860 734 961 765 recte
990 729 1122 765 habet:
1152 728 1528 777 praecipitavere
1557 728 1603 764 in

188 805 419 849 insidias,
467 801 581 839 ceteri
620 800 997 850 praecipitavere
1038 812 1085 836 se
1128 800 1175 836 in
1218 799 1441 843 insidias,
1488 799 1604 846 quod,

191 876 340 914 etiamsi
370 874 601 911 concedatur
634 872 709 908 dici
737 871 1043 920 praecipitari
1080 871 1124 907 in
1161 869 1387 913 insidias,
1429 869 1495 917 qui
1522 869 1605 917 ipse

189 948 334 985 incidat,
365 946 458 994 (non
489 944 562 980 dici
594 950 740 987 autem,
782 942 986 990 disputabo
1018 942 1066 977 ad
1096 942 1190 987 VII,
1223 944 1258 983 6,
1291 942 1357 983 9),
1399 938 1604 976 manifesto

190 1019 370 1055 vitiosum
404 1021 477 1059 est3
527 1015 580 1051 sic
611 1014 710 1050 enim
741 1014 896 1057 dieitur,
946 1012 1055 1060 quasi
1097 1011 1238 1048 tribuni
1271 1011 1432 1047 militum
1463 1023 1503 1047 se
1532 1010 1606 1059 ipsi

191 1091 283 1126 data
313 1100 432 1136 opera
461 1086 498 1121 in
528 1085 685 1121 insidias
710 1084 951 1121 coniecerint.
1012 1084 1057 1119 In
1087 1095 1163 1119 uno
1194 1088 1231 1118 et
1261 1082 1381 1118 altero
1410 1082 1497 1117 1000
1522 1093 1604 1117 cor·
1646 1078 1652 1088 '

191 1161 311 1198 rectio
340 1158 434 1195 felix
468 1155 641 1192 adhibita
672 1167 754 1191 esse
784 1161 929 1203 potest,
975 1161 1015 1190 ut
1046 1154 1095 1195 V,
1136 1155 1202 1197 15,
1238 1154 1304 1197 11,
1335 1152 1381 1187 de
1413 1164 1488 1199 quo
1518 1151 1605 1188 loco

193 1231 295 1276 dixi,
340 1236 377 1266 et
405 1229 488 1272 III,
530 1228 577 1263 37
597 1254 606 1272 ,
646 1228 666 1262 5
683 1253 692 1271 ,
736 1225 801 1261 ubi
844 1226 881 1261 in
926 1226 988 1261 Hi
1040 1229 1076 1259 et
1105 1235 1180 1259 uno
1210 1222 1473 1270 Portugallico
1504 1228 1607 1258 recte

192 1302 390 1340 scribitur:
434 1299 479 1335 id
522 1296 658 1332 modo
702 1296 871 1344 plebes
916 1295 1156 1344 agitabat,
1203 1294 1241 1329 in
1271 1294 1324 1329 Ll
1360 1293 1523 1341 plebe,
1568 1293 1608 1329 in

192 1374 327 1410 ceteris
357 1372 559 1421 plebem3
590 1368 627 1404 in
658 1368 701 1403 M
736 1368 856 1403 verba
885 1367 1056 1415 plebes
1088 1365 1313 1413 agitabat
1343 1376 1435 1412 quo
1466 1364 1607 1400 modo

194 1443 417 1479 exciderunt
435 1445 593 1489 propter
612 1438 746 1474 modo
773 1438 831 1474 bis
854 1438 1032 1486 positum.
1083 1435 1265 1482 (Scelus
1297 1435 1396 1471 enim
1430 1442 1466 1471 et
1496 1447 1609 1470 cura

194 1514 386 1563 agit-are
421 1510 634 1557 aliquem
663 1514 807 1557 potest,
846 1508 891 1544 id
923 1521 991 1543 1116
1021 1506 1196 1554 agitat,
1234 1518 1433 1554 quonam
1471 1506 1607 1541 modo

194 1584 433 1627 efficiam,
462 1580 643 1617 Latinum
674 1591 751 1615 non
782 1578 864 1626 est.)
879 1575 911 1626 3)
973 1576 1070 1614 Cum
1090 1576 1268 1612 Leidensi
1293 1576 1419 1624 priore
1441 1576 1608 1612 maxime

219 1799 252 1843 3)
289 1802 330 1832 In
366 1800 454 1831 libro
494 1797 574 1834 VII,
609 1798 663 1834 37,
701 1799 720 1826 2
758 1795 815 1825 ubi
850 1794 884 1823 in
917 1792 983 1823 MP
1010 1791 1283 1831 deteriorumque
1318 1791 1419 1831 longe
1456 1791 1610 1831 pluribus

291 1862 447 1894 scribitur
472 1863 686 1889 constanter:
724 1855 920 1895 singulis
953 1854 1086 1885 bubus
1118 1853 1321 1892 binisque
1359 1852 1540 1889 tunicis,
1576 1852 1612 1882 in

291 1934 354 1965 qua
392 1922 556 1962 scriptura
593 1919 676 1949 nihil
713 1918 938 1954 desideratur,
984 1917 1032 1947 Ll
1067 1915 1138 1953 Hl,
1181 1915 1349 1944 adiunctis
1383 1914 1485 1946 Voss.
1524 1917 1542 1944 2
1579 1919 1611 1944 et

290 1986 376 2016 Lov.
393 1982 581 2017 3,habent:
609 1980 791 2020 singulis
816 1979 951 2009 bubus
977 1977 1198 2018 privisque
1216 1976 1418 2015 binisque
1437 1975 1610 2013 tunicis,

292 2047 409 2086 fragm.
436 2044 521 2076 Hav.
548 2042 685 2084 privis
721 2041 928 2081 binisque
965 2040 1067 2081 (unde
1096 2039 1171 2069 edd.
1198 2044 1277 2069 vett.
1309 2038 1461 2079 quaedam
1493 2037 1612 2078 prius

292 2106 527 2148 binisque);
552 2105 587 2134 in
612 2104 765 2143 margine
788 2102 816 2132 P
847 2104 1027 2133 adnotatur
1051 2101 1276 2142 privisque
1304 2099 1474 2130 tunicis.
1523 2099 1613 2130 Hine,

292 2169 452 2201 Gelenius
480 2166 605 2198 fecerat
630 2165 832 2204 binisque
857 2164 993 2204 privis
1019 2163 1200 2201 tunicis,
1239 2163 1357 2193 ordine
1380 2166 1522 2199 mutato,
1554 2171 1612 2192 vo-

271 2231 418 2279 'cabulo
455 2228 586 2271 privis
625 2227 789 2257 inutiliter
822 2231 853 2256 et
888 2225 1004 2256 vitiose
1041 2225 1242 2255 abundante.
1292 2223 1369 2254 Non
1404 2223 1523 2254 melius
1551 2223 1614 2254 Al-

294 2292 482 2324 schefskius
513 2289 644 2329 scripsit
671 2287 858 2328 singulis
891 2287 1030 2317 bubus
1063 2287 1282 2327 privisque
1316 2285 1499 2321 tunicis,
1534 2284 1614 2314 ridi-

295 2354 371 2385 cula
396 2362 532 2394 prorsus
559 2351 772 2391 copulatione
798 2349 914 2380 usitati
939 2348 1095 2378 vocabuli
1122 2354 1155 2378 et
1180 2347 1317 2388 antiqui,
1351 2352 1388 2377 ut
1413 2347 1517 2377 boves
1545 2346 1613 2377 sin-

295 2416 365 2456 guli
392 2419 512 2451 essent,
539 2413 661 2444 111111οω
678 2418 790 2442 autem
808 2412 920 2452 privae,
947 2411 1011 2441 hoc.
1030 2416 1090 2448 est,
1114 2409 1264 2448 singulm.
1314 2408 1347 2439 Si
1368 2408 1446 2448 quid
1466 2407 1614 2438 efficien—

295 2478 374 2508 dum
401 2482 491 2508 esset
516 2485 557 2506 ex
576 2475 633 2505 illa
660 2474 838 2515 scriptura,
867 2478 957 2503 recte
973 2471 1264 2503 Weissenbornius
1283 2470 1375 2507 vidit,
1401 2469 1613 2501 scribendum

296 2548 367 2570 esse
396 2538 537 2568 bubus
562 2537 696 2578 privis
722 2536 932 2574 binisque
958 2534 1142 2571 tunicis,
1182 2538 1218 2562 ut
1244 2532 1434 2571 singulis
1465 2531 1614 2570 adscrip—

295 2605 368 2631 turn
393 2600 428 2630 iu
455 2599 570 2630 codice
596 2599 781 2638 archetypo
806 2601 981 2638 putaretur
1006 2596 1047 2626 ad
1072 2594 1203 2635 privis
1230 2592 1516 2632 describendoque
1531 2590 1615 2621 inM

296 2660 324 2691 P
351 2665 603 2701 ceterorumque
629 2660 723 2691 fonte
749 2658 976 2690 substitutum.
1032 2656 1099 2688 Sed
1124 2665 1232 2695 neque
1258 2654 1327 2685 ullo
1364 2653 1466 2684 modo
1491 2652 1615 2693 proba-
