1811 2925
195 124 269 156 Lib.
285 124 435 156 XXXII.
862 126 938 162 380

193 247 387 283 invidiae
429 259 556 289 esse,
610 247 785 283 universe
824 247 1039 284 animorum
1079 248 1258 285 alienatio
1310 248 1605 297 couciliatioque

195 318 475 354 obversabatur
504 317 702 354 scribentis
733 318 968 366 cogitationi.
1038 319 1100 354 De
1130 320 1382 368 superiorum,
1422 331 1519 367 quos
1547 319 1604 355 in-

195 387 470 436 terpolatorum
500 388 666 425 ludibria
686 389 928 437 deceperunt,
958 389 1156 426 conatibus
1185 390 1277 427 nihil
1308 391 1444 428 dicam.
1503 390 1604 427 Bek-

194 459 308 495 kerus
341 464 378 494 et
409 458 759 505 VVeissenbornius,
790 459 1083 508 interpolatione
1104 460 1267 506 sublata,
1297 461 1442 498 lacunae
1472 467 1603 498 notam

193 535 416 577 posuerunt,
446 526 511 565 ille
544 530 642 566 inter
672 530 856 566 animos
898 535 935 565 et
966 542 1124 577 quum,
1169 531 1229 568 hic
1269 532 1366 568 inter
1407 532 1603 569 amicum

194 606 231 636 et
261 601 485 644 maxime3
529 601 617 646 sed,
661 614 738 637 una
768 601 899 637 addita
928 600 1210 649 praepositione,
1248 602 1376 638 omnia
1408 603 1603 651 aptissima

194 676 281 706 sunt
314 683 383 707 nec
414 671 620 719 quicquam
653 671 863 707 desiderari
887 677 953 707 aut
974 671 1175 707 commode
1195 671 1384 721 interponi
1419 679 1558 722 potest.
1573 670 1604 720 1)

306 740 402 790 Cap.
436 743 472 787 9,
506 744 527 779 6
571 742 794 790 (postquam
837 741 970 778 Livius
1007 747 1210 788 utrumque
1240 743 1446 788 consulem,
1476 743 1606 791 prodi-

192 812 265 860 giis
297 813 525 860 procuratis,
568 812 606 848 in
637 812 856 861 provincias
885 811 1097 859 profectum
1130 812 1237 857 dixit,
1269 813 1358 850 Sex.
1389 813 1537 850 AElium
1568 814 1606 849 in

194 882 325 920 Gallia
350 883 444 919 nihil
473 883 721 920 memorabile
762 883 967 931 gessisse):
1027 883 1085 918 Et
1116 884 1162 919 T.
1190 883 1446 931 Quinctius
1484 885 1608 920 alter

194 953 363 989 consul
393 954 649 1000 maturius,
674 967 808 1002 quam
832 953 1019 1002 priores
1041 954 1180 990 soliti
1210 961 1347 991 erant
1368 955 1606 993 consules,

195 1036 217 1060 a
246 1025 528 1061 Brundusio
561 1037 698 1073 quum
742 1024 1120 1069 transmisisset,
1166 1023 1424 1074 Corcyram
1455 1026 1607 1062 tenuit

195 1100 267 1131 cet.
335 1095 486 1132 Vitiose
518 1096 674 1144 ponitur
704 1103 765 1141 et,
810 1095 921 1143 quasi
953 1094 1208 1142 significetur,
1249 1108 1316 1141 ea,
1358 1109 1443 1144 quae
1474 1097 1607 1133 Livius

197 1165 244 1200 de
278 1164 458 1212 Quinctio
489 1166 698 1202 traditurus
729 1172 796 1211 est,
828 1167 876 1202 ab
906 1166 964 1211 iis,
996 1178 1079 1213 quae
1109 1166 1155 1201 de
1176 1166 1284 1203 AElio
1312 1167 1479 1203 breviter
1507 1168 1609 1204 dicta

194 1242 301 1279 sunt,
348 1236 440 1272 nihil
481 1237 722 1285 discrepare,
767 1237 869 1285 quod
913 1249 1069 1285 prorsus
1110 1241 1243 1272 contra
1284 1243 1351 1277 cst.
1423 1237 1521 1275 Orta
1553 1246 1609 1274 est

193 1307 394 1356 particula,
425 1313 467 1343 ut
498 1321 574 1343 non
606 1321 709 1353 raro,
751 1321 798 1344 ex
828 1307 1063 1356 praenomine
1099 1307 1146 1347 T,
1184 1308 1420 1355 praecedente
1450 1321 1609 1357 praeser-

194 1378 261 1414 tim
291 1375 499 1426 gessit.‘·')

307 1448 404 1498 Cap.
451 1453 519 1493 10,
561 1452 581 1483 5
614 1448 667 1497 (in
706 1460 890 1496 responso
922 1448 1091 1497 Philippi
1122 1450 1222 1497 regis
1254 1450 1303 1486 ad
1334 1451 1529 1499 postulata
1559 1451 1607 1487 T.

198 1519 364 1567 Quinctii
385 1517 589 1567 consulis):
622 1518 670 1555 Si
702 1531 818 1567 quas
850 1526 1169 1567 quererentur
1199 1521 1318 1557 belli
1352 1521 1515 1558 clades
1546 1533 1608 1557 eae

197 1590 455 1635 civitat-es,
487 1602 589 1626 cum
623 1590 798 1637 quibus
827 1590 1059 1626 bellatum
1091 1590 1237 1636 foret,
1269 1592 1487 1633 arbitrio,
1519 1604 1609 1640 quo

198 1662 398 1707 vellent,
451 1661 759 1710 populorum,
806 1673 903 1697 cum
953 1662 1123 1709 quibus
1177 1674 1269 1710 pax
1318 1660 1514 1705 fuisset,
1561 1672 1609 1695 se

198 1744 403 1768 usurum.
473 1733 612 1779 Neque
654 1738 767 1777 recte,
812 1732 921 1779 quasi
964 1732 1075 1780 plura
1121 1732 1195 1768 sint
1237 1731 1415 1774 arbitria,
1457 1743 1525 1766 rex
1556 1743 1608 1766 se.

199 1815 275 1850 quo
307 1803 443 1845 velint,
477 1815 635 1838 usurum
675 1803 788 1848 dicit,
832 1816 955 1850 neque
993 1803 1182 1848 universe,
1229 1816 1313 1839 cum
1354 1802 1491 1849 quibus
1531 1814 1609 1849 pax

199 1872 353 1919 fuisset,
394 1874 625 1923 populorum
670 1874 828 1910 arbitrio
873 1874 926 1909 uti
967 1873 1145 1921 cuiquam
1188 1873 1225 1908 in
1271 1879 1433 1908 mentem
1480 1873 1609 1908 venire

200 1950 362 1992 poterat.
434 1944 639 1993 Optionem
680 1957 748 1980 rex
781 1944 1026 1992 querentibus
1063 1943 1156 1979 facit
1189 1942 1320 1978 arbitri
1352 1943 1525 1992 eligendi,
1557 1950 1609 1978 ut.

201 2014 306 2051 cuius
352 2015 377 2050 ii
409 2015 548 2060 velint,
588 2014 721 2063 populi
764 2014 921 2050 arbitrio
962 2026 1022 2049 res
1067 2014 1308 2062 disceptetur.
1367 2015 1505 2062 Itaque
1536 2027 1609 2050 uua

200 2084 326 2120 littera
360 2086 484 2121 minus
517 2085 650 2122 Livius
682 2085 852 2133 scripsit:
895 2084 1105 2125 arbitro,
1149 2096 1238 2131 quo
1289 2085 1488 2129 vellent,
1535 2098 1611 2133 po-

200 2155 443 2202 pulorum,
483 2169 514 2193 e.
548 2168 583 2203 q.
614 2169 651 2204 p.
684 2155 722 2201 f.,
753 2169 800 2192 se
840 2167 1049 2194 usurum,
1092 2155 1163 2190 hoc
1213 2159 1288 2192 est.
1331 2155 1489 2201 arbitro,
1536 2168 1612 2203 quo

227 2347 257 2389 1)
294 2349 375 2390 Cap.
403 2355 430 2389 l,
459 2354 476 2381 6
505 2359 565 2390 pro
591 2355 831 2389 prorogato
858 2349 1035 2389 imperio
1069 2348 1277 2390 probabilius
1305 2348 1495 2379 Gronovius
1521 2358 1614 2389 pro-

294 2418 450 2452 rogata
481 2411 660 2452 imperia
693 2411 975 2452 (praetoribus
1008 2411 1168 2451 prioris
1208 2411 1325 2449 anni)
1352 2411 1487 2451 scripsit
1512 2420 1613 2451 quam

295 2474 468 2505 Drakenb.
496 2479 781 2513 prorogatum
810 2473 1043 2513 imperium.
1086 2471 1216 2503 Plurali
1241 2482 1380 2504 numero
1414 2473 1447 2502 in
1472 2473 1536 2503 hac
1562 2471 1615 2502 lo-

296 2535 419 2576 quendi
446 2534 553 2565 forma.
579 2535 681 2565 utitur
708 2535 821 2565 Livius
847 2534 987 2571 XXIV,
1022 2537 1083 2572 44,
1117 2534 1293 2571 XXVIII,
1323 2538 1385 2572 45,
1414 2533 1529 2571 XXX,
1557 2534 1612 2563 27.

228 2592 261 2636 ἦ)
302 2597 386 2637 Cap.
413 2600 443 2635 8,
472 2597 488 2626 7
517 2606 534 2626 e
554 2596 581 2626 B
601 2597 787 2637 ceterisque
814 2597 910 2627 codd.
938 2597 1177 2627 restituendum
1206 2597 1373 2627 socium
1399 2600 1438 2625 ct
1463 2594 1615 2625 Latini

298 2658 482 2689 nominis
510 2658 603 2698 (pro:
630 2659 790 2689 socium
820 2658 911 2689 Lat.
939 2659 999 2698 n.).
