1811 2925
865 126 884 160 4
895 127 915 159 5
923 126 943 160 5
1352 121 1429 154 Lib.
1449 121 1615 152 XXXIX.

197 256 319 293 tate,
348 259 441 283 non
472 247 518 283 vi
550 253 694 294 atque
726 247 871 283 armis
906 245 1066 283 coacti
1097 257 1200 282 cum
1231 245 1412 282 AEtolis
1443 251 1617 280 essent.

197 320 258 356 Ne
312 317 567 366 grammatica
615 316 767 364 quidem
818 317 918 353 ratio
967 317 1003 352 in
1060 315 1165 351 edita
1216 315 1406 363 scriptura
1450 320 1619 355 constat;

199 390 403 438 oportebat
433 388 530 424 enim
578 387 670 424 dici:
713 394 867 423 utrum
906 385 1256 423 Thessalorum
1287 385 1430 428 iuris,
1478 396 1618 432 quum

197 461 240 496 vi
273 459 609 496 adimerentur
658 485 750 501 ...,
787 452 1062 505 fuissent,¹)
1123 455 1257 492 Livius
1300 455 1354 491 sic
1396 454 1619 502 scripserat:

198 538 372 572 utrum,
405 528 756 566 Thessalorum
787 528 910 564 iuris
942 539 1083 576 quum
1114 524 1332 576 [essentq
1356 524 1401 560 vi
1433 525 1619 573 ademp—

197 608 251 638 tae
280 612 619 650 possessaeque
662 599 717 634 ab
759 597 940 634 AEtolis
965 592 1147 634 ‘forent
1315 608 1370 631 an
1400 594 1621 631 AEtolica

198 671 475 719 antiquitus
506 683 558 705 ea
591 669 771 718 opp-ida
801 668 1023 705 fuissent.
1082 668 1174 704 Non
1200 667 1393 703 intellecta
1413 666 1619 702 verborum

198 741 442 785 cohaerentia,
474 746 637 777 essent.
668 739 850 775 omissum
884 745 939 775 est
972 744 1130 787 propter
1160 737 1336 774 forent.
1396 737 1443 774 Id
1477 737 1618 785 ageba²

197 822 270 854 tur,
300 818 426 848 utrum
457 823 594 859 reapse
631 810 906 847 Thessalorum
948 809 1092 857 oppida
1128 814 1255 845 essent
1286 814 1322 844 et
1352 807 1620 844 tantummodo

196 884 233 920 vi
265 884 314 919 ab
344 882 490 919 AEtolis
520 893 700 930 possessa
740 891 786 915 an
818 891 909 914 vere
941 878 1128 917 AEtolica.

311 953 407 1002 Cap,
441 954 506 995 28,
539 955 560 988 6
586 952 641 998 (in
662 949 834 998 Philippi
856 949 958 997 apud
993 948 1144 996 legatos
1180 950 1380 985 Romanos
1411 948 1620 995 oratione):

232 1053 268 1063 ..
317 1030 366 1060 ut
409 1023 507 1060 tria
548 1022 682 1058 milia
720 1019 957 1056 talentum
1126 1026 1170 1055 et
1217 1031 1381 1056 omnes
1424 1018 1621 1056 Graeciae

198 1095 450 1135 civitates,
484 1105 604 1141 quas
636 1097 782 1128 antea
811 1089 1097 1135 tenuissem,
1139 1090 1460 1138 pollicentem
1491 1090 1620 1126 ultro

196 1166 496 1202 Antiochum
526 1163 572 1199 in
604 1161 870 1198 mercedem
902 1160 1171 1197 societatis
1202 1161 1288 1197 sim
1311 1166 1620 1210 aspernatus.

197 1237 316 1273 Recte
347 1243 382 1272 et
403 1248 451 1272 ex
469 1234 569 1271 Livii
591 1231 865 1269 consuetudine
894 1230 987 1280 (non
1018 1230 1233 1280 Ciceronis)
1265 1232 1404 1269 dicitur
1433 1232 1477 1268 in
1509 1244 1621 1268 mer-

197 1306 359 1342 cedem
402 1305 613 1353 aliquam
657 1315 788 1339 arma
828 1314 1004 1350 capere
1043 1303 1189 1349 (XXI,
1234 1304 1308 1347 43,
1350 1302 1409 1351 7),
1445 1304 1519 1339 hoc
1553 1310 1621 1340 est⁴

197 1377 277 1412 eius
309 1376 565 1424 adipiscendae
598 1386 737 1418 causa,
779 1373 1105 1421 quemadmodum
1139 1386 1360 1422 pugnare
1401 1373 1446 1409 in
1479 1372 1622 1410 liber-

199 1454 350 1483 tatem
390 1445 621 1482 Crotonis
669 1444 853 1493 (XXIV,
888 1445 936 1479 2.
969 1446 1035 1488 4),
1075 1444 1301 1480 occidere
1333 1443 1543 1491 aliquem
1578 1442 1623 1478 in

201 1516 515 1553 securitatem
548 1528 677 1552 suam
710 1515 815 1561 (XL,
856 1517 901 1550 15
935 1514 1062 1560 exus),
1099 1514 1250 1550 similia.
1313 1514 1479 1561 (Seneca
1508 1513 1623 1550 etiam

199 1587 344 1623 infinite
378 1587 492 1622 dixit:
536 1587 581 1622 in
623 1585 889 1621 mercedem
930 1585 1136 1621 honesta
1178 1585 1357 1630 colere,
1403 1585 1449 1620 de
1488 1583 1623 1622 Benef.

200 1658 273 1701 lv,
309 1660 341 1698 1,
378 1658 431 1706 1.)
498 1655 645 1692 Contra
677 1668 801 1703 neque
835 1662 937 1692 recte
967 1668 1092 1704 neque
1122 1655 1262 1691 usitate
1292 1656 1366 1692 dici
1397 1655 1489 1691 mihi
1518 1654 1623 1690 vide-

199 1736 260 1763 tur
301 1727 417 1763 dare
457 1727 666 1775 aliquam
713 1739 808 1762 rem
853 1726 898 1762 in
940 1726 1224 1769 mercedem,
1276 1726 1321 1761 in
1362 1725 1624 1774 praemium,

202 1797 385 1846 quoniam
419 1797 505 1846 ipsa
525 1809 586 1833 res
609 1808 754 1833 merces
775 1797 1053 1845 praemiumque
1075 1802 1144 1840 est,
1166 1796 1233 1832 sed
1264 1796 1378 1831 dare
1410 1795 1623 1842 aliquam

198 1881 294 1904 rem
327 1868 607 1905 mercedem.
673 1868 813 1915 Itaque
838 1867 912 1903 hoc
941 1867 1028 1904 loco
1059 1867 1105 1903 in
1136 1873 1262 1903 ortum
1295 1873 1389 1916 puto
1421 1879 1469 1902 ex
1498 1865 1625 1901 littera

198 1952 233 1978 m
279 1945 315 1975 et
365 1938 595 1987 praecedenti
645 1945 683 1974 et
725 1938 911 1986 sequenti.
990 1938 1068 1986 (De
1114 1940 1131 1982 ξ
1168 1940 1209 1973 11
1262 1937 1342 1973 dixi
1377 1936 1425 1972 ad
1457 1935 1526 1976 II,
1574 1936 1618 1969 51

199 2023 233 2058 p.
272 2008 352 2058 64.)

312 2078 408 2128 Cap.
457 2081 527 2120 30,
575 2083 616 2116 5:
662 2080 978 2127 regressique
1017 2081 1063 2116 in
1107 2090 1193 2115 sua
1234 2083 1398 2113 castra
1429 2073 1624 2122 (Hispani,

201 2151 265 2198 qui
309 2156 493 2199 praetores
537 2152 633 2187 duos
673 2151 873 2187 Romanos
903 2150 1050 2198 proelio
1080 2149 1272 2196 vicerant)
1306 2158 1490 2197 paucos
1521 2145 1623 2181 dies

202 2221 386 2269 quietis
418 2221 619 2257 stativis
649 2226 949 2256 manserunt.
1011 2219 1152 2267 Quieta
1173 2218 1317 2255 stativa
1342 2218 1498 2261 habent,
1530 2227 1626 2263 quos

224 2407 252 2448 ²)
289 2410 345 2440 Ex
386 2420 446 2441 eo.
494 2409 583 2450 quod
626 2415 690 2439 est:
736 2408 1055 2439 Thessalorum
1100 2408 1209 2439 iuris
1250 2406 1447 2441 fuerunt,
1499 2412 1623 2443 quum

293 2472 497 2513 adempta
524 2476 636 2504 sunt,
681 2474 770 2500 recte
794 2468 833 2499 fit
856 2467 951 2509 (post
976 2470 1160 2509 praesens):
1189 2478 1342 2510 quaero,
1369 2476 1468 2497 num
1495 2465 1624 2496 Thes-

295 2533 484 2564 salorum
512 2533 622 2563 iuris
648 2530 825 2568 fuerint,
853 2540 982 2570 quum
1008 2532 1212 2572 adempta
1233 2531 1337 2568 sint3
1366 2534 1442 2570 post
1465 2526 1623 2569 praeteriti

294 2595 454 2635 temporis
486 2594 644 2629 verbum,
683 2593 747 2624 nisi
784 2592 965 2623 admodum
1002 2592 1214 2632 negligenter
1251 2591 1401 2627 scribas,
1437 2588 1623 2631 perfectum

290 2661 368 2697 post
395 2665 445 2696 qu
455 2666 476 2686 u
486 2667 517 2687 m
531 2656 565 2686 in
580 2654 815 2696 imperfectum
835 2654 967 2685 transit.
