<?xml version="1.0" encoding="UTF-8"?>
<!DOCTYPE html PUBLIC "-//W3C//DTD XHTML 1.0 Transitional//EN"
    "http://www.w3.org/TR/xhtml1/DTD/xhtml1-transitional.dtd">
<html xmlns="http://www.w3.org/1999/xhtml" xml:lang="en" lang="en">
 <head>
  <title>
</title>
<meta http-equiv="Content-Type" content="text/html;charset=utf-8" />
  <meta name='ocr-system' content='tesseract 3.04.00' />
  <meta name='ocr-capabilities' content='ocr_page ocr_carea ocr_par ocr_line ocrx_word'/>
</head>
<body>
  <div class='ocr_page' id='page_1' title='image "./emendationeslivi00madvuoft_0623.png"; bbox 0 0 1811 2925; ppageno 0'>
   <div class='ocr_carea' id='block_1_1' title="bbox 836 165 1580 204">
    <p class='ocr_par' dir='ltr' id='par_1_1' title="bbox 836 165 1580 204">
     <span class='ocr_line' id='line_1_1' title="bbox 836 165 1580 204; baseline -0.011 0"><span class='ocrx_word' id='word_1_1' title='bbox 836 169 912 204; x_wconf 84' lang='lat'>617</span> <span class='ocrx_word' id='word_1_2' title='bbox 1369 165 1444 196; x_wconf 85' lang='lat' dir='ltr'>Lib.</span> <span class='ocrx_word' id='word_1_3' title='bbox 1472 166 1580 197; x_wconf 80' lang='lat' dir='ltr'>XLV.</span> 
     </span>
    </p>
   </div>
   <div class='ocr_carea' id='block_1_2' title="bbox 159 280 1583 2176">
    <p class='ocr_par' dir='ltr' id='par_1_2' title="bbox 166 280 1578 410">
     <span class='ocr_line' id='line_1_2' title="bbox 168 280 1578 343; baseline -0.002 -14"><span class='ocrx_word' id='word_1_4' title='bbox 168 288 257 329; x_wconf 65' lang='grc' dir='ltr'>’τῶν</span> <span class='ocrx_word' id='word_1_5' title='bbox 288 283 527 342; x_wconf 71' lang='grc' dir='ltr'>δημάρχων</span> <span class='ocrx_word' id='word_1_6' title='bbox 558 289 701 343; x_wconf 61' lang='grc' dir='ltr'><em>λέγειν</em></span> <span class='ocrx_word' id='word_1_7' title='bbox 735 282 893 334; x_wconf 76' lang='grc' dir='ltr'><em>αὐτόν,</em></span> <span class='ocrx_word' id='word_1_8' title='bbox 919 288 1015 328; x_wconf 79' lang='grc' dir='ltr'>εἴτι</span> <span class='ocrx_word' id='word_1_9' title='bbox 1033 280 1267 339; x_wconf 71' lang='grc' dir='ltr'><strong><em>βούλεται,</em></strong></span> <span class='ocrx_word' id='word_1_10' title='bbox 1291 281 1578 328; x_wconf 74' lang='grc' dir='ltr'>κελευόντων,</span> 
     </span>
     <span class='ocr_line' id='line_1_3' title="bbox 166 356 1446 410; baseline 0 -13"><span class='ocrx_word' id='word_1_11' title='bbox 166 362 321 410; x_wconf 85' lang='lat' dir='ltr'>longam</span> <span class='ocrx_word' id='word_1_12' title='bbox 353 374 532 398; x_wconf 83' lang='lat' dir='ltr'>exorsum</span> <span class='ocrx_word' id='word_1_13' title='bbox 565 361 776 397; x_wconf 83' lang='lat' dir='ltr'>orationem</span> <span class='ocrx_word' id='word_1_14' title='bbox 809 374 888 397; x_wconf 84' lang='lat' dir='ltr'>rem</span> <span class='ocrx_word' id='word_1_15' title='bbox 920 360 959 396; x_wconf 90' lang='lat' dir='ltr'>in</span> <span class='ocrx_word' id='word_1_16' title='bbox 989 364 1140 395; x_wconf 88' lang='lat' dir='ltr'>noctem</span> <span class='ocrx_word' id='word_1_17' title='bbox 1173 356 1446 407; x_wconf 76' lang='lat' dir='ltr'>extraxisse.¹)</span> 
     </span>
    </p>

    <p class='ocr_par' dir='ltr' id='par_1_3' title="bbox 159 420 1583 2176">
     <span class='ocr_line' id='line_1_4' title="bbox 278 420 1579 480; baseline -0.001 -12"><span class='ocrx_word' id='word_1_18' title='bbox 278 430 373 480; x_wconf 82' lang='lat' dir='ltr'>Cap.</span> <span class='ocrx_word' id='word_1_19' title='bbox 407 420 469 475; x_wconf 55' lang='lat'>372,</span> <span class='ocrx_word' id='word_1_20' title='bbox 502 434 523 467; x_wconf 80' lang='lat'><strong>2</strong></span> <span class='ocrx_word' id='word_1_21' title='bbox 567 432 623 480; x_wconf 92' lang='lat' dir='ltr'>(in</span> <span class='ocrx_word' id='word_1_22' title='bbox 655 431 709 468; x_wconf 87' lang='grc' dir='ltr'>Μ.</span> <span class='ocrx_word' id='word_1_23' title='bbox 741 431 891 469; x_wconf 72' lang='lat' dir='ltr'>Servilii</span> <span class='ocrx_word' id='word_1_24' title='bbox 923 430 1099 467; x_wconf 80' lang='lat' dir='ltr'>oratione</span> <span class='ocrx_word' id='word_1_25' title='bbox 1130 436 1264 466; x_wconf 79' lang='lat' dir='ltr'>contra</span> <span class='ocrx_word' id='word_1_26' title='bbox 1295 430 1377 467; x_wconf 78' lang='lat' dir='ltr'>Ser.</span> <span class='ocrx_word' id='word_1_27' title='bbox 1411 430 1579 468; x_wconf 85' lang='lat' dir='ltr'>Galbam</span> 
     </span>
     <span class='ocr_line' id='line_1_5' title="bbox 166 501 1580 550; baseline 0 -13"><span class='ocrx_word' id='word_1_28' title='bbox 166 514 236 550; x_wconf 88' lang='lat' dir='ltr'>pro</span> <span class='ocrx_word' id='word_1_29' title='bbox 283 502 476 550; x_wconf 80' lang='lat' dir='ltr'>triumpho</span> <span class='ocrx_word' id='word_1_30' title='bbox 523 503 567 539; x_wconf 84' lang='lat' dir='ltr'>L.</span> <span class='ocrx_word' id='word_1_31' title='bbox 607 502 799 548; x_wconf 81' lang='lat' dir='ltr'>AEmilii):</span> <span class='ocrx_word' id='word_1_32' title='bbox 846 501 1023 538; x_wconf 85' lang='lat' dir='ltr'>Eadem</span> <span class='ocrx_word' id='word_1_33' title='bbox 1068 501 1316 537; x_wconf 84' lang='lat' dir='ltr'>severitas</span> <span class='ocrx_word' id='word_1_34' title='bbox 1365 501 1580 550; x_wconf 72' lang='lat' dir='ltr'>imperii,</span> 
     </span>
     <span class='ocr_line' id='line_1_6' title="bbox 167 572 1580 620; baseline 0 -12"><span class='ocrx_word' id='word_1_35' title='bbox 167 585 304 620; x_wconf 88' lang='lat' dir='ltr'>quarn</span> <span class='ocrx_word' id='word_1_36' title='bbox 336 585 457 609; x_wconf 87' lang='lat' dir='ltr'>nunc</span> <span class='ocrx_word' id='word_1_37' title='bbox 488 574 705 618; x_wconf 77' lang='lat' dir='ltr'>oderunt,</span> <span class='ocrx_word' id='word_1_38' title='bbox 736 580 850 609; x_wconf 85' lang='lat' dir='ltr'>tunc</span> <span class='ocrx_word' id='word_1_39' title='bbox 881 572 979 617; x_wconf 86' lang='lat' dir='ltr'>(cod.</span> <span class='ocrx_word' id='word_1_40' title='bbox 1012 577 1070 616; x_wconf 71' lang='lat' dir='ltr'>ut,</span> <span class='ocrx_word' id='word_1_41' title='bbox 1102 583 1175 610; x_wconf 85' lang='lat' dir='ltr'>scr.</span> <span class='ocrx_word' id='word_1_42' title='bbox 1212 572 1325 615; x_wconf 75' lang='lat' dir='ltr'>tum)</span> <span class='ocrx_word' id='word_1_43' title='bbox 1360 584 1439 608; x_wconf 86' lang='lat' dir='ltr'>cos</span> <span class='ocrx_word' id='word_1_44' title='bbox 1471 584 1580 608; x_wconf 83' lang='lat' dir='ltr'>con-</span> 
     </span>
     <span class='ocr_line' id='line_1_7' title="bbox 165 641 1580 692; baseline 0.001 -14"><span class='ocrx_word' id='word_1_45' title='bbox 165 643 324 679; x_wconf 79' lang='lat' dir='ltr'><strong>tinuit.</strong></span> <span class='ocrx_word' id='word_1_46' title='bbox 395 644 576 692; x_wconf 86' lang='lat' dir='ltr'>Itaque</span> <span class='ocrx_word' id='word_1_47' title='bbox 616 644 823 691; x_wconf 82' lang='lat' dir='ltr'>antiqua</span> <span class='ocrx_word' id='word_1_48' title='bbox 865 642 1131 690; x_wconf 75' lang='lat' dir='ltr'>disciplina</span> <span class='ocrx_word' id='word_1_49' title='bbox 1161 642 1318 678; x_wconf 85' lang='lat' dir='ltr'>habiti</span> <span class='ocrx_word' id='word_1_50' title='bbox 1359 641 1460 691; x_wconf 89' lang='lat' dir='ltr'>(cod.</span> <span class='ocrx_word' id='word_1_51' title='bbox 1490 644 1580 679; x_wconf 88' lang='lat' dir='ltr'>ha-</span> 
     </span>
     <span class='ocr_line' id='line_1_8' title="bbox 165 713 1580 762; baseline 0.001 -13"><span class='ocrx_word' id='word_1_52' title='bbox 165 713 285 759; x_wconf 81' lang='lat' dir='ltr'>bita)</span> <span class='ocrx_word' id='word_1_53' title='bbox 315 726 471 762; x_wconf 82' lang='lat' dir='ltr'>neque</span> <span class='ocrx_word' id='word_1_54' title='bbox 514 716 751 752; x_wconf 81' lang='lat' dir='ltr'>fecerunt.</span> <span class='ocrx_word' id='word_1_55' title='bbox 823 715 1030 750; x_wconf 81' lang='lat' dir='ltr'>Postrema</span> <span class='ocrx_word' id='word_1_56' title='bbox 1060 714 1141 749; x_wconf 78' lang='lat' dir='ltr'>liaec</span> <span class='ocrx_word' id='word_1_57' title='bbox 1172 725 1286 760; x_wconf 83' lang='lat' dir='ltr'>quum</span> <span class='ocrx_word' id='word_1_58' title='bbox 1319 726 1470 750; x_wconf 79' lang='lat' dir='ltr'>sensum</span> <span class='ocrx_word' id='word_1_59' title='bbox 1503 727 1580 750; x_wconf 94' lang='lat' dir='ltr'>non</span> 
     </span>
     <span class='ocr_line' id='line_1_9' title="bbox 163 784 1580 832; baseline 0.001 -12"><span class='ocrx_word' id='word_1_60' title='bbox 163 785 307 821; x_wconf 84' lang='lat' dir='ltr'>habere</span> <span class='ocrx_word' id='word_1_61' title='bbox 342 785 584 821; x_wconf 82' lang='lat' dir='ltr'>manifestum</span> <span class='ocrx_word' id='word_1_62' title='bbox 616 791 737 829; x_wconf 79' lang='lat' dir='ltr'>esset,</span> <span class='ocrx_word' id='word_1_63' title='bbox 783 784 1015 820; x_wconf 80' lang='lat' dir='ltr'>recentiores</span> <span class='ocrx_word' id='word_1_64' title='bbox 1055 784 1203 820; x_wconf 84' lang='lat' dir='ltr'>lacunae</span> <span class='ocrx_word' id='word_1_65' title='bbox 1243 784 1353 832; x_wconf 78' lang='lat' dir='ltr'>signa</span> <span class='ocrx_word' id='word_1_66' title='bbox 1383 791 1471 820; x_wconf 87' lang='lat' dir='ltr'>ante</span> <span class='ocrx_word' id='word_1_67' title='bbox 1500 797 1580 821; x_wconf 87' lang='lat' dir='ltr'>ne-</span> 
     </span>
     <span class='ocr_line' id='line_1_10' title="bbox 164 855 1580 904; baseline 0.002 -14"><span class='ocrx_word' id='word_1_68' title='bbox 164 868 255 903; x_wconf 84' lang='lat' dir='ltr'>que</span> <span class='ocrx_word' id='word_1_69' title='bbox 285 863 506 904; x_wconf 85' lang='lat' dir='ltr'>posuerunt.</span> <span class='ocrx_word' id='word_1_70' title='bbox 567 856 817 894; x_wconf 80' lang='lat' dir='ltr'>Scribendum</span> <span class='ocrx_word' id='word_1_71' title='bbox 850 862 953 892; x_wconf 84' lang='lat' dir='ltr'>orat:</span> <span class='ocrx_word' id='word_1_72' title='bbox 996 855 1171 902; x_wconf 86' lang='lat' dir='ltr'>Itaque</span> <span class='ocrx_word' id='word_1_73' title='bbox 1205 855 1409 903; x_wconf 83' lang='lat' dir='ltr'>antiqua</span> <span class='ocrx_word' id='word_1_74' title='bbox 1439 856 1580 893; x_wconf 88' lang='lat' dir='ltr'>disci-</span> 
     </span>
     <span class='ocr_line' id='line_1_11' title="bbox 163 925 1577 980; baseline 0.001 -19"><span class='ocrx_word' id='word_1_75' title='bbox 163 925 296 973; x_wconf 86' lang='lat' dir='ltr'>plina</span> <span class='ocrx_word' id='word_1_76' title='bbox 327 927 481 963; x_wconf 82' lang='lat' dir='ltr'>habiti</span> <span class='ocrx_word' id='word_1_77' title='bbox 513 929 838 980; x_wconf 73' lang='lat' dir='ltr'>quieverunt,</span> <span class='ocrx_word' id='word_1_78' title='bbox 870 926 1046 963; x_wconf 77' lang='lat' dir='ltr'>restituto</span> <span class='ocrx_word' id='word_1_79' title='bbox 1080 937 1124 961; x_wconf 91' lang='lat' dir='ltr'>eo</span> <span class='ocrx_word' id='word_1_80' title='bbox 1158 926 1299 969; x_wconf 71' lang='lat' dir='ltr'>verbo,</span> <span class='ocrx_word' id='word_1_81' title='bbox 1332 926 1435 973; x_wconf 88' lang='lat' dir='ltr'>quod</span> <span class='ocrx_word' id='word_1_82' title='bbox 1466 927 1514 962; x_wconf 89' lang='lat' dir='ltr'>ad</span> <span class='ocrx_word' id='word_1_83' title='bbox 1546 939 1577 963; x_wconf 87' lang='lat' dir='ltr'>c.</span> 
     </span>
     <span class='ocr_line' id='line_1_12' title="bbox 166 995 1580 1046; baseline 0.001 -14"><span class='ocrx_word' id='word_1_84' title='bbox 166 997 229 1041; x_wconf 62' lang='lat'>23,</span> <span class='ocrx_word' id='word_1_85' title='bbox 252 998 273 1032; x_wconf 88' lang='grc'>6</span> <span class='ocrx_word' id='word_1_86' title='bbox 296 997 375 1033; x_wconf 81' lang='lat' dir='ltr'>dixi</span> <span class='ocrx_word' id='word_1_87' title='bbox 408 997 519 1033; x_wconf 84' lang='lat' dir='ltr'>huius</span> <span class='ocrx_word' id='word_1_88' title='bbox 553 997 698 1033; x_wconf 85' lang='lat' dir='ltr'>librarii</span> <span class='ocrx_word' id='word_1_89' title='bbox 737 998 930 1034; x_wconf 84' lang='lat' dir='ltr'>erroribus</span> <span class='ocrx_word' id='word_1_90' title='bbox 949 996 1159 1034; x_wconf 83' lang='lat' dir='ltr'>obnoxium</span> <span class='ocrx_word' id='word_1_91' title='bbox 1174 995 1304 1032; x_wconf 76' lang='lat' dir='ltr'>fuisse.</span> <span class='ocrx_word' id='word_1_92' title='bbox 1342 996 1445 1033; x_wconf 83' lang='lat' dir='ltr'>Nam</span> <span class='ocrx_word' id='word_1_93' title='bbox 1466 999 1580 1046; x_wconf 87' lang='lat' dir='ltr'>(prae-</span> 
     </span>
     <span class='ocr_line' id='line_1_13' title="bbox 162 1066 1579 1116; baseline 0.002 -14"><span class='ocrx_word' id='word_1_94' title='bbox 162 1073 220 1103; x_wconf 84' lang='lat' dir='ltr'>ter</span> <span class='ocrx_word' id='word_1_95' title='bbox 251 1067 331 1114; x_wconf 90' lang='lat' dir='ltr'>qui</span> <span class='ocrx_word' id='word_1_96' title='bbox 364 1068 505 1104; x_wconf 86' lang='lat' dir='ltr'>hodie</span> <span class='ocrx_word' id='word_1_97' title='bbox 531 1080 634 1104; x_wconf 84' lang='lat' dir='ltr'>esse</span> <span class='ocrx_word' id='word_1_98' title='bbox 663 1081 734 1116; x_wconf 92' lang='lat' dir='ltr'>pro</span> <span class='ocrx_word' id='word_1_99' title='bbox 756 1068 897 1104; x_wconf 89' lang='lat' dir='ltr'>hodie</span> <span class='ocrx_word' id='word_1_100' title='bbox 925 1067 1117 1115; x_wconf 81' lang='lat' dir='ltr'>quiesse</span> <span class='ocrx_word' id='word_1_101' title='bbox 1138 1066 1290 1107; x_wconf 76' lang='lat' dir='ltr'>XLIV,</span> <span class='ocrx_word' id='word_1_102' title='bbox 1306 1068 1369 1112; x_wconf 72' lang='lat'>36,</span> <span class='ocrx_word' id='word_1_103' title='bbox 1392 1069 1454 1113; x_wconf 83' lang='lat'>13)</span> <span class='ocrx_word' id='word_1_104' title='bbox 1469 1069 1579 1105; x_wconf 87' lang='lat' dir='ltr'>huius</span> 
     </span>
     <span class='ocr_line' id='line_1_14' title="bbox 160 1136 1579 1187; baseline 0.001 -15"><span class='ocrx_word' id='word_1_105' title='bbox 160 1137 247 1174; x_wconf 86' lang='lat' dir='ltr'>libri</span> <span class='ocrx_word' id='word_1_106' title='bbox 267 1138 414 1181; x_wconf 76' lang='lat' dir='ltr'>c.22,4</span> <span class='ocrx_word' id='word_1_107' title='bbox 446 1151 516 1186; x_wconf 84' lang='lat' dir='ltr'>pro</span> <span class='ocrx_word' id='word_1_108' title='bbox 552 1139 849 1187; x_wconf 86' lang='lat' dir='ltr'>quieverunt</span> <span class='ocrx_word' id='word_1_109' title='bbox 879 1137 1131 1186; x_wconf 85' lang='lat' dir='ltr'>scripsitqui</span> <span class='ocrx_word' id='word_1_110' title='bbox 1161 1136 1358 1173; x_wconf 85' lang='lat' dir='ltr'>fuerunt</span> <span class='ocrx_word' id='word_1_111' title='bbox 1389 1142 1479 1174; x_wconf 86' lang='lat' dir='ltr'>etc.</span> <span class='ocrx_word' id='word_1_112' title='bbox 1514 1140 1579 1185; x_wconf 74' lang='lat'>41,</span> 
     </span>
     <span class='ocr_line' id='line_1_15' title="bbox 164 1207 1578 1256; baseline -0.002 -11"><span class='ocrx_word' id='word_1_113' title='bbox 164 1209 184 1244; x_wconf 86' lang='grc'>8</span> <span class='ocrx_word' id='word_1_114' title='bbox 215 1221 285 1256; x_wconf 88' lang='lat' dir='ltr'>pro</span> <span class='ocrx_word' id='word_1_115' title='bbox 316 1209 374 1245; x_wconf 85' lang='lat' dir='ltr'>his</span> <span class='ocrx_word' id='word_1_116' title='bbox 405 1221 458 1245; x_wconf 89' lang='lat' dir='ltr'>ne</span> <span class='ocrx_word' id='word_1_117' title='bbox 490 1209 689 1256; x_wconf 87' lang='lat' dir='ltr'>quietus</span> <span class='ocrx_word' id='word_1_118' title='bbox 722 1209 908 1256; x_wconf 84' lang='lat' dir='ltr'>quidem</span> <span class='ocrx_word' id='word_1_119' title='bbox 936 1209 1016 1244; x_wconf 81' lang='lat' dir='ltr'>haee</span> <span class='ocrx_word' id='word_1_120' title='bbox 1046 1207 1198 1256; x_wconf 80' lang='lat' dir='ltr'>scripsit</span> <span class='ocrx_word' id='word_1_121' title='bbox 1227 1212 1410 1250; x_wconf 75' lang='lat' dir='ltr'>monstra,</span> <span class='ocrx_word' id='word_1_122' title='bbox 1462 1219 1578 1254; x_wconf 87' lang='lat' dir='ltr'>quum</span> 
     </span>
     <span class='ocr_line' id='line_1_16' title="bbox 160 1278 1580 1327; baseline 0 -13"><span class='ocrx_word' id='word_1_123' title='bbox 160 1290 201 1314; x_wconf 79' lang='lat' dir='ltr'>sc</span> <span class='ocrx_word' id='word_1_124' title='bbox 240 1291 264 1314; x_wconf 92' lang='lat' dir='ltr'>a</span> <span class='ocrx_word' id='word_1_125' title='bbox 305 1279 429 1327; x_wconf 86' lang='lat' dir='ltr'>primo</span> <span class='ocrx_word' id='word_1_126' title='bbox 472 1292 600 1315; x_wconf 84' lang='lat' dir='ltr'>errore</span> <span class='ocrx_word' id='word_1_127' title='bbox 635 1292 823 1315; x_wconf 84' lang='lat' dir='ltr'>revocans</span> <span class='ocrx_word' id='word_1_128' title='bbox 854 1280 891 1315; x_wconf 90' lang='lat' dir='ltr'>in</span> <span class='ocrx_word' id='word_1_129' title='bbox 933 1292 1076 1315; x_wconf 85' lang='lat' dir='ltr'>novum</span> <span class='ocrx_word' id='word_1_130' title='bbox 1108 1279 1301 1314; x_wconf 80' lang='lat' dir='ltr'>indueret:</span> <span class='ocrx_word' id='word_1_131' title='bbox 1345 1290 1503 1325; x_wconf 83' lang='lat' dir='ltr'>neque</span> <span class='ocrx_word' id='word_1_132' title='bbox 1534 1278 1580 1314; x_wconf 90' lang='lat' dir='ltr'>ui</span> 
     </span>
     <span class='ocr_line' id='line_1_17' title="bbox 160 1348 1579 1398; baseline 0.001 -14"><span class='ocrx_word' id='word_1_133' title='bbox 160 1361 316 1397; x_wconf 85' lang='lat' dir='ltr'>neque</span> <span class='ocrx_word' id='word_1_134' title='bbox 347 1349 555 1386; x_wconf 85' lang='lat' dir='ltr'>eiusdem</span> <span class='ocrx_word' id='word_1_135' title='bbox 586 1350 789 1398; x_wconf 87' lang='lat' dir='ltr'>quidem.</span> <span class='ocrx_word' id='word_1_136' title='bbox 855 1351 957 1387; x_wconf 84' lang='lat' dir='ltr'>Nam</span> <span class='ocrx_word' id='word_1_137' title='bbox 991 1350 1124 1398; x_wconf 83' lang='lat' dir='ltr'>primae</span> <span class='ocrx_word' id='word_1_138' title='bbox 1154 1349 1289 1385; x_wconf 85' lang='lat' dir='ltr'>litterae</span> <span class='ocrx_word' id='word_1_139' title='bbox 1325 1348 1434 1395; x_wconf 87' lang='lat' dir='ltr'>(qui)</span> <span class='ocrx_word' id='word_1_140' title='bbox 1482 1348 1579 1385; x_wconf 87' lang='lat' dir='ltr'>alius</span> 
     </span>
     <span class='ocr_line' id='line_1_18' title="bbox 159 1419 1577 1469; baseline 0.001 -14"><span class='ocrx_word' id='word_1_141' title='bbox 159 1420 265 1456; x_wconf 83' lang='lat' dir='ltr'>vocis</span> <span class='ocrx_word' id='word_1_142' title='bbox 294 1420 459 1468; x_wconf 76' lang='lat' dir='ltr'>speciem</span> <span class='ocrx_word' id='word_1_143' title='bbox 493 1420 736 1458; x_wconf 77' lang='lat' dir='ltr'>obiiciebant.</span> <span class='ocrx_word' id='word_1_144' title='bbox 804 1422 942 1469; x_wconf 83' lang='lat' dir='ltr'>Itaque</span> <span class='ocrx_word' id='word_1_145' title='bbox 973 1421 1086 1457; x_wconf 81' lang='lat' dir='ltr'>etiam</span> <span class='ocrx_word' id='word_1_146' title='bbox 1121 1419 1312 1458; x_wconf 75' lang='lat' dir='ltr'>XXXV.</span> <span class='ocrx_word' id='word_1_147' title='bbox 1345 1421 1420 1464; x_wconf 73' lang='lat'>40,</span> <span class='ocrx_word' id='word_1_148' title='bbox 1453 1420 1473 1454; x_wconf 88' lang='lat'><strong>3</strong></span> <span class='ocrx_word' id='word_1_149' title='bbox 1506 1432 1577 1467; x_wconf 91' lang='lat' dir='ltr'>pro</span> 
     </span>
     <span class='ocr_line' id='line_1_19' title="bbox 163 1490 1582 1540; baseline 0 -14"><span class='ocrx_word' id='word_1_150' title='bbox 163 1490 272 1527; x_wconf 87' lang='lat' dir='ltr'>Boii</span> <span class='ocrx_word' id='word_1_151' title='bbox 306 1490 593 1538; x_wconf 84' lang='lat' dir='ltr'>quieverunt</span> <span class='ocrx_word' id='word_1_152' title='bbox 629 1491 666 1527; x_wconf 90' lang='lat' dir='ltr'>in</span> <span class='ocrx_word' id='word_1_153' title='bbox 697 1493 827 1529; x_wconf 79' lang='lat' dir='ltr'>codice</span> <span class='ocrx_word' id='word_1_154' title='bbox 850 1491 1129 1540; x_wconf 81' lang='lat' dir='ltr'>Bainbergensi</span> <span class='ocrx_word' id='word_1_155' title='bbox 1160 1491 1342 1539; x_wconf 84' lang='lat' dir='ltr'>scriptum</span> <span class='ocrx_word' id='word_1_156' title='bbox 1374 1496 1450 1527; x_wconf 82' lang='lat' dir='ltr'>est:</span> <span class='ocrx_word' id='word_1_157' title='bbox 1473 1491 1582 1527; x_wconf 87' lang='lat' dir='ltr'>Boi-</span> 
     </span>
     <span class='ocr_line' id='line_1_20' title="bbox 165 1560 1581 1609; baseline 0.002 -13"><span class='ocrx_word' id='word_1_158' title='bbox 165 1573 254 1608; x_wconf 89' lang='lat' dir='ltr'>que</span> <span class='ocrx_word' id='word_1_159' title='bbox 284 1561 350 1597; x_wconf 75' lang='lat' dir='ltr'>VI</span> <span class='ocrx_word' id='word_1_160' title='bbox 378 1560 583 1605; x_wconf 77' lang='lat' dir='ltr'>fuerunt,</span> <span class='ocrx_word' id='word_1_161' title='bbox 613 1562 652 1598; x_wconf 89' lang='lat' dir='ltr'>in</span> <span class='ocrx_word' id='word_1_162' title='bbox 682 1563 952 1599; x_wconf 83' lang='lat' dir='ltr'>deterioribus:</span> <span class='ocrx_word' id='word_1_163' title='bbox 985 1561 1191 1609; x_wconf 79' lang='lat' dir='ltr'>Boiiqui</span> <span class='ocrx_word' id='word_1_164' title='bbox 1219 1560 1436 1599; x_wconf 82' lang='lat' dir='ltr'>fuerunt.</span> <span class='ocrx_word' id='word_1_165' title='bbox 1510 1562 1581 1599; x_wconf 84' lang='lat' dir='ltr'>Se-</span> 
     </span>
     <span class='ocr_line' id='line_1_21' title="bbox 165 1631 1581 1680; baseline 0.003 -14"><span class='ocrx_word' id='word_1_166' title='bbox 165 1639 332 1679; x_wconf 84' lang='lat' dir='ltr'>quuntur</span> <span class='ocrx_word' id='word_1_167' title='bbox 365 1635 382 1676; x_wconf 72' lang='lat'>§</span> <span class='ocrx_word' id='word_1_168' title='bbox 417 1634 436 1667; x_wconf 80' lang='lat'><strong>3</strong></span> <span class='ocrx_word' id='word_1_169' title='bbox 471 1639 507 1667; x_wconf 82' lang='lat' dir='ltr'>ct</span> <span class='ocrx_word' id='word_1_170' title='bbox 538 1636 559 1669; x_wconf 75' lang='lat'>4</span> <span class='ocrx_word' id='word_1_171' title='bbox 593 1634 669 1670; x_wconf 85' lang='lat' dir='ltr'>alia</span> <span class='ocrx_word' id='word_1_172' title='bbox 699 1635 857 1670; x_wconf 83' lang='lat' dir='ltr'>menda:</span> <span class='ocrx_word' id='word_1_173' title='bbox 897 1633 993 1670; x_wconf 74' lang='lat' dir='ltr'>Ser.</span> <span class='ocrx_word' id='word_1_174' title='bbox 1040 1632 1233 1680; x_wconf 84' lang='lat' dir='ltr'>quidem</span> <span class='ocrx_word' id='word_1_175' title='bbox 1276 1631 1435 1669; x_wconf 83' lang='lat' dir='ltr'>Galba</span> <span class='ocrx_word' id='word_1_176' title='bbox 1465 1633 1503 1669; x_wconf 86' lang='lat' dir='ltr'>si</span> <span class='ocrx_word' id='word_1_177' title='bbox 1537 1634 1581 1670; x_wconf 90' lang='lat' dir='ltr'>in</span> 
     </span>
     <span class='ocr_line' id='line_1_22' title="bbox 167 1702 1582 1751; baseline 0.002 -14"><span class='ocrx_word' id='word_1_178' title='bbox 167 1702 212 1739; x_wconf 90' lang='lat' dir='ltr'>L.</span> <span class='ocrx_word' id='word_1_179' title='bbox 263 1702 419 1738; x_wconf 76' lang='lat' dir='ltr'>Paulo</span> <span class='ocrx_word' id='word_1_180' title='bbox 464 1705 743 1740; x_wconf 82' lang='lat' dir='ltr'>accusando</span> <span class='ocrx_word' id='word_1_181' title='bbox 787 1704 1071 1740; x_wconf 82' lang='lat' dir='ltr'>tirocinium</span> <span class='ocrx_word' id='word_1_182' title='bbox 1118 1716 1297 1751; x_wconf 89' lang='lat' dir='ltr'>ponere</span> <span class='ocrx_word' id='word_1_183' title='bbox 1343 1710 1387 1739; x_wconf 87' lang='lat' dir='ltr'>et</span> <span class='ocrx_word' id='word_1_184' title='bbox 1432 1704 1582 1740; x_wconf 89' lang='lat' dir='ltr'>‹locu-</span> 
     </span>
     <span class='ocr_line' id='line_1_23' title="bbox 167 1773 1581 1823; baseline 0.002 -15"><span class='ocrx_word' id='word_1_185' title='bbox 167 1781 370 1809; x_wconf 82' lang='lat' dir='ltr'>mentum</span> <span class='ocrx_word' id='word_1_186' title='bbox 402 1773 697 1820; x_wconf 77' lang='lat' dir='ltr'>eloquentiae</span> <span class='ocrx_word' id='word_1_187' title='bbox 720 1775 833 1811; x_wconf 85' lang='lat' dir='ltr'>dare</span> <span class='ocrx_word' id='word_1_188' title='bbox 868 1775 1148 1817; x_wconf 63' lang='lat' dir='ltr'>voluit,non</span> <span class='ocrx_word' id='word_1_189' title='bbox 1179 1773 1472 1823; x_wconf 85' lang='lat' dir='ltr'>triumphum</span> <span class='ocrx_word' id='word_1_190' title='bbox 1504 1775 1581 1811; x_wconf 90' lang='lat' dir='ltr'>im-</span> 
     </span>
     <span class='ocr_line' id='line_1_24' title="bbox 165 1843 1581 1892; baseline 0.004 -14"><span class='ocrx_word' id='word_1_191' title='bbox 165 1843 332 1890; x_wconf 86' lang='lat' dir='ltr'>pedire</span> <span class='ocrx_word' id='word_1_192' title='bbox 362 1843 550 1887; x_wconf 82' lang='lat' dir='ltr'>debuit,</span> <span class='ocrx_word' id='word_1_193' title='bbox 582 1857 735 1892; x_wconf 68' lang='lat' dir='ltr'>quein,</span> <span class='ocrx_word' id='word_1_194' title='bbox 767 1845 806 1881; x_wconf 84' lang='lat' dir='ltr'>si</span> <span class='ocrx_word' id='word_1_195' title='bbox 837 1844 961 1880; x_wconf 91' lang='lat' dir='ltr'>nihil</span> <span class='ocrx_word' id='word_1_196' title='bbox 995 1843 1141 1888; x_wconf 73' lang='lat' dir='ltr'>aliud,</span> <span class='ocrx_word' id='word_1_197' title='bbox 1171 1851 1374 1881; x_wconf 88' lang='lat' dir='ltr'>senatus</span> <span class='ocrx_word' id='word_1_198' title='bbox 1404 1845 1581 1883; x_wconf 88' lang='lat' dir='ltr'>iustum</span> 
     </span>
     <span class='ocr_line' id='line_1_25' title="bbox 168 1913 1582 1965; baseline 0.003 -16"><span class='ocrx_word' id='word_1_199' title='bbox 168 1925 271 1949; x_wconf 82' lang='lat' dir='ltr'>esse</span> <span class='ocrx_word' id='word_1_200' title='bbox 298 1913 632 1956; x_wconf 76' lang='lat' dir='ltr'>iudicaverat,</span> <span class='ocrx_word' id='word_1_201' title='bbox 665 1916 746 1951; x_wconf 82' lang='lat' dir='ltr'>sed</span> <span class='ocrx_word' id='word_1_202' title='bbox 780 1924 982 1964; x_wconf 84' lang='lat' dir='ltr'>postero</span> <span class='ocrx_word' id='word_1_203' title='bbox 1014 1915 1114 1959; x_wconf 65' lang='lat' dir='ltr'>die,</span> <span class='ocrx_word' id='word_1_204' title='bbox 1147 1928 1287 1964; x_wconf 77' lang='lat' dir='ltr'>quain</span> <span class='ocrx_word' id='word_1_205' title='bbox 1320 1916 1582 1965; x_wconf 83' lang='lat' dir='ltr'>triumpha-</span> 
     </span>
     <span class='ocr_line' id='line_1_26' title="bbox 166 1985 1582 2034; baseline 0.004 -15"><span class='ocrx_word' id='word_1_206' title='bbox 166 1990 259 2020; x_wconf 86' lang='lat' dir='ltr'>tum</span> <span class='ocrx_word' id='word_1_207' title='bbox 293 1991 373 2028; x_wconf 70' lang='lat' dir='ltr'>est,</span> <span class='ocrx_word' id='word_1_208' title='bbox 404 1985 648 2034; x_wconf 83' lang='lat' dir='ltr'>privatum</span> <span class='ocrx_word' id='word_1_209' title='bbox 681 1999 780 2022; x_wconf 81' lang='lat' dir='ltr'>euin</span> <span class='ocrx_word' id='word_1_210' title='bbox 812 1987 1009 2022; x_wconf 79' lang='lat' dir='ltr'>visurus</span> <span class='ocrx_word' id='word_1_211' title='bbox 1041 1993 1187 2025; x_wconf 81' lang='lat' dir='ltr'>esset.</span> <span class='ocrx_word' id='word_1_212' title='bbox 1218 1999 1389 2023; x_wconf 87' lang='lat' dir='ltr'>nomen</span> <span class='ocrx_word' id='word_1_213' title='bbox 1429 1988 1582 2025; x_wconf 88' lang='lat' dir='ltr'>defer—</span> 
     </span>
     <span class='ocr_line' id='line_1_27' title="bbox 167 2056 1580 2106; baseline 0.002 -15"><span class='ocrx_word' id='word_1_214' title='bbox 167 2062 245 2091; x_wconf 89' lang='lat' dir='ltr'>ret</span> <span class='ocrx_word' id='word_1_215' title='bbox 275 2062 318 2091; x_wconf 87' lang='lat' dir='ltr'>et</span> <span class='ocrx_word' id='word_1_216' title='bbox 346 2056 540 2104; x_wconf 83' lang='lat' dir='ltr'>legibus</span> <span class='ocrx_word' id='word_1_217' title='bbox 571 2056 924 2105; x_wconf 68' lang='lat' dir='ltr'>interrogaret,</span> <span class='ocrx_word' id='word_1_218' title='bbox 947 2064 1027 2093; x_wconf 88' lang='lat' dir='ltr'>aut</span> <span class='ocrx_word' id='word_1_219' title='bbox 1058 2058 1221 2093; x_wconf 74' lang='lat' dir='ltr'>serius</span> <span class='ocrx_word' id='word_1_220' title='bbox 1249 2058 1410 2106; x_wconf 78' lang='lat' dir='ltr'>paulo,</span> <span class='ocrx_word' id='word_1_221' title='bbox 1443 2071 1580 2106; x_wconf 89' lang='lat' dir='ltr'>quum</span> 
     </span>
     <span class='ocr_line' id='line_1_28' title="bbox 169 2125 1583 2176; baseline 0.004 -16"><span class='ocrx_word' id='word_1_222' title='bbox 169 2125 370 2172; x_wconf 79' lang='lat' dir='ltr'>primurn</span> <span class='ocrx_word' id='word_1_223' title='bbox 399 2126 725 2174; x_wconf 82' lang='lat' dir='ltr'>magistratus</span> <span class='ocrx_word' id='word_1_224' title='bbox 765 2127 869 2176; x_wconf 87' lang='lat' dir='ltr'>ipse</span> <span class='ocrx_word' id='word_1_225' title='bbox 914 2128 1156 2176; x_wconf 81' lang='lat' dir='ltr'>cepisset.</span> <span class='ocrx_word' id='word_1_226' title='bbox 1205 2129 1324 2165; x_wconf 86' lang='lat' dir='ltr'>diem</span> <span class='ocrx_word' id='word_1_227' title='bbox 1369 2129 1583 2175; x_wconf 84' lang='lat' dir='ltr'>diceret,</span> 
     </span>
    </p>
   </div>
   <div class='ocr_carea' id='block_1_3' title="bbox 168 2195 1583 2246">
    <p class='ocr_par' dir='ltr' id='par_1_4' title="bbox 168 2195 1583 2246">
     <span class='ocr_line' id='line_1_29' title="bbox 168 2195 1583 2246; baseline 0.005 -16"><span class='ocrx_word' id='word_1_228' title='bbox 168 2195 418 2231; x_wconf 85' lang='lat' dir='ltr'>inimicum</span> <span class='ocrx_word' id='word_1_229' title='bbox 449 2197 506 2232; x_wconf 86' lang='lat' dir='ltr'>ad</span> <span class='ocrx_word' id='word_1_230' title='bbox 535 2198 764 2246; x_wconf 87' lang='lat' dir='ltr'>populum</span> <span class='ocrx_word' id='word_1_231' title='bbox 796 2205 1064 2237; x_wconf 80' lang='lat' dir='ltr'>accusaret.</span> <span class='ocrx_word' id='word_1_232' title='bbox 1147 2200 1320 2236; x_wconf 84' lang='lat' dir='ltr'>Primum</span> <span class='ocrx_word' id='word_1_233' title='bbox 1362 2213 1439 2236; x_wconf 88' lang='lat' dir='ltr'>non</span> <span class='ocrx_word' id='word_1_234' title='bbox 1481 2207 1583 2237; x_wconf 82' lang='lat' dir='ltr'>recte</span> 
     </span>
    </p>
   </div>
   <div class='ocr_carea' id='block_1_4' title="bbox 197 2386 1585 2729">
    <p class='ocr_par' dir='ltr' id='par_1_5' title="bbox 197 2386 1585 2729">
     <span class='ocr_line' id='line_1_30' title="bbox 197 2386 1583 2433; baseline 0.002 -13"><span class='ocrx_word' id='word_1_235' title='bbox 197 2386 227 2425; x_wconf 73' lang='lat'>¹)</span> <span class='ocrx_word' id='word_1_236' title='bbox 270 2390 287 2427; x_wconf 69' lang='grc' dir='ltr'>ἓ</span> <span class='ocrx_word' id='word_1_237' title='bbox 315 2393 333 2420; x_wconf 82' lang='grc'>8</span> <span class='ocrx_word' id='word_1_238' title='bbox 362 2390 565 2420; x_wconf 80' lang='lat' dir='ltr'>recentiores</span> <span class='ocrx_word' id='word_1_239' title='bbox 590 2390 758 2431; x_wconf 79' lang='lat' dir='ltr'>integram</span> <span class='ocrx_word' id='word_1_240' title='bbox 780 2391 940 2422; x_wconf 81' lang='lat' dir='ltr'>Gronovii</span> <span class='ocrx_word' id='word_1_241' title='bbox 969 2392 1199 2423; x_wconf 75' lang='lat' dir='ltr'>coniecturam</span> <span class='ocrx_word' id='word_1_242' title='bbox 1227 2392 1375 2433; x_wconf 84' lang='lat' dir='ltr'>recipere</span> <span class='ocrx_word' id='word_1_243' title='bbox 1396 2392 1583 2423; x_wconf 84' lang='lat' dir='ltr'>debuerant</span> 
     </span>
     <span class='ocr_line' id='line_1_31' title="bbox 266 2452 1584 2494; baseline 0.004 -13"><span class='ocrx_word' id='word_1_244' title='bbox 266 2452 363 2491; x_wconf 85' lang='lat' dir='ltr'>(iam</span> <span class='ocrx_word' id='word_1_245' title='bbox 398 2461 506 2481; x_wconf 87' lang='lat' dir='ltr'>nunc</span> <span class='ocrx_word' id='word_1_246' title='bbox 543 2452 671 2484; x_wconf 84' lang='lat' dir='ltr'>nimis</span> <span class='ocrx_word' id='word_1_247' title='bbox 698 2462 808 2492; x_wconf 83' lang='lat' dir='ltr'>saepc</span> <span class='ocrx_word' id='word_1_248' title='bbox 834 2453 1079 2485; x_wconf 89' lang='lat' dir='ltr'>ambitione</span> <span class='ocrx_word' id='word_1_249' title='bbox 1111 2454 1324 2494; x_wconf 85' lang='lat' dir='ltr'>peccari);</span> <span class='ocrx_word' id='word_1_250' title='bbox 1351 2456 1477 2486; x_wconf 82' lang='lat' dir='ltr'>omisso</span> <span class='ocrx_word' id='word_1_251' title='bbox 1503 2455 1584 2486; x_wconf 88' lang='lat' dir='ltr'>iam</span> 
     </span>
     <span class='ocr_line' id='line_1_32' title="bbox 268 2513 1584 2558; baseline 0.005 -17"><span class='ocrx_word' id='word_1_252' title='bbox 268 2523 373 2554; x_wconf 81' lang='lat' dir='ltr'>prava</span> <span class='ocrx_word' id='word_1_253' title='bbox 398 2519 448 2543; x_wconf 79' lang='lat' dir='ltr'>cst</span> <span class='ocrx_word' id='word_1_254' title='bbox 474 2513 651 2542; x_wconf 71' lang='lat' dir='ltr'>sententia.</span> <span class='ocrx_word' id='word_1_255' title='bbox 712 2514 731 2552; x_wconf 64' lang='grc' dir='ltr'>ἓ</span> <span class='ocrx_word' id='word_1_256' title='bbox 762 2517 801 2545; x_wconf 88' lang='grc'>10</span> <span class='ocrx_word' id='word_1_257' title='bbox 827 2515 1187 2555; x_wconf 75' lang='lat' dir='ltr'>pronuntiarunt,</span> <span class='ocrx_word' id='word_1_258' title='bbox 1228 2517 1318 2555; x_wconf 89' lang='lat' dir='ltr'>quod</span> <span class='ocrx_word' id='word_1_259' title='bbox 1346 2517 1504 2548; x_wconf 84' lang='lat' dir='ltr'>Dukcrus</span> <span class='ocrx_word' id='word_1_260' title='bbox 1524 2527 1584 2558; x_wconf 92' lang='lat' dir='ltr'>pro</span> 
     </span>
     <span class='ocr_line' id='line_1_33' title="bbox 265 2575 1582 2620; baseline 0.003 -15"><span class='ocrx_word' id='word_1_261' title='bbox 265 2575 585 2605; x_wconf 81' lang='lat' dir='ltr'>renuntiarunt</span> <span class='ocrx_word' id='word_1_262' title='bbox 611 2575 725 2614; x_wconf 82' lang='lat' dir='ltr'>reponi</span> <span class='ocrx_word' id='word_1_263' title='bbox 753 2577 867 2613; x_wconf 80' lang='lat' dir='ltr'>iussit,</span> <span class='ocrx_word' id='word_1_264' title='bbox 906 2586 974 2607; x_wconf 88' lang='lat' dir='ltr'>non</span> <span class='ocrx_word' id='word_1_265' title='bbox 999 2578 1112 2608; x_wconf 82' lang='lat' dir='ltr'>minus</span> <span class='ocrx_word' id='word_1_266' title='bbox 1154 2584 1203 2609; x_wconf 82' lang='lat' dir='ltr'>est</span> <span class='ocrx_word' id='word_1_267' title='bbox 1229 2579 1455 2610; x_wconf 81' lang='lat' dir='ltr'>necessarium</span> <span class='ocrx_word' id='word_1_268' title='bbox 1483 2589 1582 2620; x_wconf 85' lang='lat' dir='ltr'>quam</span> 
     </span>
     <span class='ocr_line' id='line_1_34' title="bbox 268 2635 1585 2681; baseline 0.004 -15"><span class='ocrx_word' id='word_1_269' title='bbox 268 2635 395 2671; x_wconf 75' lang='lat' dir='ltr'>XLIV,</span> <span class='ocrx_word' id='word_1_270' title='bbox 422 2639 476 2671; x_wconf 74' lang='lat'>38,</span> <span class='ocrx_word' id='word_1_271' title='bbox 508 2639 546 2666; x_wconf 88' lang='lat' dir='ltr'>lo</span> <span class='ocrx_word' id='word_1_272' title='bbox 574 2645 928 2677; x_wconf 79' lang='lat' dir='ltr'>praeparaverant</span> <span class='ocrx_word' id='word_1_273' title='bbox 954 2649 1015 2679; x_wconf 84' lang='lat' dir='ltr'>pro</span> <span class='ocrx_word' id='word_1_274' title='bbox 1043 2645 1370 2680; x_wconf 79' lang='lat' dir='ltr'>reparaverant,</span> <span class='ocrx_word' id='word_1_275' title='bbox 1397 2650 1417 2670; x_wconf 84' lang='lat' dir='ltr'>a</span> <span class='ocrx_word' id='word_1_276' title='bbox 1441 2639 1585 2681; x_wconf 81' lang='lat' dir='ltr'>Nipper-</span> 
     </span>
     <span class='ocr_line' id='line_1_35' title="bbox 267 2698 653 2729; baseline 0 -1"><span class='ocrx_word' id='word_1_277' title='bbox 267 2698 342 2728; x_wconf 83' lang='lat' dir='ltr'>deio</span> <span class='ocrx_word' id='word_1_278' title='bbox 368 2698 653 2729; x_wconf 81' lang='lat' dir='ltr'>commendatum.</span> 
     </span>
    </p>
   </div>
  </div>
 </body>
</html>
