1811 2925
270 162 347 194 Lib.
362 161 443 192 VII.
897 162 972 197 156

222 285 463 329 nificatione,
494 290 535 319 ut
564 283 781 319 necessario
823 284 1076 320 communiter
1107 284 1252 333 aliquid
1283 285 1330 322 de
1368 291 1532 334 utroque
1574 285 1649 322 dici

226 358 363 393 debeat
394 367 464 392 nec
494 354 617 404 possit
646 354 724 391 ullo
756 355 873 391 modo
903 355 1093 391 sententia
1123 355 1249 392 claudi
1273 356 1479 405 singularis
1500 355 1650 392 numeri

225 429 346 465 verbo
392 426 442 462 ad
471 439 588 462 unum
633 424 846 462 Corvinum
880 425 1196 463 accommodato:
1243 428 1299 463 ad
1344 427 1646 475 colloquium

224 497 483 549 processit.
557 497 662 533 Nam
707 497 757 533 ad
794 497 896 534 hunc
927 510 1044 534 unum
1075 498 1149 534 hoc
1178 499 1394 547 pertinere,
1431 498 1649 544 ostendunt,

227 582 312 618 quae
342 568 613 606 subiiciuntur:
643 566 853 616 Cognito
885 569 925 605 ei
957 569 1201 618 extemplo
1233 575 1304 608 etc.
1369 570 1446 608 Sed
1475 569 1650 607 faciliore

226 640 411 685 remedio,
443 652 559 688 quam
591 640 738 683 credas,
768 652 830 677 res
861 641 1081 689 expeditum-3
1112 653 1201 676 nam
1220 640 1393 688 Quinctii
1424 648 1460 677 et
1490 639 1651 678 Corvini

226 712 383 749 nomina
414 710 657 759 appositione
687 710 947 759 adiunguntur
981 711 1030 747 ad
1059 711 1120 756 id,
1162 711 1266 759 quod
1307 712 1522 760 praecessit,
1564 711 1649 747 du-

227 796 331 826 cesq
364 782 435 819 etsi
466 781 556 818 huic
589 782 724 818 Livius
754 781 902 818 addidit
930 781 1021 817 iam
1053 782 1256 827 milites3
1305 783 1379 819 hoc
1429 782 1529 818 enim
1580 782 1649 818 ob—

226 860 382 892 scurato
414 853 464 889 ad
495 853 682 902 dignitate
713 853 959 902 praestantius
989 853 1139 901 reliqua
1169 854 1490 890 accommodatur
1525 853 1650 890 oratio

230 926 366 975 (multo
407 924 558 961 facilius
589 937 728 972 quam,
768 930 809 960 ut
847 925 921 960 hoc
952 930 1057 970 utar,
1105 924 1143 959 in
1174 924 1394 961 Horatiano
1431 925 1515 961 illo:
1563 936 1651 973 ego

228 997 423 1045 meique
453 996 661 1042 vescor):
683 995 966 1043 Itaqueiam
994 995 1457 1039 duces,iammilites
1481 996 1651 1032 utrim-

229 1081 318 1118 que
348 1078 646 1115 congressus
682 1079 894 1114 quaerere
941 1067 998 1102 ad
1039 1066 1318 1114 colloquia,
1361 1067 1650 1116 Quinctius,

231 1152 368 1188 quem
396 1160 462 1183 —-,
495 1136 746 1174 Corvinus
788 1150 948 1174 omnes
983 1159 1028 1164 —-
1067 1137 1361 1186 complexus.
1420 1139 1572 1176 Deinde
1603 1138 1653 1175 ad

230 1210 444 1259 orationem
475 1209 719 1245 vinciendam
759 1216 795 1246 et
826 1210 874 1246 ab
906 1215 1070 1257 utroque
1101 1210 1151 1246 ad
1182 1210 1343 1246 alterum
1374 1209 1651 1246 traducendam

231 1281 450 1317 addendum
482 1285 551 1317 est.
584 1281 688 1327 quod
721 1287 809 1329 post
841 1281 1126 1329 complexus
1159 1281 1320 1323 excidit„
1350 1281 1389 1317 is
1418 1292 1652 1329 pronomen:

230 1353 277 1389 Is
309 1352 365 1388 ad
397 1349 696 1399 colloquium
726 1352 983 1399 processit.
1059 1351 1269 1401 Cognito
1310 1352 1350 1388 ei
1382 1358 1452 1388 etc.
1512 1352 1582 1401 (X,
1619 1355 1652 1397 1,

232 1424 254 1459 9
286 1428 389 1458 recte
418 1422 457 1457 is
488 1423 677 1458 excidisse
709 1423 875 1459 creditur
906 1429 991 1471 post
1021 1422 1298 1467 Bubulcus)
1358 1423 1487 1460 Unum
1522 1428 1651 1458 tamen

228 1500 371 1536 resta13
414 1505 537 1541 neque
580 1494 680 1530 enim
708 1494 842 1530 Livius
873 1494 970 1530 dixit
1008 1506 1303 1542 congressus
1346 1507 1557 1543 quaerere
1596 1494 1653 1530 ad

228 1564 481 1612 colloquia
511 1573 582 1608 (--
616 1564 774 1601 dixisset
805 1564 966 1609 saltem,
1010 1564 1041 1600 si
1083 1565 1175 1612 quid
1205 1565 1423 1602 addendum
1467 1565 1517 1601 ad
1547 1577 1654 1601 con-

226 1649 428 1685 gressus
470 1636 706 1672 definiendus
736 1642 912 1684 putaret.
951 1637 1007 1672 ad
1040 1636 1419 1686 colloquendum
1450 1637 1545 1682 ——)‚
1586 1635 1654 1671 sed

230 1721 282 1744 ac
318 1707 593 1756 colloquia,
624 1714 664 1743 ut
696 1714 753 1743 est
782 1707 818 1743 in
852 1708 932 1752 Ll,
981 1708 1050 1744 etsi
1081 1708 1119 1743 in
1149 1707 1281 1743 codice
1315 1709 1526 1756 archetypo
1558 1707 1653 1743 alte—

227 1793 314 1815 rum
344 1779 421 1815 iam
452 1778 569 1814 fuisse
604 1778 741 1823 credo,
783 1779 918 1815 eodem
966 1779 1082 1815 modo
1113 1784 1266 1820 natum,
1310 1791 1386 1826 quo
1416 1779 1500 1819 IV,
1534 1780 1597 1823 34,
1631 1783 1653 1815 4

229 1852 284 1886 ab
316 1850 481 1898 equite
509 1850 563 1885 ad
595 1849 950 1895 centurionem,
983 1863 1100 1898 quum
1132 1850 1288 1889 esemel
1319 1850 1505 1898 scriptum
1539 1855 1652 1889 esset,

230 1921 333 1969 quod
365 1921 422 1957 bis
455 1920 670 1969 oportebat.
794 1920 943 1956 Eodem
976 1921 1100 1969 capite
1132 1923 1150 1964 ἓ
1179 1922 1199 1956 9
1241 1926 1276 1955 et
1314 1922 1358 1956 10
1393 1919 1448 1965 (in
1481 1919 1654 1955 oratione

230 1992 379 2028 Valerii
410 1991 585 2039 Corvini)
617 1991 671 2028 sic
701 1991 899 2030 scribitur:
947 1992 1129 2028 Eodem
1175 1998 1350 2027 tenore
1387 1990 1477 2026 duo
1524 1990 1654 2026 inse-

231 2069 433 2111 quentes
467 2062 753 2099 consulatus
786 2062 934 2110 gessi:
963 2063 1125 2099 eodem
1151 2064 1244 2099 haec
1266 2061 1530 2110 imperiosa
1560 2061 1654 2097 dic-

232 2141 395 2171 tatura
425 2140 635 2182 geretur,
667 2139 714 2169 ut
741 2146 893 2181 neque
923 2133 968 2169 in
999 2135 1082 2170 hos
1115 2147 1242 2170 meos
1273 2141 1317 2170 et
1341 2132 1513 2182 patriae
1544 2145 1655 2168 meae

231 2206 412 2241 milites
444 2205 607 2241 mitior
639 2217 775 2252 quam
807 2204 851 2240 in
886 2217 970 2241 vos
1003 2206 1203 2249 (horreo
1245 2205 1429 2244 dicere)
1472 2204 1652 2240 hostes.

231 2277 359 2325 Ergo
399 2289 484 2312 vos
523 2276 659 2324 prius
699 2276 744 2311 in
790 2288 857 2311 me
888 2276 1196 2313 strinxeritis
1226 2276 1405 2313 ferrum
1439 2288 1577 2323 quam
1607 2274 1654 2310 in

231 2360 323 2384 vos
355 2360 454 2396 ego.
526 2346 721 2383 Vitiosum
765 2358 848 2382 csse
881 2354 949 2391 ut,
993 2347 1173 2394 vitiosam
1205 2359 1287 2383 esse
1318 2347 1355 2382 in
1388 2347 1464 2382 his:
1496 2358 1652 2393 neque

230 2419 278 2455 in
308 2418 596 2455 hos-mitior
627 2417 737 2453 verbi
767 2417 1038 2462 omissionem,
1083 2418 1148 2454 alii
1189 2418 1264 2454 iam
1299 2417 1498 2461 viderunt,
1529 2428 1654 2463 neque

232 2490 311 2526 ulla
341 2497 398 2526 est
429 2489 651 2526 anacoluthi
683 2489 908 2533 excusatio,
952 2488 1135 2537 quoniam
1185 2500 1254 2525 nec
1299 2487 1364 2524 ubi
1393 2499 1462 2523 nee
1490 2499 1557 2523 cur
1587 2486 1654 2522 de-

230 2561 358 2597 flectat
391 2561 538 2599 oratio.
583 2568 747 2609 apparet
794 2573 863 2596 nec
909 2560 985 2596 alia
1017 2560 1280 2603 substituitur,
1310 2559 1348 2595 in
1381 2570 1497 2606 quam
1528 2564 1653 2602 exeat,

231 2632 370 2668 forma.
455 2631 530 2667 Sed
568 2631 710 2667 vitiosa
740 2638 797 2667 est
843 2632 957 2667 etiam
988 2631 1180 2680 particula
1220 2642 1352 2678 ergo;
1400 2642 1524 2677 neque
1553 2628 1654 2664 enim

230 2708 499 2751 argumentum
531 2702 795 2746 concluditur5
842 2702 909 2737 sed
941 2703 1208 2747 confirmatur,
1240 2701 1344 2749 quod
1375 2700 1421 2736 de
1453 2699 1656 2736 clementia
