1811 2925
859 111 931 148 381
1363 108 1436 140 Lib.
1454 107 1604 139 XXXII.

192 237 344 281 vellent,
377 247 424 272 ex
454 235 499 271 iis
538 234 691 283 populis
722 242 820 277 cet..
864 234 980 284 paulo
1022 232 1199 270 liberiore
1241 231 1398 281 genitivi
1436 232 1608 281 partitivi

193 306 334 357 positu,
367 305 690 354 quemadmodum
728 306 766 342 in
809 306 972 351 XXXI,
1016 306 1079 350 49,
1114 305 1150 349 9,
1191 315 1303 351 quem
1333 302 1459 338 locum
1490 314 1609 350 supra

193 376 371 416 tractavi.
447 375 611 414 Servato
660 377 895 422 arbitrio,
944 376 1059 413 scribi
1111 375 1332 424 oportebat:
1377 372 1608 417 arbitrio.

194 448 328 484 cuius
378 447 580 492 vellent,
630 448 918 495 populorum
964 454 1036 487 cet.
1117 445 1300 483 Senserat
1329 444 1367 480 id
1398 457 1446 480 ex
1479 443 1610 492 aliqua

193 524 302 568 parte
333 517 570 561 Gronovius,
599 518 665 554 sed
699 520 883 556 aberrans
916 531 1115 567 quorum
1147 516 1262 553 scribi
1291 514 1460 551 volebat.
1498 515 1609 552 Unus

194 596 277 626 erat
306 590 472 638 populus
502 589 737 637 deligendus.
810 589 872 625 De
906 589 1091 626 orationis
1136 587 1313 624 breviore
1342 584 1469 622 forma
1500 586 1609 633 (quo

194 659 383 696 vellent
415 672 455 696 se
485 660 556 707 uti)
587 659 680 695 nihil
711 673 807 708 opus
839 666 896 696 est
925 657 1055 708 dici.¹)

305 730 402 780 Cap.
437 732 501 775 21,
541 734 553 767 l
605 731 658 780 (in
690 731 871 768 Aristaeni
910 731 1085 780 praetoris
1115 730 1153 766 in
1185 728 1345 766 concilio
1376 728 1610 765 Achaeorum

195 802 385 845 oratione)
420 801 600 849 quoniam
640 803 837 850 praetori
878 815 898 838 e
926 802 960 838 Β
990 815 1061 851 pro
1092 806 1269 850 praetor
1305 811 1404 836 nunc
1436 812 1459 835 a
1484 799 1611 835 Weis-

195 872 399 909 senbornio
430 879 653 909 revocatum
684 873 819 918 video,
851 874 992 910 addam
1033 879 1193 917 tantum,
1234 870 1476 907 scribendum
1511 881 1611 906 esse:

196 950 275 981 aut
304 956 394 980 non
435 943 642 979 dandum
685 943 944 980 concilium
987 943 1167 992 legatis
1205 941 1360 978 fuisse
1402 947 1483 977 aut
1521 953 1611 976 non

195 1015 297 1051 sine
343 1026 580 1062 responso
633 1027 712 1050 eos
758 1013 1074 1050 dimittendos
1121 1025 1246 1057 esse3
1300 1012 1350 1061 (B
1401 1018 1480 1047 aut
1523 1024 1613 1047 non

196 1086 297 1121 sine
337 1096 459 1133 resp.
503 1096 583 1120 eos
613 1097 702 1120 non
743 1085 865 1129 dim.7
904 1084 1038 1133 vulgo:
1083 1089 1167 1119 aut
1205 1083 1314 1119 inde
1356 1083 1461 1119 sine
1490 1094 1613 1131 resp.

196 1167 277 1192 eos
311 1154 416 1193 dim.
448 1167 540 1190 non
571 1160 702 1199 esse).
767 1155 936 1204 Negatio
968 1155 1005 1191 in
1036 1161 1199 1203 utroque
1229 1154 1400 1191 membro
1438 1153 1614 1202 proxime

196 1224 392 1274 particulae
422 1224 659 1263 disiunctivae
689 1226 824 1263 subiici
865 1227 998 1272 debet3
1043 1239 1088 1263 ea
1127 1239 1242 1274 quum
1282 1224 1519 1273 negligenter
1556 1224 1614 1260 bis

197 1310 219 1332 a
251 1295 409 1332 librario
440 1295 568 1344 posita
598 1302 721 1339 esset.
762 1296 799 1332 in
844 1297 1039 1334 codicibus
1078 1296 1354 1333 recentioribus
1398 1309 1446 1332 ex
1486 1295 1614 1344 priore

196 1367 341 1405 factum
373 1373 430 1404 est
461 1367 590 1411 inde,
623 1367 726 1415 quod
756 1380 915 1416 prorsus
946 1369 1131 1405 abundat.

309 1438 405 1488 Cap.
440 1439 504 1483 21,
537 1440 584 1475 32
628 1438 686 1488 (in
725 1439 858 1475 eadem
890 1440 1076 1483 oratione,
1115 1439 1163 1475 de
1192 1437 1417 1485 Romanis):
1479 1436 1616 1484 Quod

198 1517 391 1560 rogant,
453 1522 624 1558 cogere
668 1515 890 1557 possunt;
947 1509 1059 1557 quia
1104 1509 1387 1558 pepercisse
1432 1507 1617 1552 volunt,

200 1582 504 1619 committere
536 1592 640 1620 vos.
681 1592 764 1615 cur
793 1580 1031 1629 pereatis,
1064 1592 1155 1615 non
1194 1579 1462 1628 patiuntur.
1522 1578 1617 1615 Dixi

201 1659 289 1689 ante
310 1651 450 1688 multos
478 1663 598 1688 annos
618 1650 783 1699 (Opusc.
808 1653 881 1689 Ac.
905 1652 947 1687 Π
969 1665 1006 1700 p.
1033 1652 1106 1688 125
1128 1650 1240 1699 not),
1271 1650 1513 1687 scribendum
1535 1661 1617 1686 esse

201 1723 389 1767 nolunt;
427 1735 497 1759 nec
534 1722 714 1758 iudicium
761 1729 889 1766 muto.
939 1735 1016 1759 non
1058 1722 1182 1758 solum
1220 1728 1378 1770 propter
1404 1721 1617 1771 perfectum

200 1793 376 1830 infinitivi
405 1799 567 1841 tempus,
614 1793 717 1841 quod
765 1793 803 1829 in
848 1792 1083 1829 affirmativa
1128 1792 1317 1829 sententia
1358 1793 1424 1829 vix
1456 1804 1615 1829 excusa-

202 1864 342 1901 tionem
373 1865 514 1909 habet.
554 1864 593 1900 in
630 1863 813 1912 negativa
857 1876 932 1912 quo
971 1876 1042 1900 usu
1079 1870 1258 1914 ponatur,
1295 1864 1349 1900 ibi
1380 1863 1616 1900 declaratum

201 1942 272 1980 est,
301 1935 369 1971 sed
401 1935 520 1971 multo
552 1934 675 1982 magis
704 1941 863 1983 propter
895 1935 1135 1981 sententiam,
1170 1948 1286 1983 quam
1315 1934 1460 1972 frustra
1491 1933 1617 1970 WVeis-

201 2006 427 2042 senbornius
457 2006 506 2042 ad
538 2005 738 2054 vulgarem
775 2006 1004 2055 scripturam
1035 2006 1330 2043 accommodare
1359 2011 1520 2043 conatus
1551 2010 1619 2041 est.

226 2219 260 2262 ²)
294 2221 376 2263 Cap.
408 2225 460 2260 11,
492 2225 531 2252 10
557 2221 829 2252 emendationem
856 2221 937 2252 olim
965 2232 985 2252 a
1012 2231 1064 2252 me
1091 2232 1108 2253 e
1134 2221 1286 2261 vestigiis
1320 2220 1446 2251 codicis
1473 2220 1502 2250 B
1536 2219 1617 2249 duc-

295 2289 364 2315 tam
404 2290 436 2315 et
475 2282 601 2324 opusc.
641 2285 703 2314 Ac.
730 2282 765 2313 11
792 2293 822 2323 p.
852 2286 917 2313 295
945 2283 1154 2324 propositam
1190 2283 1341 2323 (instat
1366 2287 1470 2323 aput
1497 2280 1620 2312 stati-

296 2355 399 2378 ones
445 2355 505 2386 pro
550 2346 692 2376 instat
731 2344 827 2385 capi
874 2344 1110 2386 stationes)
1147 2344 1446 2377 Weissenbornius
1486 2348 1620 2374 secutus

300 2413 370 2447 θεῖς
397 2407 512 2448 itaque
538 2407 622 2437 nihil
648 2407 714 2438 iam
741 2407 782 2438 de.
808 2417 848 2438 ea
874 2407 959 2437 dico.
1019 2406 1106 2449 Cap.
1136 2411 1190 2446 13,
1221 2411 1260 2438 14
1286 2411 1376 2438 recte
1401 2405 1457 2438 W.
1484 2406 1518 2435 in
1544 2405 1620 2436 edit.

299 2469 407 2500 altera
438 2469 538 2499 rediit
569 2469 613 2499 ad
648 2469 818 2509 vulgatam
845 2469 1044 2510 scripturam
1082 2470 1233 2510 (mixta
1266 2467 1439 2500 imbelli
1465 2466 1618 2506 turba).

299 2530 349 2562 Ne
377 2531 497 2561 dicitur
523 2530 656 2570 quidem
683 2534 773 2560 recte
800 2528 1035 2560 multitudo
1061 2540 1110 2561 ex
1135 2529 1301 2561 imbelli
1330 2529 1453 2560 turba
1478 2529 1620 2565 mixta,

300 2593 459 2633 quoniam
491 2591 596 2622 turbae
620 2590 767 2621 imbellis
792 2591 1020 2631 appellatione
1054 2601 1122 2624 non
1155 2592 1388 2632 significantur
1422 2591 1537 2634 plura,
1564 2589 1620 2631 [ex

300 2654 422 2692 quibus
446 2653 622 2684 miscendo
647 2663 752 2683 unum
776 2652 844 2683 fiat.
