1811 2925
812 120 884 156 391
1293 119 1366 150 Lib.
1385 119 1553 152 XXXIII.

149 241 338 290 separatis
380 241 417 278 id
461 241 685 278 beneficium
730 241 995 290 praestiterant.
1077 241 1307 279 Hominibus
1355 249 1481 279 autem
1516 243 1555 279 id

149 318 364 361 praestatur,
393 324 470 348 non
502 311 623 360 (apud
642 312 777 349 Latine
791 312 1005 361 loquentes)
1036 313 1158 357 terris,
1190 313 1293 361 quod
1324 312 1361 349 in
1397 313 1555 362 vulgata

149 382 338 430 scriptura
359 382 425 429 (ex
446 382 534 419 edit.
554 383 679 431 Mog.)
702 383 856 419 dicitur:
887 383 1032 419 terris
1062 383 1330 420 continenti
1360 384 1554 421 iunctis.

149 453 286 502 Neque
325 453 423 490 enim
466 453 568 502 apud
599 453 758 490 Latinos
787 459 864 489 tam
896 453 1012 489 libere
1043 466 1157 501 quam
1204 454 1306 502 apud
1345 466 1415 490 nos
1445 462 1554 491 terrae

147 536 218 573 pro
248 524 399 573 populis
430 520 708 567 dicebantur.¹)

259 594 355 644 Cap.
388 597 452 639 34,
485 596 505 631 3
540 595 593 643 (in
627 595 911 632 condicionibus
948 609 971 631 a
1002 595 1050 630 T.
1084 593 1262 641 Quinctio
1301 595 1410 632 dictis
1440 596 1553 632 Anti-

147 666 233 702 ochi
271 667 372 715 regis
412 665 587 714 legatis):
629 665 902 701 abstineret
951 665 1200 712 (Antiochus)
1242 665 1411 702 liberis
1441 667 1553 703 civi-

147 737 334 774 tatibus
361 750 414 773 ne
445 748 646 784 unquam
678 736 947 772 lacesseret
978 735 1134 774 armis.
1208 735 1272 773 Sic
1302 736 1334 773 B
1361 736 1467 780 (nam
1495 737 1553 774 ed.

147 808 253 856 Mog.
284 808 402 844 multa
431 808 492 844 hic
521 807 640 843 verba
670 806 845 852 omittit),
889 818 937 841 ex
969 817 1045 853 quo
1077 806 1274 843 Bekkerus
1304 807 1404 848 fecit.
1434 809 1552 857 gemi-

146 884 238 914 nata
276 878 418 914 littera:
458 891 543 913 neu
588 889 808 925 unquam,
851 876 965 924 idque
1006 877 1253 925 Kreyssigius
1294 885 1329 914 et
1358 879 1552 916 IVeissen-

145 949 302 984 bornius
332 955 544 986 tenuerunt.
611 948 688 985 Sed
717 959 921 995 unquam
953 948 1002 983 ab
1032 948 1105 983 hac
1132 948 1258 984 forma
1289 949 1550 986 condicionum

144 1018 510 1067 praescribendarum
541 1019 578 1054 in
619 1018 785 1054 vetando
812 1030 887 1053 non
918 1017 1042 1054 minus
1073 1018 1239 1055 alienum
1269 1026 1337 1064 est,
1376 1032 1490 1068 quam
1522 1021 1553 1056 si

145 1089 182 1125 in
223 1089 414 1124 contrario
455 1088 610 1125 iubendi
655 1101 795 1137 genere
839 1088 960 1124 addas
999 1100 1189 1137 semper
1233 1088 1550 1138 (abstineret).

143 1159 394 1195 Detrahenda
416 1166 498 1196 erat
513 1159 639 1195 littera
665 1160 736 1206 (n),
765 1166 804 1196 nt
827 1160 950 1196 fieret:
985 1172 1071 1196 neu
1102 1173 1237 1208 quam
1270 1160 1550 1199 lacesseret.

143 1229 328 1278 Polybius
374 1230 550 1274 (XVIII,
584 1232 632 1266 30
664 1230 780 1278 init.):
823 1223 999 1270 πόλεων
1038 1230 1122 1282 μὲν
1162 1228 1252 1269 τῶν
1283 1223 1551 1283 αὐτονόμων

142 1292 392 1352 ιῖπέχεσθαι
412 1299 482 1339 καὶ
500 1297 671 1352 μηδένα
691 1308 781 1344 (scr.
798 1314 882 1337 cum
908 1301 1065 1339 Reiskio
1084 1299 1301 1354 ,(ιῆὸϊμιᾷ)
1321 1301 1550 1354 πολεμεῖν.

142 1370 267 1407 Paulo
309 1370 410 1406 infra
447 1373 481 1417 (ξ
516 1369 581 1421 5),
621 1372 686 1408 ubi
728 1373 854 1421 agitur
895 1373 941 1409 de
974 1380 1162 1409 conventu
1194 1373 1354 1411 Graeciae
1383 1373 1549 1422 gentium

141 1440 427 1489 civitatumque,
458 1442 581 1478 editur
611 1455 710 1479 nunc
741 1455 761 1479 e
792 1443 842 1479 B:
881 1456 1033 1491 eoque
1073 1445 1308 1480 maturius
1347 1456 1544 1493 perage-

140 1512 299 1556 batur,
349 1512 472 1559 quod
526 1513 726 1549 decreto
784 1514 943 1550 decem
996 1514 1268 1562 legatorum
1318 1514 1546 1551 civitates

141 1582 421 1618 nominatim
453 1584 920 1630 pronuntiabantur3
963 1591 1077 1620 antea
1106 1597 1153 1621 ex
1184 1585 1242 1621 ed.
1273 1586 1379 1634 Meg.
1411 1585 1548 1622 retine-

141 1651 271 1688 batur:
325 1653 524 1689 decreta
565 1654 601 1689 d.
644 1654 667 1689 l.
711 1655 941 1691 civitates
982 1668 1097 1692 nom.
1152 1657 1548 1705 pronuntiabant.

141 1720 218 1759 Sed
248 1723 341 1760 nihil
369 1731 425 1760 est
455 1724 682 1761 civitates
712 1726 1048 1774 pronuntiare;
1091 1733 1191 1763 esset
1221 1727 1377 1776 aliquid,
1416 1728 1447 1764 si
1478 1728 1548 1764 ad-

139 1792 308 1829 deretur:
341 1806 438 1842 quae
468 1794 636 1831 liberae
667 1803 844 1841 essent,
884 1809 984 1845 quae
1014 1797 1126 1834 aliis
1157 1798 1549 1835 attribuerentur

139 1863 437 1900 darenturve
467 1871 533 1902 aut
563 1866 749 1903 eiusmodi
770 1867 924 1915 aliquid.
988 1868 1106 1904 Recte
1129 1867 1345 1913 CreveriuS,
1378 1870 1548 1906 nondum

139 1933 293 1982 cognita
309 1934 497 1972 codicisB
521 1937 721 1986 scriptura,
743 1937 892 1974 viderat
921 1938 1163 1976 scribendum
1190 1952 1292 1976 esse:
1319 1941 1441 1987 quod
1472 1940 1546 1976 de-

138 2010 271 2040 creta
306 2005 465 2042 decem
498 2006 769 2055 legatorum
798 2009 846 2047 in
872 2007 1104 2045 civitates
1126 2010 1413 2047 nominatim
1443 2024 1547 2060 pro-

138 2076 500 2112 nuntiabantur.
539 2077 855 2126 Praepositionem
874 2079 1000 2115 hausit
1016 2080 1234 2128 praecedens
1258 2080 1385 2117 littera
1401 2094 1435 2121 m
1453 2081 1545 2128 (vid.

138 2146 187 2182 ad
201 2147 365 2191 XXIII,
380 2148 416 2191 9,
432 2147 453 2182 2
467 2155 504 2183 et
518 2148 677 2193 XXIV,
695 2151 729 2194 7,
745 2151 763 2184 4
780 2162 816 2198 p.
832 2151 909 2186 274
928 2148 1039 2199 not.).
1083 2150 1170 2187 Hoc
1192 2151 1324 2187 Livius
1345 2152 1545 2200 significat,

139 2216 322 2253 maturius
345 2225 541 2265 peractum
567 2231 649 2255 esse
676 2227 916 2266 conventum,
941 2220 1044 2267 quod
1059 2232 1137 2256 non
1163 2222 1372 2269 generatim
1388 2222 1492 2271 leges
1523 2235 1545 2258 a

137 2286 272 2336 legatis
289 2287 398 2323 dictae
420 2288 507 2332 sint,
533 2288 579 2324 de
604 2289 741 2336 quibus
757 2297 894 2339 postea
916 2290 964 2326 ad
980 2290 1216 2339 singularum
1239 2293 1436 2331 civitatum
1454 2306 1544 2330 con-

137 2357 324 2394 dicionem
345 2364 383 2394 et
407 2358 543 2394 merita
561 2360 897 2397 accommodandis
914 2361 1204 2409 disceptaretur,
1238 2363 1304 2400 sed
1319 2365 1544 2401 nominatim

137 2427 184 2463 de
211 2427 370 2476 singulis
394 2429 683 2476 pronuntiatum
709 2430 767 2466 sit.
815 2431 975 2467 Poterat
1001 2431 1134 2469 Livius
1161 2434 1288 2470 verius
1316 2441 1353 2471 et
1376 2436 1544 2484 apertius

159 2645 191 2687 ¹)
222 2648 372 2681 Aberrat
396 2650 451 2681 W.
477 2652 578 2683 etiam
603 2653 637 2682 in
662 2652 768 2684 altera
793 2654 950 2687 editione.
