1811 2925
269 146 346 177 Lib.
378 145 474 176 XXI.
888 144 964 178 ‘220

223 271 260 306 lo
290 278 374 318 post
408 272 444 312 (ξ
479 271 535 310 7),
566 267 628 303 ubi
660 266 801 302 editur:
835 265 913 313 qui
945 266 1081 301 ambo
1113 262 1266 302 saltus
1297 265 1630 313 nonperTau-

224 342 356 378 rinos
387 340 465 376 sed
497 350 579 386 per
610 336 839 372 Salassos
869 342 1123 373 montanos
1157 337 1211 373 ad
1244 337 1423 373 Libuos
1455 334 1630 371 Gallos

227 410 527 453 deduxerint,
559 407 802 445 Salassorum
833 420 971 443 nomen
1002 407 1123 457 Lipsii
1153 414 1189 444 et
1209 407 1376 444 Cluverii
1406 407 1631 443 coniecturae

222 482 399 523 debetur3
429 481 466 517 in
499 478 694 515 codicibus
733 479 931 516 scribitur:
976 491 1057 527 per
1096 479 1249 515 saltus
1286 485 1563 523 montanos,
1593 477 1630 513 in

226 552 489 599 antiquissimo
523 549 720 597 (quoniam
751 550 785 585 P
816 549 1030 595 caremus),
1062 549 1124 593 M,
1169 562 1191 585 a
1220 549 1344 597 prima
1383 562 1516 585 manu:
1549 561 1633 596 per

225 622 379 659 saltos
409 627 677 657 montanos.
740 618 892 662 LiviUS,
923 618 1081 666 opinor,
1111 620 1255 655 nullum
1286 620 1378 656 certi
1402 619 1533 668 populi
1563 632 1631 654 no-

226 706 312 729 men
341 699 543 741 posuerat,
589 690 673 726 sed:
719 702 801 738 per
832 689 956 724 alios
988 697 1248 729 montanos
1321 691 1362 728 Si
1407 690 1632 726 Salassos

225 763 472 807 nominasset,
502 768 753 798 montanos
784 773 858 796 non
891 760 1109 798 addidisset.
1175 760 1351 798 Ceterum
1371 761 1512 797 residet
1528 773 1632 796 men-

230 835 318 870 dmn
334 834 371 869 in
394 832 694 877 deduxerint,
709 844 792 880 quae
807 832 914 868 verbi
932 831 1056 868 forma
1073 845 1196 881 neque
1217 845 1302 868 cum
1328 832 1565 869 dubitatione
1586 832 1632 867 de

227 905 418 954 praeterito
436 911 606 953 tempore
623 916 790 951 unquam
809 903 1044 946 dicitur(nisi
1061 904 1190 940 addito
1223 903 1448 947 forsitan,
1466 902 1630 938 forsan

228 984 269 1013 ut
301 975 512 1012 forsitan
544 974 720 1011 fecerit
760 974 824 1010 sit:
865 974 945 1010 fieri
976 981 1120 1023 potest,
1151 982 1191 1011 ut-
1219 967 1568 1021 fecerit)‚‘neque,
1602 972 1632 1008 si

228 1047 435 1091 diceretur,
473 1047 545 1082 hoc
584 1046 668 1082 loco
699 1045 789 1093 poni
819 1044 1024 1093 potuisset,
1068 1045 1133 1081 ubi
1164 1044 1395 1081 condicionis
1428 1043 1634 1091 requiritur

227 1117 478 1166 significatio,
515 1117 694 1165 quoniam
728 1116 858 1151 Livius
900 1128 976 1151 non
1006 1115 1086 1164 ipse
1117 1116 1286 1157 dubitat,
1327 1115 1393 1151 sed
1423 1120 1464 1150 ut
1492 1113 1631 1150 falsum

228 1190 301 1225 hoc
330 1188 536 1236 redarguit.
596 1188 732 1235 Itaque
765 1187 959 1230 audacter,
990 1187 1055 1222 sed
1086 1193 1213 1223 tamen
1243 1193 1344 1223 recte
1376 1192 1524 1221 veteres
1555 1184 1632 1220 edi-

230 1267 332 1296 tores
364 1259 688 1295 deduxissent
733 1258 1007 1293 substituerunt
1098 1258 1210 1306 Quod
1257 1257 1395 1306 negavi
1437 1255 1630 1292 fecerim

229 1332 276 1367 de
309 1330 499 1379 praeterito
531 1336 700 1377 tempore
732 1329 941 1365 dubitative
972 1329 1068 1373 dici,
1115 1329 1246 1365 eodem
1278 1327 1392 1365 modo
1424 1332 1572 1362 erratur
1603 1337 1633 1361 c.

233 1405 295 1446 47,
328 1404 362 1446 ὃ,
393 1400 457 1436 ubi
487 1399 669 1436 fuerint
702 1400 925 1448 (petenda
955 1399 1158 1447 fuerint)
1199 1406 1322 1435 ortum
1364 1404 1497 1435 estex
1528 1397 1633 1433 fue-

229 1480 337 1509 runt
365 1478 523 1521 propter
557 1470 883 1509 travexerint,
924 1471 1026 1518 quod
1067 1470 1258 1519 praecedit.
1327 1469 1468 1515 (Aliter
1498 1468 1635 1504 dicitur

231 1545 268 1581 in
302 1542 546 1580 concedendo
577 1548 612 1577 et
643 1541 839 1590 fingendo:
872 1540 1023 1577 fuerit
1057 1541 1212 1578 Carbo
1243 1540 1544 1586 sceleratus.)
1558 1536 1589 1586 ¹)

344 1613 440 1662 Cap.
474 1617 537 1655 44,
570 1616 588 1649 7
625 1613 676 1658 (in
708 1611 937 1649 Hannibalis
962 1612 1063 1660 apud
1081 1612 1216 1648 milites
1236 1610 1635 1657 01·atione):Paru111

232 1692 323 1731 est,
357 1685 481 1732 quod
511 1683 805 1719 veterrimas
835 1682 1116 1730 provincias
1148 1695 1296 1727 incas,
1329 1682 1548 1719 Siciliam
1581 1693 1636 1717 ac

233 1755 535 1798 Sardiniam„
568 1753 774 1790 adimis?
807 1753 954 1789 etiam
990 1752 1287 1802 Hispanias?
1318 1759 1360 1789 et
1389 1753 1497 1788 inde
1531 1764 1637 1788 ces-

230 1840 358 1864 sero:
388 1827 433 1862 in
464 1824 678 1862 Africam
720 1824 1052 1867 transcendes;
1102 1824 1421 1860 transcendes
1460 1830 1637 1868 autem,

232 1897 363 1934 dico?
423 1897 556 1933 Duos
588 1895 810 1932 consules
840 1895 979 1930 huius
1024 1894 1135 1930 anni
1165 1906 1298 1930 unum
1330 1894 1374 1929 in
1407 1892 1637 1930 Africam-

233 1971 439 2006 alterum
473 1968 517 2003 in
548 1966 832 2015 Hispaniam
872 1965 1116 2002 miserunt.
1178 1964 1240 2001 Si(-
1282 1964 1341 2001 hic
1380 1964 1486 2000 locus
1517 1964 1636 2000 mult-o

233 2054 324 2078 sane
369 2039 525 2082 melius,
575 2051 689 2086 quani
722 2044 834 2073 antea
866 2036 1078 2076 ferebatur,
1109 2048 1132 2071 a
1169 2034 1370 2072 Gronovio
1409 2034 1634 2070 constitutus

234 2119 302 2155 est,
333 2110 472 2147 codicis
503 2109 689 2146 Puteanei
718 2107 880 2155 vestigia
910 2107 1107 2156 prementi,
1139 2106 1209 2142 nisi
1241 2106 1342 2154 quod
1372 2105 1540 2154 scripsit:
1572 2111 1637 2146 et,

262 2364 292 2395 ’Ἰ
325 2367 407 2406 Cap.
435 2368 488 2401 39,
519 2367 532 2393 1
562 2371 727 2393 armare
764 2362 882 2401 (codd.
909 2361 1082 2401 armari)
1114 2360 1351 2390 exercitum
1378 2358 1560 2389 admodum
1588 2358 1638 2387 in-

329 2427 476 2457 solenter
504 2424 626 2454 dicitur
651 2434 717 2454 non
745 2424 784 2453 dc
812 2424 1006 2454 instruendo
1034 2423 1144 2459 armis⁷
1174 2421 1231 2452 scd
1261 2421 1300 2451 dc
1327 2430 1366 2451 co
1392 2421 1434 2451 ad
1461 2430 1554 2450 arma
1581 2429 1637 2449 vo-

327 2486 435 2517 cando
463 2490 494 2516 ct
524 2486 702 2516 movendo.
770 2485 870 2525 (Nam
898 2486 988 2525 quod
1012 2483 1126 2520 XXII,
1153 2484 1203 2516 14.
1234 2487 1273 2513 14
1299 2483 1414 2513 eodem
1442 2482 1541 2512 modo
1570 2490 1639 2512 co-

331 2549 406 2589 piae
434 2547 587 2578 armari
614 2547 677 2577 dici
706 2547 871 2578 videntur.
899 2547 996 2586 quale
1022 2546 1105 2576 illud
1131 2546 1173 2576 sit
1198 2544 1438 2580 testimonium,
1466 2543 1639 2583 apparebit

330 2620 432 2650 quum
457 2619 497 2640 eo
525 2615 656 2639 ventum
684 2610 776 2645 erit.)
801 2608 944 2640 Fuitne:
972 2608 1045 2638 scd
1073 2608 1120 2637 :zd
1149 2617 1262 2637 arma
1288 2615 1444 2636 vocare
1472 2615 1548 2636 exe
1564 2605 1639 2635 rci-

332 2672 436 2701 tum?
