1811 2925
244 132 318 163 Lib.
341 131 508 163 XXXIII.
910 133 984 168 384

244 253 581 291 Drakenborchius
612 253 661 289 ad
692 252 905 296 XXXIX,
945 253 988 288 31
1009 279 1018 293 ..
1060 254 1082 288 4
1112 252 1281 302 collegit3
1320 267 1554 304 quamquam
1585 269 1651 293 ex-

244 324 376 373 emplis
402 324 441 360 in
474 323 541 360 tali
570 336 611 359 re
640 336 716 359 non
746 323 860 360 valde
897 335 993 371 opus
1027 332 1095 358 est.
1108 319 1140 371 ²)

354 393 448 443 Cap.
481 396 544 438 40,
582 396 619 430 1:
661 394 729 430 De
758 394 909 442 Argis
941 405 1129 441 quoque
1159 394 1453 445 disceptatio
1485 398 1539 434 ab
1569 398 1650 434 At-

243 465 343 501 talo
384 476 497 513 rege
539 470 611 500 est
651 470 796 509 mota,
840 476 977 512 quum
1015 462 1186 500 fraude
1215 466 1453 504 Philoclis
1492 467 1650 516 prodi—

243 544 333 571 tam
364 536 524 572 urbem
554 535 600 570 vi
631 535 686 571 ab
718 547 770 570 eo
806 534 991 582 (Nabide)
1022 535 1176 570 teneri
1206 544 1449 585 argueret,
1481 538 1565 574 ille
1594 539 1649 575 ab

244 606 369 654 ipsis
398 605 622 653 Argivis„
660 611 709 641 ut
739 618 786 641 se
828 604 1131 646 defenderet,
1171 605 1387 646 accitum,
1454 608 1649 656 Perquam

244 677 336 713 dure
365 689 413 712 ex
442 682 672 724 argueret
703 676 856 712 auditur
886 675 1071 711 diceret
1101 676 1202 720 (cum
1233 675 1488 725 defensione);
1530 690 1650 726 prave

243 760 399 795 prorsus
431 747 536 782 deest
568 747 777 783 subiectum
808 745 1000 794 participii
1031 745 1254 791 accitum,
1293 759 1409 794 quum
1442 748 1650 795 praesertim

243 818 339 854 inter
368 830 409 854 se
439 817 631 854 contraria
658 817 738 853 haec
769 815 903 853 referri
930 816 1121 860 deberent,
1151 817 1311 853 urbem
1343 817 1584 865 proditam
1615 826 1652 854 et

244 901 289 924 se
319 888 538 924 accitum.
603 888 741 935 Neque
763 893 804 923 ut
825 886 996 934 Argivos
1019 885 1250 931 defenderet,
1280 899 1321 923 se
1343 888 1505 924 accitum
1528 888 1652 925 dicere

244 958 367 994 Nabis
397 964 560 1006 poterat,
604 958 806 1006 (quoniam
837 957 913 993 iam
940 957 978 992 in
1009 957 1264 993 Macedonum
1294 964 1484 1006 potestate
1513 959 1651 1007 erant,)

245 1029 309 1065 sed
341 1035 380 1064 ut
409 1029 600 1065 liberaret.
665 1028 741 1065 Sed
774 1027 863 1075 quid
886 1027 1118 1075 argumentis
1139 1034 1237 1073 utor7
1269 1041 1384 1076 quum
1412 1041 1505 1065 vera
1534 1029 1651 1078 scrip-

244 1104 329 1134 tura
363 1099 537 1135 omnibus
568 1099 740 1147 apicibus
771 1098 809 1133 in
840 1098 874 1134 B
912 1103 1056 1142 exstet,
1097 1110 1219 1145 neque
1249 1098 1287 1133 in
1320 1098 1384 1134 illo
1416 1099 1552 1143 solum,
1585 1100 1652 1136 sed

243 1169 280 1204 in
309 1169 500 1218 plerisque
540 1169 678 1217 (Pau,
715 1167 849 1205 Lovel.
880 1167 1012 1212 tribus,
1047 1168 1262 1204 Meadianis
1294 1169 1528 1213 ambobusJ‘?
1588 1170 1651 1207 Sic

244 1239 343 1276 enim
363 1240 434 1275 illi:
467 1240 550 1276 ille
580 1240 638 1275 ab
668 1239 791 1287 ipsis
814 1237 1016 1285 Argivis
1047 1249 1094 1274 se
1125 1238 1407 1275 defenderet
1436 1240 1652 1285 accitum,

244 1312 315 1347 hoc
353 1318 428 1355 est3
466 1310 787 1358 pervagatissimo
827 1308 935 1344 verbi
968 1320 1058 1353 usu,
1098 1308 1325 1344 defendendi
1355 1321 1472 1345 causa
1502 1310 1653 1346 diceret.

244 1380 325 1428 (Iis,
358 1394 441 1429 quae
470 1381 508 1416 in
540 1379 671 1416 lexicis
701 1384 906 1428 ponuntur,
940 1378 1124 1426 exemplis
1146 1379 1235 1414 addi
1264 1380 1344 1415 haec
1373 1380 1447 1416 tria
1475 1386 1653 1429 possunt:

243 1450 321 1488 Cic.
352 1451 464 1488 Verr.
497 1451 555 1492 Vq
596 1451 644 1490 9,
676 1451 725 1486 22
759 1456 795 1486 et
830 1450 899 1487 13,
931 1449 1003 1491 32,
1045 1461 1114 1497 pro
1147 1448 1251 1485 Cael.
1284 1450 1346 1495 202
1383 1452 1444 1486 50.
1505 1450 1652 1486 Eodem

243 1522 357 1558 modo
388 1534 488 1570 saepe
523 1521 596 1557 dici
634 1532 845 1569 purgare
875 1519 1113 1556 notissimum
1156 1524 1239 1560 est.)
1298 1521 1419 1556 Miror
1449 1519 1564 1556 talem
1595 1532 1652 1555 er—

242 1605 368 1629 rorem
401 1593 449 1628 ad
481 1598 652 1628 nostrum
684 1598 834 1639 tempus
863 1590 1031 1626 latuisse.

747 1862 849 1909 Lib.
895 1860 1143 1907 XXXIII.

354 1988 449 2038 Cap.
499 1991 568 2034 122
614 1990 653 2024 3:
697 1987 985 2025 Aetolorum
1027 1985 1088 2031 (in
1127 1984 1286 2021 concilio
1325 1984 1516 2021 sociorum
1555 1998 1578 2021 a
1607 1986 1651 2022 L.

244 2060 422 2107 Quinctio
454 2059 644 2095 advocato
676 2059 722 2095 de
751 2057 899 2107 legibus
937 2055 1044 2105 pacis
1073 2054 1254 2103 Philippo
1286 2054 1473 2099 dicendis)
1520 2067 1652 2104 aspe-

243 2130 341 2166 rior
385 2129 543 2166 oratio
589 2127 703 2173 fuit,
754 2128 836 2175 qui
881 2139 1035 2175 pauca
1076 2123 1288 2173 praefati,
1333 2132 1463 2161 recte
1507 2133 1652 2174 atque

244 2200 411 2236 ordine
441 2200 787 2247 imperatorem
818 2199 1077 2235 Romanum
1115 2194 1297 2240 facere,
1345 2196 1490 2243 quod,
1535 2208 1651 2244 qnos

269 2347 299 2389 ¹)
338 2348 374 2380 C.
401 2353 455 2387 32,
484 2353 502 2379 6
529 2350 767 2380 abstinendum
794 2355 844 2379 est
862 2348 1073 2378 coniecturis.
1126 2348 1312 2378 Gravate
1338 2357 1406 2378 non
1432 2348 1474 2378 ad
1502 2348 1651 2379 animum

338 2410 489 2449 Quinctii
519 2412 686 2451 pertinet,
724 2411 781 2442 sed
819 2411 860 2441 ad
889 2410 1045 2450 speciem,
1082 2418 1184 2449 quam
1218 2418 1286 2450 prae
1312 2418 1347 2440 se
1372 2408 1510 2440 ferebat.
1562 2408 1652 2440 Con-

338 2473 439 2503 cessit
464 2472 551 2502 enim
570 2471 651 2510 regi,
678 2476 714 2501 ut
734 2471 1016 2510 colloquerentur,
1046 2476 1181 2511 gravate
1208 2476 1241 2501 et
1266 2471 1360 2510 quasi
1379 2471 1508 2509 nolens,
1535 2480 1652 2510 quam-

338 2544 438 2575 quam
466 2542 583 2573 reapse
610 2532 816 2572 colloquium
844 2533 926 2564 satis
964 2533 1029 2573 ipsi
1065 2533 1106 2563 ad
1134 2540 1190 2569 ca,
1219 2540 1292 2571 quae
1319 2531 1502 2571 cogitabat,
1535 2536 1650 2572 aptum

340 2595 524 2626 videbatur.
596 2594 648 2624 Ea
686 2594 733 2624 vis
775 2599 825 2624 cst
857 2593 1098 2634 particularum
1138 2601 1220 2624 non
1253 2593 1372 2631 quin,
1411 2592 1504 2623 nullo
1538 2593 1653 2623 addito

339 2657 444 2687 altero
469 2656 630 2686 orationis
659 2655 821 2688 membro.
