1811 2925
859 160 936 197 627
1399 157 1473 190 Lib.
1499 159 1610 191 XLV.

191 285 284 321 nihil
313 283 531 333 respondet.
608 282 801 318 Praeterea
842 279 879 315 in
911 279 1032 316 altera
1069 288 1180 329 parte
1210 281 1357 317 infinito
1389 282 1506 318 modo
1537 281 1611 332 (eo

193 368 246 391 ne
275 368 312 404 p.
344 353 530 402 quidem
561 351 761 390 Romani
791 350 971 387 factum
1004 353 1268 400 apparere)
1301 357 1488 400 tanquam
1520 363 1611 388 con-

191 437 354 474 sequens
377 430 413 460 et
435 423 536 472 quod
559 422 759 467 efficiatur,
789 421 827 457 id
843 422 1009 470 ponitur,
1033 422 1136 470 quod
1168 422 1205 458 in
1241 427 1353 470 parte
1375 422 1610 459 condicionis

192 509 276 533 csse
307 496 431 534 debet.
491 494 594 531 Nam
626 492 785 530 Prusias
815 492 1014 541 ignoscere
1044 493 1233 537 debebat,
1280 492 1310 528 si
1347 505 1440 542 ager
1470 494 1612 530 Antio-

193 567 254 603 chi
285 579 360 602 non
391 565 516 602 fuerat
546 570 583 601 et
612 563 697 600 ideo
729 563 885 600 omnino
928 563 1194 600 Romanorum
1239 562 1364 599 factus
1393 577 1470 600 non
1515 570 1610 608 erat,

194 646 233 674 ut
264 637 358 673 nihil
390 636 436 671 de
466 648 510 671 eo
553 634 756 671 decernere
786 640 963 682 possent,
996 640 1062 670 aut
1093 634 1124 670 si
1156 635 1422 671 Romanorum
1455 634 1609 682 quidem

195 708 331 744 factus.
361 706 426 743 sed
458 706 569 742 datus
601 705 726 742 Gallis
757 705 833 741 iam
867 711 960 744 erat,
1038 706 1121 742 Iam
1158 706 1195 742 in
1227 705 1358 742 codice
1391 705 1445 741 sic
1475 705 1612 742 scribi-

195 785 274 814 tur:
320 777 358 813 si
397 782 550 812 autem
591 775 789 812 Antioei
830 789 920 812 non
950 776 1232 825 peruissent
1275 789 1328 812 eo
1360 788 1414 811 ne
1444 774 1613 823 populi

195 849 383 897 quidem
426 847 629 884 Romani
671 846 850 883 factum
893 854 1100 896 apparat
1145 853 1227 883 aut
1257 847 1419 882 datum
1450 845 1613 883 Gallis

197 926 347 956 esset.
393 918 671 966 ignosceret-
717 918 940 954 Prusiam
986 918 1208 963 deberet,
1253 917 1292 953 si
1327 923 1422 962 cen,
1466 916 1504 952 in
1536 929 1614 965 qua

195 990 384 1038 scriptura
416 987 464 1023 ad
496 987 562 1023 illa
593 995 800 1036 apparat
831 993 912 1024 aut
944 987 1102 1024 datum
1136 987 1280 1024 attendi
1309 987 1439 1026 velim.
1507 987 1612 1024 Livi-

197 1072 259 1095 um
296 1059 492 1108 scripsisse
524 1058 678 1106 opinor:
709 1059 747 1095 si
780 1059 818 1095 is
850 1071 965 1107 ager
997 1058 1163 1107 populi
1194 1058 1401 1095 Romani
1435 1057 1613 1104 [factus

196 1136 345 1168 esset.
377 1142 516 1177 quum
548 1128 800 1179 Antiochi]
832 1128 1034 1174 fuisset,
1064 1141 1148 1165 nec
1195 1129 1423 1177 cuiquam
1459 1128 1612 1164 -datus

198 1206 346 1245 esset,
397 1199 735 1249 dignissimum
792 1213 845 1236 eo
901 1200 1024 1236 ‹lono
1068 1200 1292 1236 Prusiam
1351 1199 1612 1235 habituros

196 1282 319 1309 esse:
360 1270 398 1306 si
440 1277 597 1307 autem
646 1271 881 1308 Antiochi
923 1283 1014 1306 non
1061 1270 1216 1310 fuisse
1249 1275 1293 1311 et
1334 1283 1388 1307 eo
1422 1282 1476 1306 ne
1506 1282 1612 1318 pop.

199 1340 387 1388 quidem
406 1342 611 1378 Romani
640 1342 821 1379 factum
853 1345 1119 1394 appareret
1149 1348 1229 1377 aut
1260 1342 1416 1381 datum
1446 1340 1613 1378 Gallis

200 1423 323 1449 csse.
357 1411 613 1459 ignoscere
634 1413 853 1450 Prusiam
885 1413 1059 1449 debere
1081 1420 1151 1448 cet.
1198 1412 1371 1458 (Residet
1398 1412 1614 1461 scrupulus,

198 1493 245 1516 ne
267 1481 357 1529 quid
378 1481 493 1518 lateat
515 1483 552 1519 in
575 1483 638 1520 illo
669 1484 948 1533 peruissent
979 1489 1119 1532 praeter
1148 1482 1303 1520 fuisse
1333 1482 1403 1529 et.)
1463 1481 1614 1518 Deinde

198 1551 235 1587 in
266 1552 324 1588 his
346 1554 485 1597 vorbis,
517 1554 653 1601 quibus
674 1555 857 1591 transitur
888 1554 936 1590 ad
967 1554 1127 1590 alteram
1149 1567 1243 1596 rem,
1275 1566 1390 1602 quam
1408 1553 1569 1590 Prusias
1591 1565 1615 1589 a

199 1630 332 1658 senatu
368 1624 574 1671 petiverat:
620 1626 789 1662 Facile
820 1625 1107 1662 Nicomedis
1139 1624 1613 1660 commendationem

199 1692 444 1741 accipere,
488 1703 660 1744 apparet,
704 1696 942 1740 adverbium,
989 1695 1091 1742 quod
1134 1694 1290 1731 omnino
1327 1694 1512 1731 inutiliter
1543 1694 1615 1730 ab-

200 1763 330 1799 undat.
371 1777 445 1800 non
488 1767 657 1815 potuisse
696 1767 820 1816 primo
851 1767 936 1803 loco
967 1766 1058 1814 poni
1090 1773 1178 1801 ante
1218 1778 1285 1811 ea,
1327 1765 1464 1813 quibus
1511 1777 1616 1801 nova

199 1845 259 1868 res
301 1833 588 1882 significaretur.
661 1837 706 1873 In
749 1838 880 1875 codice
920 1844 977 1873 est
1006 1835 1159 1880 felici;
1191 1836 1380 1885 superiori
1421 1834 1616 1872 sententiae

201 1904 289 1940 addi
312 1905 402 1941 nihil
422 1913 570 1954 potest:
605 1907 841 1955 relinquitur,
874 1916 917 1944 ut
946 1907 1177 1943 scribamus:
1208 1907 1305 1943 Fili
1334 1905 1615 1944 Nicomedis

198 1977 661 2014 commendationem
695 1978 930 2026 accipere.

311 2046 467 2083 Desinet
487 2048 566 2084 haec
582 2055 714 2084 nostra
735 2061 853 2096 opera
866 2048 904 2084 in
921 2047 1055 2083 eodem
1072 2048 1318 2084 correctionis
1331 2060 1483 2096 genere,
1499 2060 1521 2083 a
1538 2059 1615 2095 quo

199 2128 319 2164 prope
355 2129 444 2153 orsa
476 2125 543 2163 est,
573 2119 730 2155 meliore
766 2118 1040 2155 sententiarum
1063 2118 1317 2154 distinctione.
1373 2118 1476 2154 Nam
1498 2117 1615 2166 paulo

200 2194 287 2234 post
309 2188 342 2232 (ξ
371 2189 435 2234 16)
462 2189 516 2225 sic
537 2189 731 2226 scribitur:
762 2195 807 2225 et
840 2190 1085 2233 (censuerunt
1105 2187 1258 2238 patres)
1280 2196 1327 2225 ut
1357 2201 1412 2225 ex
1447 2187 1616 2232 classe,

201 2270 299 2304 quae
336 2258 603 2296 Brundusii
650 2266 796 2303 esset,
848 2270 994 2295 naves
1036 2259 1189 2308 longae
1244 2259 1423 2308 viginti
1465 2257 1614 2306 assig-

201 2336 433 2365 narentur
482 2329 645 2377 (Prusiae
675 2330 797 2378 regi),
848 2330 1026 2377 quibus
1073 2336 1315 2374 uteretur,
1360 2329 1509 2365 donee
1559 2328 1617 2364 ad

201 2397 407 2434 classem
440 2398 566 2436 dono
596 2401 758 2437 datam
790 2400 832 2436 ei
861 2413 945 2436 rex
974 2401 1302 2449 pervenisset.
1362 2400 1408 2438 L.
1440 2399 1616 2436 Corne-

201 2467 301 2504 lius
336 2468 500 2517 Scipio
546 2482 601 2506 ne
642 2471 697 2507 ab
742 2483 794 2508 eo
827 2471 1103 2507 discederet
1144 2478 1490 2520 sumptumque
1519 2469 1617 2518 ipsi

201 2546 244 2575 et
277 2539 542 2576 comitibus
571 2542 821 2589 praeberet,
845 2542 998 2578 donec
1028 2554 1195 2578 navem
1228 2541 1616 2578 conscendisset.

203 2609 297 2656 Quae
327 2610 375 2646 sit
402 2610 534 2647 elassis
558 2611 632 2647 ista
664 2611 765 2648 dono
790 2611 873 2660 regi
903 2612 1018 2651 data.
1050 2612 1098 2647 ad
1129 2623 1245 2659 quam
1288 2624 1357 2647 rex
1387 2610 1522 2659 viginti
1547 2622 1617 2646 na-

200 2679 311 2716 vibus
356 2680 480 2728 longis
518 2682 675 2729 pervehi
720 2682 881 2726 debeat,
938 2682 1093 2718 omnino
1139 2694 1216 2718 non
1255 2680 1500 2729 intelligitur,
1545 2692 1615 2716 nec
