1811 2925
786 137 862 171 353
1279 134 1354 165 Lib.
1381 134 1495 166 XXX.

114 259 267 307 alioque
316 271 442 295 rerum
493 265 594 294 statu
633 258 714 307 (qui
745 271 820 294 non
860 258 1111 307 significatur)
1163 257 1331 306 optaturi
1367 258 1535 294 Romani

112 330 270 374 fuerint3
299 329 338 364 id
372 341 487 364 unum
519 328 679 364 alicuius
709 329 893 365 momenti
924 333 980 364 est
1008 325 1148 375 Jeique,
1181 329 1284 374 quod
1315 328 1361 363 de
1392 328 1535 364 Poenis

111 399 345 437 contrarium
377 399 533 448 ponitur
550 400 651 444 (nos
681 400 890 436 maxime
921 398 1293 444 abominamur),
1315 399 1535 447 respondet,

111 471 193 507 fieri
226 471 277 514 id,
310 470 413 519 quod
449 476 511 505 aut
544 470 712 506 Romani
742 482 843 506 nunc
874 476 1007 518 optent
1037 475 1104 504 aut
1134 481 1286 517 semper
1317 469 1536 518 optaverint

112 547 177 578 aut
204 547 340 589 optare
371 552 436 577 eos
469 545 665 588 oporteat„
700 541 773 576 hoe
806 546 880 576 est:
930 552 1014 576 vos
1046 545 1202 576 autem
1234 546 1346 576 ante
1378 540 1536 576 onmia

111 618 290 661 optare
323 610 567 661 [debe]tis·.
633 612 679 647 In
722 611 909 659 proximis
942 611 1015 647 tria
1046 624 1069 646 a
1098 610 1417 646 Weissenbornio
1447 617 1537 659 post

111 682 424 723 Alschefskium,
470 682 558 717 dum
604 682 799 718 codicibus
841 682 1106 730 superstitiose
1138 682 1415 729 obsequuntur,
1447 694 1534 730 gra—

110 753 380 802 viterpeccata
410 758 515 797 sunt3
548 752 809 801 (omninoun
842 753 872 788 si
895 752 1279 789 Alschefskiushunc
1300 752 1534 788 tricesimum

110 824 247 860 librum
280 837 355 860 non
391 823 591 865 edidisset„
622 824 808 860 nonnulla
838 823 1194 859 VVcissenbornium
1228 829 1443 872 spreturum
1476 822 1535 859 fu—

109 895 183 930 isse
215 895 341 939 credQ
376 907 460 942 quae
491 895 539 929 ab
570 893 634 929 illo
666 894 819 930 homine
851 908 870 930 e
902 894 1097 931 codicibus
1129 900 1285 941 recepta
1307 893 1442 929 eiicere
1459 907 1535 929 non

110 964 321 1011 sustinuit).
407 965 511 1000 Nam
556 964 721 1012 primum
768 966 802 1011 (ξ
842 967 903 1010 10)
935 964 1197 1000 Hannibalem
1244 964 1390 1017 inducit
1419 965 1466 999 de
1497 976 1536 999 se

109 1035 162 1070 sic
194 1034 432 1082 loquentem:
464 1034 600 1081 Quod
633 1035 689 1070 ad
721 1048 788 1070 me
819 1035 1075 1079 attinebat,
1108 1034 1202 1070 iarn
1235 1040 1352 1070 aetas
1376 1047 1534 1070 senem

108 1105 151 1140 in
183 1103 391 1153 patriam
424 1111 779 1146 revertentem„
811 1105 938 1141 unde
968 1117 1088 1153 puer
1126 1104 1384 1153 profectus
1416 1117 1535 1149 sum,

106 1176 198 1211 iam
230 1176 460 1217 secundae,
492 1175 583 1210 iam
617 1175 832 1211 adversae
862 1188 937 1211 res
968 1176 1038 1212 ita
1068 1175 1456 1221 fraudaverunt„
1488 1183 1537 1212 ut

106 1246 342 1282 rat-ionem
389 1246 529 1293 sequi
562 1259 699 1293 quam
740 1246 988 1283 fortunam
1022 1246 1195 1282 malim.
1267 1247 1318 1282 Et
1360 1247 1397 1282 in
1429 1248 1536 1283 atti—

106 1317 266 1355 nebat.
299 1317 401 1364 quod
436 1318 641 1366 perspicue
672 1330 835 1365 pravum
870 1324 927 1353 est
971 1320 1057 1366 <pro
1093 1317 1286 1363 attinet)
1308 1347 1316 1363 ,Ι
1352 1318 1535 1366 quoniam

104 1387 142 1423 id
176 1387 315 1435 agitur„
347 1388 471 1435 qualis
504 1401 603 1424 nunc
635 1388 835 1424 Hannibal
864 1389 913 1424 sit
946 1390 997 1434 (et
1020 1388 1191 1435 sequitur
1212 1401 1247 1423 m
1262 1387 1403 1433 alim').,
1432 1400 1536 1424 com-

107 1458 239 1506 parari
273 1458 375 1494 iubet
408 1459 614 1503 XXVIII,
649 1463 721 1500 442
760 1462 829 1498 12*
860 1460 925 1495 ubi
958 1465 995 1494 et
1026 1457 1271 1494 manifestum
1306 1465 1340 1494 et
1371 1459 1419 1494 ab
1450 1458 1534 1506 ipso

108 1529 326 1577 expositum
344 1529 589 1577 est„pertin
602 1530 710 1565 ebat
741 1531 788 1565 de
819 1530 895 1565 alio
927 1535 1100 1577 tempore
1131 1541 1176 1564 ac
1208 1528 1431 1564 condicione
1463 1528 1537 1564 dici

108 1600 164 1648 (si
306 1599 639 1648 perficeretur
774 1600 1105 1649 pertinebat)a
1136 1605 1177 1634 ut
1206 1611 1253 1634 ne
1284 1599 1421 1634 umbra
1453 1598 1536 1646 qui—

109 1670 194 1706 dem
213 1670 470 1706 similitudinis
502 1671 562 1708 sit.
612 1672 705 1707 Fra
717 1685 738 1706 u
750 1671 929 1707 daveru
941 1676 990 1706 nt
1007 1675 1133 1705 autem
1152 1670 1318 1718 primum
1336 1668 1391 1704 ita
1423 1681 1536 1704 enar—

109 1746 182 1784 rat,
214 1740 325 1787 quasi
356 1740 457 1776 idem
489 1741 536 1776 sit
567 1747 682 1789 atque
712 1740 909 1781 fallere,
938 1754 960 1777 a
982 1740 1088 1777 cuius
1119 1740 1225 1776 verbi
1258 1739 1536 1788 significatione

109 1815 213 1845 certo
224 1811 298 1845 fine
316 1810 359 1846 fr
372 1812 553 1847 andare
567 1811 797 1860 seiungitui·;
817 1824 906 1847 nam
925 1812 974 1847 ad
992 1811 1221 1860 privandum
1241 1817 1277 1847 et
1293 1810 1537 1858 spoliandum

109 1880 275 1928 aliquem
307 1893 461 1930 semper
489 1883 665 1931 pertinet,
698 1895 821 1930 neque
851 1883 977 1918 minus
1020 1882 1179 1918 ridicule
1213 1881 1351 1917 Latine
1382 1880 1538 1916 fortuna

109 1949 275 1998 aliquem
307 1950 488 1988 fraudare
524 1953 683 1997 dicitur,
716 1965 832 2000 quam
871 1952 903 1988 si
933 1952 1168 1989 Germanice
1212 1952 1318 1988 dicas
1363 1952 1536 1987 bevor-

109 2021 317 2065 theilen3
372 2022 509 2059 deinde
540 2036 615 2059 non
649 2023 933 2067 animadvertit,
964 2022 1121 2058 fallendi
1152 2022 1345 2058 notionem
1377 2034 1538 2070 prorsus

109 2104 185 2127 non
224 2104 338 2139 posse
378 2092 490 2128 simul
536 2094 584 2129 ad
626 2093 814 2129 secundas
859 2099 895 2129 et
926 2094 973 2129 ad
1006 2093 1191 2129 adversas
1221 2105 1281 2128 res
1315 2104 1537 2128 accommo-

110 2162 207 2207 dari,
238 2163 377 2198 nedum
410 2163 457 2199 ad
489 2170 640 2200 aetatem
675 2164 783 2213 (iam
817 2169 930 2199 aetas
956 2192 965 2202 .
988 2195 993 2201 .
1015 2195 1023 2201 .
1051 2164 1142 2200 iam
1174 2176 1274 2201 sec.q
1305 2162 1397 2198 iam
1433 2162 1535 2198 adv.

109 2244 199 2277 res,
233 2245 318 2281 quae
348 2234 546 2281 particulae
576 2234 752 2283 repetitio
786 2234 900 2270 etiam
943 2234 1153 2283 zeugmatis
1184 2233 1389 2270 adhibendi
1422 2245 1537 2269 cona-

110 2311 189 2339 tum
223 2303 421 2351 excludit).
487 2305 533 2340 In
566 2311 695 2341 tantas
726 2304 890 2352 ineptias
934 2304 1126 2340 hominem
1163 2304 1352 2340 eruditum
1386 2303 1537 2339 induxit

109 2374 291 2409 mendum
336 2381 461 2411 ortum
501 2376 625 2424 primo
658 2388 704 2411 ex
735 2375 861 2410 littera
894 2387 914 2412 e
954 2374 991 2410 in
1023 2375 1213 2413 ffmutata
1243 2374 1379 2410 ductus
1411 2374 1538 2409 adiec-

111 2444 213 2480 tione
246 2444 593 2491 (frudiverunt,
625 2445 726 2481 unde
757 2444 901 2481 factum
933 2441 1380 2494 fraudave1·unt)1).
1436 2445 1537 2480 Turn

136 2605 169 2647 ¹)
212 2607 393 2639 Contrario
419 2618 529 2639 errore
557 2619 660 2649 quum
687 2609 776 2649 apud
796 2609 935 2639 Festum
956 2608 1001 2648 (v.
1018 2607 1045 2638 L
1057 2616 1132 2637 acu
1144 2617 1158 2637 s
1172 2607 1199 2637 L
1212 2608 1301 2638 ueri
1314 2617 1335 2637 n
1348 2617 1365 2636 u
1377 2617 1391 2637 s
1412 2617 1443 2647 p.
1459 2606 1538 2646 121)

206 2675 223 2696 e
235 2675 259 2695 x
285 2664 351 2696 sru
363 2675 379 2696 e
389 2675 411 2696 n
421 2667 440 2696 d
453 2676 498 2707 us
523 2665 649 2697 factum
675 2672 766 2697 esset,
792 2675 809 2696 e
820 2676 864 2696 ru
876 2675 892 2696 e
904 2676 924 2696 n
935 2666 955 2696 d
967 2675 985 2695 u
998 2675 1012 2696 s
1023 2688 1031 2703 ,
1067 2670 1149 2695 nata
1186 2671 1239 2696 est
1264 2666 1350 2696 mira
1375 2666 1539 2706 interpre-

188 2736 330 2759 aL-mvlull
350 2737 556 2760 §imm-mlum.
1227 2744 1268 2771 23
