1811 2925
815 158 888 194 231
1303 156 1377 187 Lib.
1404 155 1517 187 xxii

150 282 469 319 iumentorum
501 282 679 319 itinere
711 289 813 317 toto
852 287 1216 329 prostratorum
1262 279 1427 317 acervi
1464 286 1565 315 tan-

151 362 266 396 tum,
305 353 428 402 quod
460 358 685 389 exstaret.
727 365 870 400 aqua,
902 350 1231 400 quaerentibus
1263 351 1318 387 ad
1355 351 1563 399 quietem

150 424 289 473 parvi
330 422 566 471 temporis
610 423 938 459 necessarium
993 421 1152 458 cubile
1203 422 1396 459 dabant.
1474 421 1564 457 Duo

151 502 313 543 apparet
342 493 523 541 distingui
553 493 813 542 requiescendi
857 505 1020 541 genera,
1068 505 1183 541 super
1228 493 1442 529 cumulatas
1484 506 1566 529 sar-

150 565 256 601 cinas
287 572 323 601 et
353 577 468 613 super
498 565 751 601 iumentorum
785 565 996 607 cadavera3
1043 564 1109 599 sed
1152 564 1205 600 sic
1247 570 1436 610 narratur,
1482 571 1565 600 tan—

151 648 266 684 quam
323 636 476 680 iisdem‚
522 636 587 684 qui
618 637 789 672 sarcinas
820 635 1071 680 cumularant,
1118 635 1287 671 iumenta
1318 636 1440 672 cubile
1471 649 1566 684 prae-

151 707 312 743 buerint.
404 708 490 743 Hoc
541 707 810 744 animadverso
865 706 1049 743 orationis
1105 706 1198 742 vitio
1250 707 1429 743 Dukcrus
1480 714 1567 743 ante

151 777 474 814 iumentorum
518 779 728 815 desiderari
768 779 840 814 vel
878 778 1051 827 scripsit;
1098 777 1444 814 Weissenbornius.
1477 790 1566 813 ora-

151 848 292 885 tionem
325 850 405 885 sine
437 850 523 886 alii
555 851 615 886 vel
638 857 717 886 aut
748 850 840 885 dure
873 849 1098 885 continuari.
1157 848 1350 885 Nimirum
1372 849 1409 884 id
1442 848 1566 896 ipsum

151 927 233 956 aut.
264 920 537 957 restituendum
570 928 637 961 est,
668 921 918 969 interceptum
953 920 1001 956 ob
1033 920 1145 956 trium
1179 927 1437 956 extremarum
1468 919 1566 956 litte-

151 1004 280 1027 rarum
330 992 437 1028 verbi
484 993 830 1029 incumbebant
871 991 1155 1026 similitudinem
1192 990 1567 1038 (incumbebann

152 1070 233 1099 aut
264 1062 612 1112 iumentorum).
688 1062 801 1111 Quod
833 1068 1017 1110 praeterea
1049 1061 1218 1098 dicturus
1250 1074 1367 1105 eram,
1399 1061 1566 1098 scriben-

151 1133 239 1170 dum
288 1146 382 1178 esse,
431 1135 583 1170 sublata
626 1134 761 1170 litterae
811 1147 827 1172 s
874 1132 1150 1181 geminatione:
1205 1132 1470 1169 cumulatis
1520 1133 1567 1168 in

152 1217 276 1253 aqua
320 1206 552 1249 sarcinis,
593 1205 797 1255 occupavit
827 1204 1038 1241 Finckhius
1071 1202 1272 1250 (zeitschr.
1306 1202 1325 1239 f
1369 1203 1405 1242 d.
1437 1203 1566 1239 Alter-

151 1276 380 1312 thumswiss.
421 1277 520 1313 1855
553 1289 589 1325 p.
631 1279 736 1324 168).
798 1277 850 1312 In
882 1287 1032 1324 aquas
1064 1274 1249 1310 cumulari
1288 1274 1452 1311 fortasse
1494 1274 1568 1310 dici

150 1354 319 1394 possent,
354 1360 437 1395 quae
463 1347 501 1383 in
544 1347 745 1384 conclusas
790 1360 911 1395 aquas
941 1347 989 1383 ad
1020 1347 1143 1382 locum
1183 1352 1304 1381 totum
1338 1346 1566 1395 explendum

151 1417 448 1454 conficerentur:
506 1431 590 1467 quae
642 1419 679 1454 in
734 1431 922 1466 aquarum
965 1417 1133 1465 undique
1174 1417 1566 1465 circumstrepentium

152 1489 292 1537 exiguo
324 1489 408 1525 loco
440 1498 679 1530 extruuntur,
723 1503 768 1526 ea
809 1490 852 1526 in
885 1502 1012 1537 aqua
1051 1489 1304 1526 cumulantur.
1364 1489 1568 1524 Postremo

153 1558 325 1596 Creverii
367 1573 519 1608 quoque
560 1561 597 1597 in
641 1562 713 1597 hoc
744 1562 868 1610 capite
898 1561 1031 1597 scitam
1077 1559 1383 1596 emendationem
1415 1559 1569 1607 indigne

152 1631 365 1679 neglectam
399 1633 727 1672 commendemus:
772 1646 860 1669 nam
903 1644 1021 1680 supra
1063 1635 1095 1676 (ξ
1129 1634 1185 1675 6),
1227 1631 1293 1668 ubi
1323 1631 1402 1666 haee
1435 1631 1567 1679 legun-

153 1710 231 1738 tur:
262 1701 396 1739 Galli
426 1716 578 1751 neque
608 1703 850 1740 sustinere
891 1716 939 1739 se
969 1703 1192 1752 prolapsi
1223 1715 1374 1750 neque
1406 1714 1567 1738 assur-

152 1786 261 1822 gere
304 1787 359 1810 ex
403 1775 721 1823 voraginibus
766 1782 1016 1824 poterant,
1063 1775 1093 1811 is
1139 1774 1346 1812 intellexit.
1394 1773 1568 1809 homines

152 1845 320 1881 nondum
353 1845 557 1894 prolapsos
588 1859 671 1882 sese
702 1846 887 1882 sustinere
918 1846 1084 1886 studere,
1131 1858 1246 1894 quum
1278 1845 1450 1894 prolapsi
1482 1845 1568 1889 sint,

152 1923 230 1952 tum
273 1928 493 1964 assurgere3
541 1917 670 1965 itaque
709 1917 814 1954 facta
855 1917 1154 1965 transpositione
1193 1916 1433 1952 scribendum
1466 1928 1568 1952 esse:

153 1999 305 2035 neque
347 1988 588 2024 sustinere
630 2001 678 2025 se
724 2001 877 2036 neque
918 1988 1141 2037 prolapsi
1194 2000 1454 2036 assurgere
1497 1993 1567 2022 cet.

152 2057 352 2094 Immutati
398 2059 531 2095 eodem
571 2060 685 2096 modo
731 2059 971 2109 apertissime
1013 2072 1150 2095 vocum
1188 2058 1330 2095 ordinis
1360 2059 1493 2106 <quum
1525 2057 1568 2093 li-

152 2128 303 2164 brarius
347 2129 527 2166 omissam
567 2130 730 2178 primum
776 2130 922 2167 incuria
966 2141 1100 2165 vocem
1142 2135 1231 2177 post
1261 2130 1478 2178 proximam
1513 2129 1568 2164 in-

153 2206 314 2244 sereret)
358 2200 394 2235 in
439 2201 637 2237 Puteaneo
679 2208 716 2237 et
755 2200 842 2237 inde
886 2201 923 2236 in
969 2199 1104 2236 ceteris
1148 2199 1235 2245 (nisi
1278 2200 1341 2237 ubi
1383 2201 1568 2236 correctio

152 2270 329 2316 accessit)
363 2272 552 2319 permulta
583 2280 669 2309 sunt
702 2272 890 2320 exempla,
933 2271 1037 2307 velut
1067 2271 1104 2307 in
1135 2271 1208 2307 hoc
1239 2270 1321 2319 ipso
1353 2271 1449 2308 libro
1481 2284 1512 2309 c.
1546 2273 1566 2308 8

154 2348 249 2377 extr.
292 2346 358 2383 (ac
403 2343 663 2390 penatibus
711 2355 796 2391 pro
829 2343 963 2383 urbe,
1009 2355 1124 2391 quum
1168 2343 1411 2379 scribendum
1452 2348 1568 2378 esset:

153 2424 238 2460 pro
271 2412 386 2448 urbe
416 2425 468 2449 ac
498 2414 630 2462 petr),
674 2416 738 2458 24,
785 2416 806 2450 6
841 2413 980 2462 (haud
1013 2413 1123 2461 quia
1154 2414 1296 2450 dubie
1326 2427 1416 2462 pro:
1459 2413 1569 2462 quia

153 2484 190 2521 h.
223 2483 292 2531 d.)7
323 2484 387 2528 27,
422 2485 440 2518 7
485 2482 656 2529 (solum
687 2496 777 2520 non
808 2497 898 2533 pro:
946 2498 982 2523 n.
1014 2486 1118 2525 sol.)
1167 2491 1203 2521 et
1251 2488 1295 2522 10
1343 2485 1410 2534 (se
1440 2485 1569 2521 inter

154 2565 243 2602 pro:
277 2554 403 2590 inter
433 2552 511 2602 se),
551 2555 615 2596 35,
662 2557 680 2590 7
716 2557 866 2603 (quem
898 2556 989 2592 iam
1036 2568 1125 2591 non
1171 2563 1338 2598 antea,
1386 2556 1487 2603 quod
1530 2555 1568 2590 in

155 2624 386 2661 editionibus
416 2625 611 2670 retinetur2
656 2638 889 2674 quamquam
925 2625 1262 2662 Weissenbornius
1292 2639 1454 2675 pravum
1487 2638 1570 2662 esse

153 2695 282 2740 sensit,
324 2708 412 2744 pro:
452 2709 585 2744 quem
616 2709 708 2732 non
740 2697 831 2733 iam
870 2694 1047 2747 antea),
1095 2698 1165 2744 39,
1212 2699 1255 2733 17
1290 2696 1438 2746 (cives
1474 2697 1568 2733 sibi
