1811 2925
815 114 864 149 29

138 235 366 273 consulto
404 235 442 271 in
483 235 543 272 ed.
574 235 700 283 prima
728 235 919 280 Romana,
949 235 1021 277 VI,
1057 235 1117 279 12,
1153 237 1167 271 1
1203 235 1369 272 induci
1403 236 1549 275 indic-

137 313 231 344 tum
263 306 300 342 in
331 306 439 344 aliis.
479 306 516 342 in
548 306 631 342 aliis
667 306 898 342 indictum
937 305 1116 350 induci,
1162 306 1264 350 VII,
1295 307 1345 351 2,
1383 310 1422 344 11
1444 336 1453 348 ,
1484 309 1549 346 ubi

138 378 180 415 M
209 378 323 414 habet
355 377 476 413 unde
506 376 682 412 exodia
711 389 800 424 que
831 376 1051 421 exordia,
1079 376 1116 412 in
1142 376 1226 413 aliis
1251 389 1409 425 prorsus
1433 378 1549 423 idem,

138 449 176 485 in
207 448 291 485 aliis
321 448 442 484 unde
473 447 665 491 exodia,
707 459 803 494 quae
840 446 1027 486 exodia.
1114 446 1285 495 Quaeque
1316 448 1398 493 IV,
1429 449 1492 494 32,
1530 451 1542 485 1

138 520 175 556 in
205 520 285 556 MR
314 526 371 555 est
400 518 596 554 adnotatio
639 531 687 553 ex
725 517 896 565 margine
927 524 1104 566 suscepta
1145 518 1385 563 (hostibus
1423 520 1548 568 posi-

137 590 200 626 tis
231 589 287 625 ad
318 589 553 631 Fidenas),
585 588 678 632 VII,
713 590 774 632 16,
796 588 871 624 9in
896 588 936 624 M
959 588 1282 637 (prohibitum
1315 609 1363 616 —-
1396 589 1548 636 ferri),

137 673 268 697 earum
309 666 470 707 utraque
516 659 553 694 in
593 659 758 706 antiquis
800 658 1026 707 quibusdam
1074 659 1302 696 editionibus
1346 661 1545 709 reperitur.

138 730 456 779 (Neapolitanum
479 742 630 777 quoque
652 730 779 766 Latini
796 729 936 766 Latinii
960 729 1129 766 codicem
1161 730 1336 777 quaedam
1367 732 1548 769 habuisse

137 813 185 837 ex
214 801 282 844 iis,
325 812 408 848 quae
441 799 609 847 alioquin
639 800 681 836 M
711 799 869 847 propria
898 805 1006 843 sunt,
1047 806 1208 848 apparet
1236 801 1274 837 in
1305 802 1381 847 ΙΙΙ,
1415 804 1478 848 35,
1512 806 1547 849 5,

136 871 187 915 V,
225 873 285 915 17,
322 874 353 915 l,
385 871 477 913 VII,
509 871 544 914 2,
582 870 656 916 11.)

247 941 453 977 Proximus
493 940 657 976 Medicei
697 938 916 976 auctoritati
953 939 1183 977 Parisiensis
1226 948 1302 987 est,
1351 944 1411 979 cui
1445 956 1546 993 saepe

137 1011 303 1047 adhaeret
332 1010 582 1049 Klockianus,
612 1017 776 1047 ceterum
808 1023 855 1046 ex
886 1009 1150 1054 deterioribus,
1182 1012 1364 1061 cuiusque
1386 1015 1422 1051 in
1441 1023 1546 1052 secta

136 1082 294 1118 Hertzio
334 1081 500 1129 ponendi
543 1081 718 1117 videntur
759 1081 843 1118 cod.
874 1081 1172 1129 Bambergensis
1208 1083 1246 1119 in
1290 1084 1388 1121 libro
1420 1086 1544 1134 primo

135 1153 184 1188 ab
215 1152 496 1200 IIeerwagenio
534 1150 694 1186 collatus
737 1158 773 1187 et
812 1151 1085 1188 Einsiedlensis
1114 1160 1244 1201 partes
1284 1155 1370 1191 libri
1401 1157 1441 1200 Ι,
1471 1157 1544 1203 IV,

134 1222 206 1267 VI,
236 1222 372 1258 librum
404 1222 441 1257 V
471 1222 659 1270 integrum
685 1221 952 1270 complectens.
983 1222 1089 1258 cuius
1123 1224 1332 1273 scripturas
1362 1228 1543 1266 Hel-tzius

135 1295 183 1330 ab
218 1294 391 1342 Hauptio
433 1292 598 1340 accepit3
647 1291 728 1340 ipse
771 1293 817 1329 de
854 1293 899 1329 iis
940 1306 1009 1342 pro
1042 1300 1147 1330 certo
1177 1295 1347 1333 iudicare
1380 1311 1542 1347 nequeo,

135 1377 250 1415 quum
267 1363 534 1411 Heerwagenii
552 1361 720 1398 libellum
749 1375 826 1400 non
859 1363 1033 1409 viderim,
1064 1365 1219 1403 alterius
1249 1380 1393 1416 paucas
1423 1370 1542 1419 scrip-

134 1441 239 1470 turas
268 1434 452 1471 noverim.
512 1434 552 1470 Is
582 1433 704 1469 codex
729 1433 793 1482 (P)
824 1434 1013 1471 interdum
1044 1446 1131 1472 cum
1160 1436 1204 1473 M
1237 1438 1290 1484 (et
1302 1435 1352 1485 R)
1384 1440 1543 1488 propius

134 1505 395 1553 coniungitur,
437 1504 541 1540 velut
576 1503 614 1539 in
657 1503 781 1548 VIII,
821 1506 865 1541 31
909 1505 941 1541 is
979 1518 1132 1554 quoque
1175 1508 1276 1554 (cum
1306 1508 1542 1558 Klockiano)

133 1576 171 1612 in
199 1579 217 1620 ξ
253 1579 287 1619 5,
318 1575 467 1611 omissis
499 1573 663 1621 quinque
692 1574 833 1618 verbis,
864 1587 884 1611 e
914 1577 932 1619 ξ
966 1578 984 1611 7
1018 1588 1086 1613 sex
1116 1577 1193 1614 alia
1222 1579 1342 1614 verba
1370 1580 1543 1629 praecipit

134 1653 171 1682 et
201 1658 331 1681 eorum
366 1646 450 1681 loco
480 1644 634 1688 inserit,
679 1644 784 1680 cuius
814 1647 1123 1694 transpositionis
1155 1648 1298 1684 nullum
1334 1649 1371 1685 in
1406 1651 1541 1687 ceteris

133 1716 327 1752 codicibus
356 1715 557 1763 vestigium
587 1720 642 1750 est
674 1713 757 1762 (sed
787 1721 898 1751 tenue
928 1717 1085 1765 aliquod
1114 1718 1152 1754 in
1183 1720 1375 1756 veteribus
1406 1721 1541 1758 editio-

132 1786 242 1822 nibus
275 1799 322 1822 ex
349 1786 512 1822 obscuro
542 1785 605 1820 illo
636 1784 763 1830 sonte,
809 1798 920 1833 quem
960 1789 1075 1835 paulo
1115 1796 1203 1825 ante
1241 1790 1540 1839 demonstravi);

131 1856 197 1891 sed
227 1856 329 1892 solus
360 1856 402 1892 M
433 1854 524 1903 (ΒΡ)
557 1855 698 1891 omissa
726 1856 831 1904 prius
860 1858 979 1893 verba
1008 1866 1145 1907 postea
1174 1860 1345 1906 illorum,
1377 1874 1462 1910 quae
1492 1875 1540 1899 ex

132 1929 154 1971 §
187 1929 206 1963 7
240 1926 475 1975 transposita
504 1932 601 1970 sunt,
632 1925 717 1962 loco
747 1926 904 1973 inserit,
935 1929 968 1964 P
1003 1936 1040 1965 et
1068 1930 1206 1969 Klock.
1237 1944 1394 1980 prorsus
1427 1933 1538 1969 omit-

129 2002 224 2035 tunt.
316 1996 494 2034 Ceterum
528 2002 565 2033 et
594 1997 642 2032 ab
669 1996 712 2033 M
742 2002 778 2033 et
807 1998 855 2033 ab
886 1998 1027 2035 H1L1
1063 2000 1273 2049 seiungitur
1302 2003 1336 2039 P
1366 2015 1442 2039 non
1473 2016 1538 2040 so-

128 2066 219 2111 lum,
251 2067 354 2115 quod
383 2067 421 2103 iu
453 2079 497 2103 eo
527 2080 603 2103 non
633 2073 738 2112 sunt„
770 2081 854 2116 quae
883 2069 934 2105 illi
965 2069 1002 2105 in
1033 2069 1202 2116 lacunis,
1230 2074 1538 2122 transpositioni-

129 2137 224 2178 bus,
254 2137 467 2186 duplicibus
497 2137 712 2186 scripturis,
750 2139 1061 2175 adnotationibus
1100 2154 1120 2177 e
1160 2143 1332 2191 margine
1373 2145 1537 2193 receptis

128 2207 286 2255 propria
324 2207 483 2252 habent,
529 2207 595 2244 sed
633 2207 747 2244 etiam
787 2209 864 2245 suis
904 2210 1236 2260 peculiaribusquc
1266 2215 1458 2252 erroribus
1487 2217 1537 2253 ad

127 2277 306 2314 indicium
337 2279 547 2326 perspicuis
577 2284 613 2315 et
642 2279 774 2323 certis,
819 2279 882 2327 qui
930 2281 1111 2328 quoniam
1152 2283 1191 2319 in
1221 2284 1428 2322 deteriores
1458 2299 1535 2323 non

127 2348 369 2394 transierunt,
400 2349 439 2385 hi
469 2362 620 2397 quoque
651 2350 698 2386 ab
728 2349 827 2386 illius
857 2350 975 2399 stirpe
1005 2362 1267 2401 segregantur.
1326 2357 1535 2406 (Exempla

127 2431 148 2454 e
177 2418 275 2455 libro
309 2419 349 2455 X
380 2426 594 2465 sumantur3
636 2420 675 2456 in
717 2432 748 2456 c.
784 2421 855 2466 37,
902 2424 948 2457 10
987 2429 1024 2459 et
1067 2427 1108 2461 ll
1151 2432 1296 2474 septem
1328 2428 1448 2464 verba
1476 2428 1535 2464 bis

127 2487 363 2534 scribuntur;
395 2502 427 2526 c.
459 2491 523 2534 40,
556 2492 576 2526 5
606 2502 743 2526 novem
774 2492 893 2528 verba
923 2493 1166 2540 omittuntur3
1200 2508 1231 2534 c.
1265 2499 1328 2542 45,
1361 2500 1383 2534 9
1415 2504 1452 2534 et
1486 2501 1533 2535 10

128 2557 342 2605 quindecim
372 2565 530 2608 propter
558 2560 908 2598 Herculaneum
942 2564 1000 2601 bis
1029 2566 1214 2613 positum3
1245 2579 1277 2606 c,
1309 2574 1436 2605 autem
1472 2572 1533 2615 14,

129 2628 261 2665 6—10
294 2636 454 2678 apparet
484 2637 550 2666 aut
579 2630 742 2667 defuisse
771 2632 809 2668 in
839 2645 884 2669 eo
916 2634 1071 2680 codice,
1101 2636 1202 2673 unde
1231 2637 1443 2687 ‘descriptus
1473 2639 1535 2676 hic
