1811 2925
261 129 338 161 Lib.
371 130 482 162 XLII.
940 136 960 170 5
968 135 988 170 3
995 136 1017 170 Ο

259 253 321 298 rit,
356 254 537 301 quoniam
580 255 669 291 belli
714 256 879 293 societas
922 257 971 292 ab
999 257 1071 293 hac
1113 255 1325 293 tentatione
1365 260 1581 304 separatur,
1624 259 1691 290 aut

263 323 347 371 quis
377 324 416 359 in
444 324 590 361 etiam
627 325 862 374 significetur
883 339 1076 363 aseensus.
1139 326 1198 375 (Si
1226 326 1310 374 quis
1341 326 1382 361 si
1411 325 1689 374 interrogative

263 394 436 442 accipere
481 400 518 431 et
558 407 643 431 cum
685 402 880 433 tent-are
923 397 1156 446 coniungere
1199 402 1377 442 conetur,
1429 397 1555 433 obstet
1592 408 1689 432 cer-

259 471 413 510 neret3
460 478 624 514 pravum
667 472 725 502 est
767 467 885 503 enim:
927 474 1083 513 tento,
1127 468 1166 504 si
1206 468 1317 517 (ipse)
1363 479 1574 514 cernam3
1618 479 1689 516 po—

259 542 357 572 terat
388 536 483 573 dici:
529 537 569 573 si
616 537 825 586 aliquem
871 539 1098 576 amicitiae
1144 544 1414 586 respectum
1459 538 1688 579 haberet,

261 607 482 654 tentare.)
548 608 687 656 Itaque
719 610 962 646 scribendum
994 616 1106 657 puto:
1146 612 1396 649 retentare
1430 615 1512 645 aut
1542 608 1686 644 etiam

260 677 315 713 ad
358 678 476 714 belli
530 679 817 716 societatem
866 680 1111 728 perlicere
1152 680 1329 716 iussus.
1410 681 1514 716 Ante
1557 679 1688 715 omnia

258 747 458 783 Decimius
489 754 683 786 retentare
727 749 935 793 Gentium,
975 763 1021 786 ne
1056 751 1203 787 Persea
1246 751 1283 786 in
1322 762 1413 786 suas
1444 755 1575 798 partes
1606 757 1686 785 tra-

259 818 411 854 hentem
443 826 683 867 sequeretur,
715 821 933 865 iubebatur,
967 821 1116 865 deinde,
1148 821 1179 857 si
1208 828 1352 870 posset,
1384 821 1499 857 etiam
1529 820 1579 856 ad
1596 819 1686 856 belli

259 888 484 926 societatem
514 891 713 939 perlicere.
799 892 1000 929 Facillime
1041 898 1134 941 post
1185 898 1416 929 cerneret.
1452 891 1594 928 excidit
1637 903 1686 927 re

259 967 347 996 ante
377 965 401 1001 t.
468 962 702 998 Retentandi
733 964 853 999 verbo
878 964 1010 1000 Livius
1043 964 1157 1000 etiam
1189 964 1244 1009 X,
1281 967 1301 1000 5
1334 975 1424 1000 usus
1451 968 1518 999 est.
1583 963 1687 998 Tum

259 1034 345 1077 5¹4,
377 1032 442 1068 ubi
473 1038 547 1068 est:
590 1034 789 1082 Epirus,
834 1034 1025 1071 AEtolia
1067 1042 1113 1070 et
1143 1035 1430 1080 Thessalia,
1480 1033 1683 1070 delendum

258 1114 341 1138 esse
369 1109 412 1139 et
444 1109 570 1140 ortum
603 1117 651 1139 ex
682 1108 695 1143 t
726 1105 901 1152 sequenti
949 1111 1008 1149 (ut
1042 1118 1072 1143 c.
1109 1108 1173 1151 46,
1208 1108 1241 1150 7,
1273 1106 1481 1150 XXXIX,
1526 1106 1589 1147 33,
1630 1103 1683 1153 1).

258 1173 464 1210 debueram
498 1175 686 1210 adnotare
720 1175 769 1211 ad
800 1176 876 1219 III,
927 1179 956 1212 1.
1001 1179 1021 1212 5
1054 1189 1090 1224 p.
1127 1178 1190 1212 70.
1259 1176 1408 1212 Eodem
1440 1175 1565 1223 capite
1597 1178 1614 1219 ξ
1650 1177 1684 1213 7.

257 1243 321 1280 ubi
366 1244 419 1281 sic
470 1245 614 1281 editur:
674 1246 871 1282 Lentuli
934 1247 1291 1282 circumeuntes
1353 1246 1684 1295 Peloponnesi

257 1315 436 1362 oppida
486 1328 625 1363 quum
809 1317 1044 1353 civitates
1095 1317 1508 1361 adhortarentur,
1564 1344 1685 1359 ....,

257 1384 506 1421 fremitum
551 1386 595 1421 in
651 1387 968 1424 contionibus
1026 1387 1314 1423 audiebant.
1382 1388 1570 1424 Achaeis
1620 1387 1684 1422 in-

256 1454 580 1503 dignantibus
612 1463 698 1502 cet.‚
730 1470 806 1493 non
838 1458 949 1494 nimis
982 1472 1051 1507 per
1081 1470 1121 1494 se
1144 1458 1269 1507 placet
1303 1458 1396 1494 illud
1431 1457 1684 1494 fremitum

256 1526 425 1562 audire
460 1527 506 1562 de
537 1527 606 1568 iis,
651 1528 790 1575 quibus
822 1529 1034 1565 dicentibus
1065 1529 1239 1565 homines
1267 1529 1504 1572 fremebant3
1547 1529 1614 1565 sed
1644 1529 1683 1565 in

256 1597 386 1633 codice
425 1598 478 1633 sic
524 1599 721 1635 scribitur:
775 1599 1019 1636 fremitum
1061 1600 1105 1636 in
1150 1600 1463 1636 contionibus
1506 1599 1684 1636 freme-

255 1668 388 1712 bant,
432 1669 612 1705 Acheis
654 1667 1090 1718 indig11antib11s.1)
1168 1671 1412 1711 Videndumq
1459 1682 1505 1706 ne
1548 1670 1681 1706 Livius

254 1736 499 1774 fremitum
521 1740 581 1780 (in
607 1740 926 1777 contionibus
949 1748 1033 1778 est.
1055 1742 1245 1777 Achaeis
1264 1741 1350 1785 cet.)
1371 1740 1682 1789 impersonaliter

254 1810 405 1854 dixerit,
436 1817 477 1846 ut
510 1810 601 1846 alibi
635 1811 989 1846 tumultuatum
1029 1812 1117 1854 (etsi
1156 1812 1293 1848 licebat
1325 1811 1503 1848 usitatius
1535 1811 1679 1847 dicere:

254 1880 472 1916 fremitus
503 1880 548 1915 in
580 1887 705 1916 cont.
736 1880 862 1926 fuit),
895 1881 1165 1918 fremebant
1206 1883 1378 1919 additum
1409 1883 1458 1918 sit
1489 1883 1537 1918 ab
1569 1894 1682 1917 enar-

254 1950 366 1985 ranti.
444 1951 597 1987 Maiore
645 1952 841 1988 molimine
888 1965 984 2001 opus
1036 1959 1091 1989 cst
1135 1954 1171 1988 in
1217 1953 1285 1997 iis,
1336 1966 1420 2000 quae
1467 1959 1680 2000 sequuntur

255 2023 288 2064 (ξ
338 2020 390 2069 8).
483 2022 543 2058 Ea
589 2022 641 2058 sic
705 2023 885 2058 eduntur:
940 2052 975 2061 .,
1035 2023 1226 2059 Aehaeis
1282 2023 1678 2071 indignantibus,

253 2092 419 2127 eodem
459 2104 507 2128 se
554 2092 668 2128 loco
700 2104 825 2128 esse.
864 2092 945 2140 qui
978 2093 1135 2129 omnia
1173 2106 1195 2128 a
1225 2093 1492 2142 principiis
1521 2094 1675 2130 Mace-

253 2162 416 2198 donici
453 2163 570 2199 belli
603 2163 960 2211 praestitissent
1007 2163 1239 2200 Romanis
1276 2170 1317 2199 et
1350 2164 1675 2201 Macedonum

254 2232 473 2280 Philippi
510 2234 639 2269 bello
672 2235 843 2269 hostes
875 2233 1103 2279 fuissent,
1139 2247 1232 2282 quo
1266 2235 1497 2271 Messenii
1530 2240 1680 2284 atque

252 2302 372 2347 Elii,
405 2303 487 2350 qui
524 2316 608 2351 pro
644 2303 893 2341 Antiocho
935 2306 1078 2342 hoste
1117 2318 1250 2341 arma
1283 2306 1523 2343 adversus
1558 2319 1597 2355 p.
1632 2307 1678 2343 R.

253 2372 481 2408 tulissent
512 2387 586 2417 ac,
628 2387 782 2422 nuper
828 2376 871 2411 in
908 2375 1171 2411 Achaicum
1212 2376 1478 2413 contributi
1519 2377 1677 2413 conci-

252 2442 379 2485 lium,
435 2443 565 2479 velut
615 2446 861 2493 praemium
910 2446 1028 2481 belli
1074 2459 1120 2481 sc
1169 2446 1443 2482 victoribus
1490 2447 1679 2483 thaeis

278 2656 309 2697 ¹)
345 2660 562 2700 Kreyssigius
591 2661 621 2689 in
643 2661 759 2690 codice
788 2662 1027 2691 audiebant
1055 2662 1295 2693 fremebant
1318 2673 1391 2694 esse
1415 2664 1569 2694 credidit.
