1811 2925
826 150 902 187 613
1354 148 1428 179 Lib.
1455 147 1570 179 XLV.

158 271 420 308 struxisse.
499 273 586 309 Hoc
616 273 768 321 quidem
817 284 891 309 non
935 271 1116 319 reliqui
1160 270 1288 307 nescio
1320 271 1385 319 qui
1415 272 1571 320 (praeter

159 342 309 378 multo
354 343 518 392 plures
566 343 707 390 alios)
755 342 948 387 fecerunt,
994 343 1060 379 sed
1099 342 1151 378 illi
1188 341 1284 390 ipsi,
1328 342 1392 390 qui
1423 341 1570 378 occulte

159 412 343 450 favebant
372 415 530 453 Perseo.
609 414 824 451 Durissime
855 414 959 451 deest
991 413 1143 449 dativus
1179 412 1282 460 apud
1311 412 1472 448 verbum
1503 411 1570 448 fa-

157 483 301 520 visse.
367 484 463 521 Cod.
496 485 675 534 reliqui
821 485 1191 522 instruxissent.
1258 482 1350 519 Non
1389 488 1573 531 quattuor

157 553 194 589 in
214 554 362 591 duabus
383 556 542 592 vocibus
563 555 708 599 litterae,
733 555 835 604 quod
851 555 1042 604 Grynaeus
1076 555 1177 598 fecit,
1209 554 1275 590 sed
1294 566 1369 590 una
1385 553 1571 589 mutanda

158 631 257 660 crat:
289 624 414 661 alios
445 639 497 662 ex
529 626 720 663 occulto
752 625 936 662 favisse
968 627 1092 676 regi,
1126 626 1203 678 qui
1241 638 1326 674 per
1359 624 1569 673 speciem

156 697 339 732 tuendae
369 697 451 734 lib.
569 724 577 733 .
609 697 765 733 omnia
807 696 1175 733 instruxissent.
1249 694 1362 743 Quod
1394 695 1570 743 proxime

155 770 194 814 (ξ
229 767 269 810 8)
301 767 494 804 scribitur:
525 767 618 804 nisi
649 768 822 805 fractis
853 767 1034 804 animis
1074 767 1317 815 partium,
1360 766 1396 802 in
1440 766 1571 802 codice

156 850 225 885 pro
256 838 466 886 partium
521 845 577 874 est
623 839 823 887 aptium.
874 850 943 875 nec
973 837 1140 886 partium
1169 837 1317 873 animos
1346 836 1473 885 frangi
1504 836 1572 872 illi.

156 920 317 955 quorum
351 908 474 945 oratio
506 908 682 953 refertur,
727 909 920 953 volebant,
967 908 1034 944 sed
1081 908 1282 944 contrariae
1328 914 1393 944 aut
1445 908 1569 944 dubiae

154 979 285 1026 partis.
346 979 390 1015 In
422 980 604 1028 aptium
635 979 809 1028 suspicor
837 978 956 1014 latere
986 978 1232 1022 vocabulum,
1277 990 1352 1026 quo
1385 978 1570 1027 ancipites

155 1049 211 1094 (οἱ
247 1048 696 1101 ἐπαμφοτερίζοντες)
727 1049 1011 1097 significentur,
1042 1049 1223 1085 contrarii
1249 1049 1307 1093 iis,
1340 1049 1417 1097 qui
1449 1048 1572 1085 nihil

152 1128 326 1168 praetcr
355 1121 605 1169 imperium
641 1122 963 1157 Romanorum
995 1126 1287 1168 spectarent.

266 1190 361 1240 Cap.
395 1193 458 1232 32,
495 1193 516 1228 8
550 1192 618 1235 (de
648 1192 694 1228 L.
723 1189 932 1238 AEmilio):
984 1191 1058 1228 Ab
1089 1190 1237 1226 seriis
1268 1191 1411 1227 rebus
1441 1189 1572 1226 ludi-

152 1272 300 1306 crum,
344 1263 468 1310 quod
504 1275 560 1298 ex
592 1261 742 1298 multo
774 1270 884 1297 ante
922 1268 1226 1310 praeparatm
1271 1268 1315 1297 et
1358 1261 1403 1297 in
1442 1261 1571 1298 Asiae

153 1331 386 1368 civitates
417 1340 462 1369 et
491 1333 555 1369 ad
584 1344 724 1381 reges
757 1331 941 1375 missis,
988 1332 1071 1380 qui
1114 1331 1481 1375 denuntiarent,
1527 1337 1570 1368 et

154 1414 290 1449 quum
322 1403 605 1439 circumiret
635 1402 741 1451 ipse
772 1401 971 1439 Graeciae
1015 1403 1268 1442 civitates,
1315 1402 1571 1439 indixerat

154 1471 482 1521 principibus.
514 1485 684 1521 magno
717 1480 960 1521 apparatu
988 1473 1273 1522 Amphipoli
1303 1472 1435 1511 fecit.
1496 1473 1573 1509 Lu-

154 1542 300 1579 dicrum
330 1557 384 1580 ex
418 1544 571 1580 multo
603 1550 713 1580 ante
742 1551 1028 1592 praeparato
1066 1545 1119 1581 fit.
1142 1556 1218 1580 non
1235 1543 1425 1581 indicitur.
1488 1543 1574 1580 Nec

155 1622 256 1650 recte
287 1615 477 1650 cohaercnt
511 1615 592 1651 haec
631 1615 696 1663 (-
731 1615 785 1651 sic
815 1614 914 1650 enim
948 1620 1225 1651 connectuntur
1254 1614 1342 1661 —):
1382 1613 1572 1650 indixerat

156 1685 486 1733 principibus,
519 1693 553 1722 et
583 1686 621 1722 in
652 1685 758 1722 Asiae
788 1686 962 1722 civitates
1005 1693 1042 1721 et
1072 1686 1131 1721 ad
1162 1697 1300 1734 reges
1340 1685 1478 1730 missis,
1510 1685 1574 1733 qui

157 1755 436 1796 denuntiarent,
480 1763 517 1792 et·
547 1769 662 1804 quum
695 1757 777 1805 ipse
808 1756 1024 1792 circumiret
1054 1757 1241 1793 civitates.
1304 1756 1384 1792 Pro
1419 1755 1574 1792 Indix-

158 1832 261 1861 erat
291 1826 414 1862 codex
444 1826 559 1862 habet
589 1826 859 1875 indignato.
938 1826 1089 1863 Livium
1123 1827 1321 1875 scripsisse
1361 1833 1454 1875 puto
1487 1825 1573 1875 (etsi

158 1895 195 1932 in
227 1896 302 1932 alio
333 1897 465 1933 codice
495 1897 663 1934 violenta
694 1898 774 1934 haec
809 1896 995 1934 correctio
1033 1897 1266 1938 videi-etum:
1325 1898 1397 1934 Ab
1431 1897 1575 1933 seriis

158 1967 298 2003 rebus
329 1967 563 2004 ludicrum
594 1963 697 2015 (cod.
728 1968 943 2005 ludorum
987 1967 1129 2016 quod)
1171 1980 1226 2004 ex
1266 1968 1416 2004 multo
1464 1975 1574 2004 ante

159 2045 456 2086 praeparato,
498 2045 541 2074 et
570 2037 615 2073 in
646 2038 774 2074 Asiae
804 2039 1032 2075 civitates
1064 2045 1108 2074 et
1139 2039 1195 2075 ad
1224 2050 1362 2087 reges
1394 2038 1573 2083 missis,

161 2107 239 2154 qui
269 2108 633 2144 denuntiarent.
666 2115 729 2153 et,
766 2121 904 2157 quum
936 2109 1213 2145 circumiret
1243 2110 1348 2158 ipse
1379 2109 1575 2147 Graeciae

161 2177 413 2226 civitates,
461 2179 688 2218 invitatis
744 2180 1070 2228 principibus,
1122 2192 1290 2229 magno
1337 2186 1575 2229 apparatu

162 2246 291 2283 fecit.
356 2248 441 2284 Iam
486 2254 589 2285 recte
637 2249 766 2285 omnia
811 2250 909 2286 inter
952 2262 992 2287 se
1029 2251 1274 2299 respondent.
1351 2251 1413 2288 Ex
1455 2250 1575 2287 multo

163 2326 251 2354 ante
281 2325 498 2367 praeparato
528 2318 606 2355 ludi
636 2320 796 2363 fiebant:
838 2334 927 2357 nam
968 2328 1005 2357 et
1045 2321 1083 2357 in
1125 2322 1261 2358 Asiam
1293 2322 1469 2367 miserat,
1511 2321 1576 2370 qui

164 2388 441 2433 denuntiarent,
472 2395 509 2425 et
537 2389 574 2425 in
610 2389 763 2427 Graecia
791 2391 874 2440 ipse
903 2391 1094 2440 principes
1123 2392 1366 2432 invitaverat.

277 2458 372 2507 Cap.
407 2460 469 2504 33,
502 2462 523 2495 4
565 2459 645 2499 (ubi
687 2468 1010 2498 commemoratur
1057 2462 1168 2511 copia
1207 2475 1334 2499 rerum
1381 2469 1418 2499 et
1446 2463 1575 2499 vilitas

166 2542 327 2566 annonae
358 2530 396 2566 in
435 2537 623 2567 conventu
667 2531 845 2568 ludorum
887 2535 1043 2577 causa):
1095 2539 1141 2569 ut
1185 2539 1229 2569 et
1278 2533 1490 2582 privatis
1531 2539 1577 2569 et

167 2600 457 2637 civitatibus
487 2608 531 2637 et
560 2601 784 2649 gentibus
815 2602 939 2638 dona
968 2603 1082 2639 data
1222 2603 1318 2639 sint
1348 2604 1404 2640 ab
1435 2603 1577 2652 impe-

167 2676 331 2706 ratore
359 2683 449 2707 non
476 2671 612 2707 modo
641 2670 687 2707 in
706 2683 837 2708 usum
859 2679 1139 2720 praesentem
1168 2673 1249 2709 sed
1268 2673 1392 2721 quod
1414 2673 1578 2710 domos

168 2741 443 2780 aveherent.
507 2741 737 2778 Necessario
767 2742 1028 2779 scribendum:
1072 2743 1154 2779 sed
1185 2755 1283 2791 quae
1312 2742 1476 2779 domos
1507 2755 1577 2781 av.
