1811 2925
281 158 356 189 Lib.
372 158 521 189 xxvu.
928 161 1005 197 328

258 293 394 317 manca
424 288 523 324 sunt,
565 279 580 325 (
587 288 747 328 apparet
791 279 890 315 enim
922 279 1131 318 desiderari
1160 283 1317 319 verbum
1350 291 1553 332 postremae
1583 296 1669 321 sen-

258 351 396 393 tcntiae,
430 350 489 385 cui
520 350 752 398 adiungatur
782 350 1119 397 transiturus,)
1162 352 1267 389 varie
1316 354 1507 402 corrigere
1544 360 1670 390 tenta-

258 426 344 455 runt
377 432 446 456 nec
477 426 637 457 conatus
668 421 740 456 nisi
771 420 891 456 veteri
927 420 1055 456 nescio
1099 422 1159 458 cui
1206 423 1441 459 emendatori
1471 423 1508 459 in
1538 423 1671 471 primis

257 490 385 526 verbis
416 490 577 526 feliciter
611 491 806 527 successit.
865 490 1118 538 Perspicuum
1150 498 1218 533 est,
1260 499 1349 541 post·
1378 493 1577 541 superiora
1606 493 1671 529 illa

260 558 293 609 (ξ
327 561 365 605 8)
397 560 535 608 signa
565 560 687 597 ferri
717 561 884 603 iussit,
924 573 1000 596 non
1051 574 1166 608 posse
1207 562 1343 599 iterum
1385 562 1670 599 Hasdrubalem

258 629 358 665 nude
396 629 506 677 signa
538 629 628 666 ferri
659 631 816 666 iussisse
846 631 1008 673 narrari,
1040 632 1106 667 sed
1137 644 1221 667 cum
1256 632 1385 679 aliqua
1417 632 1671 669 adiunctione.

260 700 321 735 Ex
376 699 440 735 illo
495 707 642 736 autem:
703 713 840 748 quum
1017 701 1366 748 processisset,
1427 702 1672 738 manifestum

260 777 328 814 est,
372 783 478 807 eum.
523 771 681 807 ducibus
725 770 888 814 amissis,
935 776 1063 806 tamen
1108 771 1231 819 primo
1272 778 1451 808 conatum
1481 784 1563 808 esse
1593 772 1673 808 sine

259 840 418 876 ducibus
476 841 674 889 progredi:
733 840 772 876 id
825 854 902 888 qua
956 841 1105 877 ratione
1156 840 1283 877 facere
1331 840 1542 885 studuerit,
1600 841 1673 877 illis

260 911 389 947 verbis
441 911 584 959 signa
631 910 752 946 ferri
800 917 869 946 cet.
914 911 1140 949 declaratur.
1220 912 1357 958 Itaque
1401 912 1481 946 haec
1524 910 1675 946 videtur

262 981 379 1016 fuisse
408 981 483 1016 loci
514 980 658 1016 forma:
702 980 1003 1023 Hasdrubal,
1049 981 1151 1016 dum
1190 981 1269 1016 lux
1300 981 1425 1016 viam
1456 981 1674 1017 ostende-

262 1057 330 1087 ret
362 1050 431 1097 (sic
461 1051 538 1086 iam
570 1050 607 1085 in
639 1050 785 1098 aliquot
807 1051 1060 1087 deterioribus
1083 1051 1276 1087 codicibus
1298 1050 1505 1098 scribitur),
1537 1050 1675 1098 signa

262 1122 382 1160 ferri
428 1121 562 1159 iubet
607 1133 691 1168 per
745 1121 961 1156 tortuosi
1012 1121 1164 1157 amnis
1223 1122 1353 1157 sinus
1397 1120 1675 1167 flexusque:

263 1203 400 1238 quum
431 1203 643 1226 errorem
683 1190 886 1225 volvens
931 1191 1058 1226 haud
1096 1191 1295 1227 multum
1333 1190 1674 1239 processisset,

264 1259 550 1310 [substitit,]
583 1261 662 1296 ubi
706 1260 860 1308 prima
904 1260 989 1296 lux
1038 1261 1300 1297 transitum
1352 1266 1674 1309 opportunum

264 1330 580 1374 ostendisset,
620 1330 943 1367 transiturus.
1027 1331 1112 1366 Iam
1165 1331 1294 1366 onmia
1339 1338 1441 1366 recte
1487 1332 1677 1366 cohaerent

263 1401 393 1447 reique
424 1400 519 1435 ordo
551 1406 724 1447 apparet.
786 1400 956 1436 Primum
988 1401 1224 1444 Hasdrubal,
1254 1401 1406 1448 longius
1437 1413 1460 1436 a
1490 1400 1676 1437 Romanis

264 1470 482 1506 discedendi
513 1470 693 1517 cupidus,
739 1482 863 1517 usque
905 1471 992 1506 dum
1039 1471 1106 1506 lux
1136 1471 1286 1507 reddita
1316 1471 1417 1506 viam
1452 1471 1680 1515 ostenderet,

264 1541 360 1589 (tum
403 1541 502 1576 enim
548 1552 670 1576 caecae
716 1541 881 1576 tenebrae
913 1540 1057 1588 erant,)
1112 1541 1230 1589 ipsius
1260 1541 1365 1576 fluvii
1396 1540 1572 1588 quamvis
1602 1546 1680 1575 tor-

263 1610 364 1646 tuosi
395 1610 498 1646 sinus
529 1611 636 1658 sequi
668 1611 886 1655 constituit3
917 1611 952 1646 id
986 1624 1101 1659 quum
1136 1612 1246 1647 nimis
1278 1619 1375 1647 esset
1396 1610 1561 1654 difficile,
1591 1610 1681 1645 sub·

265 1680 372 1717 stitit.
433 1681 495 1716 Ex
526 1680 616 1716 iam
648 1682 957 1717 ostendentis
996 1682 1052 1727 (in
1097 1694 1172 1729 quo
1216 1682 1299 1717 duae
1336 1688 1516 1717 extremae
1547 1680 1681 1716 litterae

265 1764 312 1786 ex
342 1750 474 1798 primis
505 1750 541 1785 in
583 1751 723 1798 signa
765 1758 857 1787 ortae
900 1750 1002 1799 sunt)
1041 1758 1144 1787 recte
1185 1752 1410 1788 emendator
1448 1751 1510 1786 ille
1557 1749 1682 1786 effecit.

264 1822 387 1857 xiam
418 1820 720 1865 ostenderem
764 1821 900 1857 deinde
933 1829 975 1857 et
1020 1822 1168 1866 sustuli,
1214 1829 1337 1857 ortum
1371 1820 1603 1869 geminando
1635 1832 1682 1855 ex

265 1892 407 1928 iubet.
480 1892 611 1937 Atque
652 1891 724 1926 hoc
766 1890 903 1938 signa
948 1891 1068 1927 ferri
1115 1892 1245 1928 iubet
1296 1904 1378 1939 per
1549 1889 1681 1925 sinus

264 1973 424 2010 prorsus
466 1967 609 1996 certum
656 1969 724 1998 est.
811 1957 961 2009 Signa
1011 1961 1132 1998 ferri
1183 1962 1270 2009 (pro
1320 1960 1469 2003 ferre,
1519 1966 1603 1995 orto
1635 1971 1681 1994 ex

265 2031 518 2076 feri-iubet)
549 2030 789 2066 scribendum
823 2039 903 2067 erat
935 2039 975 2067 ut
1007 2036 1024 2076 ξ
1057 2034 1092 2076 9,
1123 2039 1163 2067 ut
1193 2032 1397 2075 XXVIII,
1433 2032 1465 2073 1,Ἰ
1497 2032 1518 2065 9
1552 2037 1587 2065 et
1624 2032 1682 2071 16,

274 2103 304 2144 1,
335 2107 375 2135 ut
409 2113 568 2148 semper.
641 2101 685 2136 In
724 2101 910 2149 proximis
942 2103 1070 2138 verbis
1101 2101 1341 2138 scribendum
1367 2108 1479 2149 puto:
1539 2111 1683 2146 quau-

267 2176 360 2204 tum
392 2183 414 2205 a
445 2170 563 2205 mari
593 2171 902 2207 abscedebat.
966 2173 1101 2221 Inepte
1131 2185 1259 2207 mare
1296 2171 1559 2206 abscedere
1592 2168 1683 2204 dici-

268 2246 340 2283 tur,
373 2252 489 2286 quum
522 2241 648 2288 agitur
680 2241 725 2276 de
757 2242 852 2277 duce
884 2248 919 2277 et
951 2243 1119 2278 exercitu
1151 2243 1199 2277 ab
1230 2240 1409 2277 inferiore
1430 2246 1541 2287 parte
1562 2238 1682 2274 amnis

269 2309 317 2344 ad
351 2310 550 2357 superiora
583 2323 715 2346 versus
746 2312 818 2347 iter
848 2311 1014 2356 facienti,
1046 2312 1101 2347 ita
1132 2317 1169 2347 ut
1202 2324 1306 2346 mare
1338 2308 1456 2346 oculis
1488 2320 1564 2343 non
1593 2307 1683 2342 sub-

268 2378 406 2414 iectum
437 2376 537 2425 sit.¹)

295 2544 326 2585 ¹)
361 2545 444 2586 Cap.
472 2550 525 2578 49.
553 2551 571 2577 2
611 2557 720 2586 neque
767 2547 952 2587 regendi
987 2557 1085 2590 spes
1120 2552 1209 2577 recte
1235 2546 1359 2575 dicitur
1383 2555 1443 2585 pro
1468 2544 1684 2584 regimine

364 2617 471 2647 neque
498 2608 640 2637 vincit
666 2617 796 2648 spem,
825 2609 883 2648 qui
910 2608 1006 2639 tollit.
1057 2608 1185 2638 Verum
1212 2613 1272 2643 est,
1300 2607 1389 2647 quod
1407 2605 1684 2637 W'eissenbornio

365 2669 398 2698 in
425 2674 571 2699 mentem
598 2669 686 2698 veuit
712 2670 871 2709 quodque
896 2670 967 2709 ipse
993 2670 1208 2699 adnotatam:
1245 2669 1317 2698 ubi
1342 2667 1542 2705 regentis
1572 2676 1685 2707 spre-

365 2730 541 2761 vissent.
