1811 2925
271 151 345 182 Lib.
375 151 471 182 vm.
897 153 969 188 168

224 281 356 311 serat
394 275 587 311 Romam
629 280 924 322 compertum
979 274 1179 321 (barbare3
1224 288 1348 323 neque
1385 275 1483 311 enim
1514 287 1639 311 eom-

224 352 408 393 pertum
441 344 632 381 mittere
663 344 840 385 dicitur);
879 343 1137 382 Cornelius
1177 346 1415 383 delectum
1445 351 1540 391 cet.7
1572 345 1641 381 ad-

224 416 303 452 dito
333 415 506 459 nomine,
545 415 650 451 cuius
681 427 728 451 ne
759 415 957 452 minimum
1000 415 1153 463 quidem
1190 416 1394 464 vestigium
1424 415 1462 451 in
1493 415 1642 452 codici-

224 488 294 524 bus
326 492 400 531 est3
433 486 497 522 alii
527 492 673 522 autem:
716 486 936 529 1niserat3
983 484 1242 522 Cornelius
1289 486 1526 523 delectum
1557 493 1641 531 cet„

225 557 405 593 detractis
435 570 506 606 pro
539 555 706 593 Cornelii
736 556 890 592 nomine
921 556 1070 592 duabus
1101 556 1279 602 vocibuS‚
1319 570 1403 605 quae
1451 557 1532 594 sine
1563 557 1641 593 ulla

224 628 411 664 varietate
447 627 736 676 perscribuntur
780 628 818 663 in
850 627 1026 663 omnibus
1070 627 1276 663 codicibus.
1396 627 1472 665 Sed
1518 627 1644 664 maior

224 699 262 735 in
293 700 365 735 hoc
397 699 522 747 capite
566 709 626 734 res
681 698 1022 734 commemoranda
1052 704 1127 743 est,
1176 711 1292 746 quam
1330 698 1497 734 breviter
1526 697 1641 746 signi-

224 769 337 806 ficavi
369 770 406 805 in
442 768 642 818 prooemio
673 781 709 817 p.
742 770 792 805 26
826 769 875 805 in.
953 769 1056 805 Nam
1090 771 1107 813 ξ
1139 771 1183 805 10
1217 781 1236 805 e
1268 768 1393 805 medio
1427 768 1641 817 legatorum

224 842 488 878 Rornanorum
521 853 569 875 ex
598 840 692 876 urbe
724 840 927 876 missorum
963 852 1047 875 cum
1066 839 1302 876 Samnitibus
1333 839 1538 887 colloquio,
1561 838 1638 880 ubi,

225 911 352 960 posito
382 913 648 948 Romanorum
679 911 729 947 ad
761 911 991 949 Samnitium
1022 910 1338 959 provocationem
1360 922 1558 959 responso,
1577 922 1643 946 ex-

226 988 456 1030 spectamus,
487 988 528 1018 ut
559 982 737 1030 primum,
776 982 866 1029 quid
897 982 1034 1018 deinde
1066 981 1207 1017 dictum
1239 980 1373 1028 quisve
1410 980 1495 1017 finis
1525 980 1642 1017 collo-

227 1053 305 1100 quii
335 1052 460 1097 suerit,
491 1060 571 1089 tum
603 1054 741 1090 bellum
772 1053 956 1089 indictum
993 1059 1029 1089 et
1046 1052 1127 1100 geri
1146 1058 1323 1100 coeptum
1342 1058 1528 1095 narretur,
1555 1051 1643 1087 sub-

231 1123 282 1159 ito
315 1123 530 1159 mirabundi
563 1124 612 1160 ad
647 1124 856 1160 Publilium
889 1123 1084 1160 consulem
1106 1123 1396 1172 Palaepolitanis
1423 1122 1642 1170 oppositum

227 1201 264 1231 et
293 1207 373 1230 rem
403 1195 478 1230 iam
511 1196 559 1231 ab
591 1207 635 1231 eo
666 1202 814 1243 gestam
840 1194 1117 1235 transferimur,
1148 1195 1220 1230 hoc
1241 1192 1473 1229 narrationis
1492 1199 1643 1228 tenore:

229 1265 403 1314 Legati
435 1266 757 1301 Romanorum
794 1278 931 1313 quum
962 1277 1009 1300 se
1040 1277 1130 1300 non
1161 1277 1252 1311 quo
1288 1263 1445 1299 hostis
1477 1275 1643 1299 vocas-

228 1344 310 1380 sen
343 1336 421 1371 sed
454 1348 545 1383 quo
577 1336 903 1384 imperatores
935 1335 1011 1371 sui
1042 1334 1311 1373 duxissentq
1342 1334 1502 1369 ituros
1536 1345 1643 1369 esse

228 1406 610 1454 respondissent,
643 1407 733 1443 iam
756 1406 1007 1443 Publilius
1028 1404 1643 1452 intel-PalaepolimNeapo-

227 1477 406 1525 limque
452 1478 560 1514 loco
607 1484 886 1526 opportuno
932 1482 1073 1525 capto
1119 1475 1384 1511 diremerat
1424 1475 1647 1510 hostibus

228 1549 513 1585 societatem
546 1544 732 1584 auxilii
763 1547 925 1585 mutui.
997 1546 1099 1594 Quid
1137 1551 1264 1594 potest
1296 1545 1514 1594 perversius
1545 1545 1649 1593 eogi-

229 1620 301 1655 tari
336 1633 464 1668 quam,
495 1633 571 1656 non
617 1632 692 1667 quo
726 1626 899 1667 tempore
944 1617 1177 1664 colloquium
1220 1616 1432 1664 legatorum
1476 1615 1648 1652 habitum

229 1691 288 1735 siti
321 1691 409 1726 alibi
443 1691 587 1738 aliquid
619 1690 695 1726 iam
730 1697 879 1738 gestum
912 1688 1073 1732 narrari,
1105 1688 1171 1724 sed
1206 1700 1281 1735 quo
1314 1693 1486 1735 tempore
1515 1686 1554 1722 in
1584 1686 1649 1722 illo

229 1762 421 1810 colloquio
467 1762 515 1797 ad
565 1761 732 1809 superba
764 1759 996 1797 Samnitium
1049 1759 1170 1795 verba
1201 1758 1328 1794 statim
1360 1758 1461 1793 iacta
1490 1769 1649 1806 respon-

229 1832 373 1868 dissent
403 1832 546 1880 aliquid
578 1830 768 1868 Romani?
819 1831 1000 1867 Senserat-
1030 1830 1104 1865 hoc
1133 1842 1295 1877 pravum
1327 1841 1410 1864 esse
1436 1834 1544 1864 vetus
1565 1828 1651 1875 qui-

230 1904 320 1939 dam
351 1904 484 1943 editor.
517 1903 582 1951 qui
614 1902 771 1951 primuS,
808 1908 846 1937 ut
878 1913 1004 1936 rerum
1038 1913 1115 1936 non
1154 1900 1426 1936 cohaerentium
1456 1898 1648 1947 ineptissi-

232 1988 333 2010 mam
365 1974 648 2023 copulationem
680 1972 833 2008 tolleret
877 1977 914 2007 et
956 1972 1068 2007 finem
1109 1971 1275 2019 aliquem
1305 1969 1484 2016 colloquii
1515 1981 1650 2004 narra-

230 2045 324 2081 tioni
354 2046 587 2094 imponeret,
618 2044 671 2080 sic
700 2043 826 2079 locum
859 2042 1104 2090 interpolavit
1153 2042 1285 2089 (quam
1316 2039 1650 2088 interpolationem

230 2115 574 2152 Drakenborchius
619 2115 657 2151 in
698 2114 824 2150 multis
856 2119 1026 2149 veterum
1059 2112 1265 2148 editionum
1299 2123 1380 2147 esse
1411 2110 1546 2155 dicit),
1576 2122 1653 2146 non

232 2198 323 2222 sane
356 2187 552 2234 eleganter
582 2198 651 2222 nec
684 2198 769 2221 cum
792 2196 933 2232 magno
956 2183 1102 2218 fructu:
1136 2182 1310 2230 Legati
1329 2183 1652 2218 Romanorum

232 2259 323 2295 lum
354 2268 401 2291 se
435 2278 481 2282 ——
514 2257 671 2292 ituros
703 2268 806 2291 esse
837 2253 1206 2306 responderunt.
1274 2254 1372 2289 Iam
1404 2251 1652 2288 Publilius

233 2332 302 2362 cet.
362 2327 423 2363 Ex
457 2327 591 2363 ceteris
627 2326 838 2363 editoribus
870 2337 966 2360 unus
998 2322 1333 2359 Weissenbornius
1367 2323 1479 2358 valde
1517 2322 1651 2358 duram

233 2409 316 2433 esse
337 2397 568 2433 narrationis
592 2396 920 2433 continuationem
941 2394 1154 2430 adnotavit.
1201 2394 1326 2430 Nemo
1343 2393 1459 2441 igitur
1481 2393 1653 2429 animad-

232 2469 367 2513 vertit,
417 2469 597 2505 lacunam
640 2467 699 2503 hic
739 2479 823 2502 esse
861 2479 937 2501 non
969 2477 1181 2513 paucorum
1213 2464 1438 2507 verborum,v
1470 2463 1537 2499 sed
1569 2475 1653 2510 quae

233 2540 414 2588 colloquii
444 2540 544 2575 illius
576 2539 686 2582 finiti,
721 2537 807 2574 belli
839 2535 1075 2574 Samnitibus
1106 2534 1260 2577 indicti,
1312 2534 1518 2582 Palaepolis
1549 2533 1654 2569 deni-

235 2623 307 2658 que
339 2609 504 2645 obsideri
533 2616 680 2657 coeptae
703 2615 741 2644 et
772 2608 810 2643 in
842 2606 1052 2655 periculum
1074 2605 1247 2641 adductae
1278 2604 1538 2640 narrationem
1559 2604 1654 2639 hau-

233 2680 341 2725 serit3
392 2692 480 2715 nam
527 2691 557 2715 c.
591 2680 660 2722 22,
708 2679 728 2714 8
775 2678 961 2727 populum
1009 2676 1148 2713 bellum
1181 2674 1470 2723 Palaepolitanis
1500 2674 1656 2710 iussisse
