1811 2925
350 170 427 204 Lib.
455 169 553 201 XXI.
970 171 1014 207 21
1026 173 1047 207 4

309 294 522 330 additum
572 292 746 339 etiam).
818 293 932 340 Quod
972 293 1308 330 Weissenbornius
1351 293 1467 330 vertit
1505 294 1595 330 und
1638 306 1709 333 so,

309 373 364 400 est
393 365 516 413 ipsum
540 363 631 399 illud
662 362 840 410 itaque,
871 376 947 399 non
978 361 1075 413 et.¹)

418 434 513 483 Cap.
548 436 611 478 25,
647 436 668 470 9
701 433 942 470 scribendum
975 447 1076 471 esse:
1117 435 1163 471 in
1193 434 1400 471 insidias
1430 435 1713 483 praecipitat

308 511 398 554 (pro
420 503 1047 555 praecipitatus)multaque
1078 519 1176 543 cum
1208 507 1338 543 caede
1368 518 1557 542 suorum
1592 518 1713 554 aegre

310 598 357 602 —
389 576 602 620 emersit,
639 575 718 611 dixi
763 576 810 612 ad
847 576 933 613 libr.
979 576 1080 621 VII,
1121 579 1162 621 6,
1202 579 1236 614 9.
1295 576 1395 612 Illud
1442 577 1564 621 addo,
1609 577 1713 625 quod

307 647 458 695 negavi,
488 647 524 683 in
554 659 671 696 prosa
693 646 867 683 oratione
895 653 997 684 recte
1032 647 1209 696 coniungi
1238 647 1572 696 praecipitatus
1602 648 1711 684 mul-

308 724 451 766 taque
481 731 578 755 cum
615 718 738 753 caede
771 719 967 755 emersit
995 732 1065 767 pro
1098 719 1436 767 praecipitatus
1476 725 1545 754 est
1577 719 1712 767 (parti-

307 789 460 838 cipium,
489 789 631 825 omisso
665 796 755 832 est,
795 790 898 837 quod
928 790 1125 839 proprium
1157 796 1214 826 est
1242 790 1368 826 brevis
1399 796 1436 826 et
1465 790 1595 826 celeris
1627 803 1712 826 ora-

307 859 420 895 tionis
451 866 488 895 et
517 859 757 896 membratim
790 861 971 906 concisae,
1011 874 1096 898 cum
1134 862 1252 898 verbo
1282 861 1424 908 finito),
1461 861 1554 897 nihil
1586 873 1644 897 me
1675 861 1713 897 in

308 943 353 966 ea
382 943 424 966 re
453 930 600 966 moveri
640 943 715 966 uno
757 940 793 967 et
836 931 956 967 altero
993 932 1131 968 mendo
1173 932 1432 981 apertissimo.¹
1478 930 1581 966 velut
1611 931 1714 979 quod

308 1001 345 1037 in
374 1002 447 1038 hoc
477 1001 574 1037 libro
607 1014 636 1037 c.
676 1005 738 1047 45,
771 1004 791 1039 8
830 1002 1098 1039 Alschefskius
1137 1010 1173 1040 et
1211 1001 1546 1039 WVeissenbornius
1586 1003 1713 1039 edide-

307 1079 412 1108 runt:
442 1078 671 1120 precatus
694 1072 826 1115 deos,
846 1072 915 1108 ita
937 1085 984 1109 se
1005 1081 1299 1115 mactarent,
1320 1072 1712 1122 quemadmodum

310 1144 411 1192 ipse
455 1155 628 1191 agnum
675 1147 961 1193 mactasset,
1008 1149 1051 1184 et
1088 1145 1343 1181 secundum
1381 1144 1711 1193 precationem

310 1221 453 1262 caput
484 1213 682 1262 pecudis
713 1225 830 1249 saxo
863 1215 1014 1257 elisit,
1045 1216 1121 1259 ubi,
1154 1215 1250 1250 unde
1279 1221 1402 1251 ortum
1433 1214 1479 1250 sit
1510 1222 1571 1256 et,
1601 1228 1714 1251 nemo

308 1298 383 1321 non
420 1285 533 1320 videt.
568 1285 708 1328 XXII,
750 1287 815 1328 16,
849 1286 868 1319 7
901 1284 1128 1332 pravissime
1158 1285 1364 1333 separatim
1394 1285 1474 1321 haec
1504 1293 1715 1334 ponuntur:

310 1355 444 1392 faces
485 1356 694 1403 undique
738 1367 793 1390 ex
836 1354 968 1402 agris
1011 1355 1251 1397 collectae,
1298 1363 1337 1391 ut
1381 1356 1559 1393 audiatur
1588 1363 1716 1400 sunt,

311 1434 493 1475 tanquam
524 1427 570 1462 de
601 1426 823 1462 collectione
854 1438 984 1462 earum
1017 1432 1166 1474 agatur,
1203 1439 1279 1462 non
1311 1427 1357 1462 de
1387 1439 1476 1472 usu3
1510 1440 1598 1476 que
1627 1436 1714 1477 post

308 1498 627 1548 praeligantur
658 1510 785 1533 errore
816 1497 987 1532 additum
1020 1503 1086 1541 est,
1132 1497 1234 1545 quod
1267 1498 1403 1546 saepius
1433 1498 1471 1534 in
1501 1500 1534 1535 P
1570 1499 1714 1535 factum

310 1582 392 1605 esse
422 1569 570 1605 ostendi
601 1581 718 1617 supra
746 1581 783 1617 p.
816 1568 906 1604 208.
969 1567 1128 1612 XXIV,
1165 1570 1224 1613 18,
1261 1571 1327 1607 ¹1:
1360 1581 1627 1606 convenere
1657 1569 1715 1605 ad

310 1653 389 1677 eos
420 1639 723 1687 frequentes,
768 1639 847 1686 qui
886 1639 1038 1674 hastae
1076 1638 1219 1674 huius
1251 1639 1444 1687 generis
1475 1639 1714 1675 adsueve-

310 1717 436 1755 rant,
487 1710 769 1758 hortatique
816 1721 1065 1753 censoreS,
1124 1716 1171 1745 ut
1221 1710 1375 1745 omnia
1414 1717 1482 1747 cet,
1560 1710 1717 1746 Excidit

310 1789 415 1819 sunt
459 1782 556 1817 inter
595 1794 611 1820 s
655 1788 715 1819 ut.
776 1779 1133 1826 (Weissenbornius
1172 1780 1470 1828 hortarique,
1507 1780 1635 1817 nescio
1667 1793 1715 1816 an

310 1866 438 1889 errore
468 1853 675 1901 typothetae
705 1853 831 1901 potius
863 1863 978 1898 quam
1010 1864 1030 1887 e
1061 1852 1113 1891 P:
1145 1850 1350 1886 infinitivus
1382 1851 1532 1898 quidem
1563 1850 1714 1887 histori-

311 1936 375 1959 cus
418 1935 576 1972 prorsus
619 1923 780 1959 vitiosus
827 1928 884 1959 est-
936 1928 972 1957 et
1012 1934 1081 1970 per
1131 1934 1171 1957 se
1225 1929 1262 1957 ct
1304 1928 1461 1969 propter
1503 1920 1715 1969 copulatio-

309 1997 422 2040 nem.)
483 1993 646 2037 XXXI,
688 1993 752 2037 21,
784 1995 827 2028 5:
869 1991 1006 2030 Galli
1037 1992 1246 2028 clamore
1277 2004 1468 2027 suorum
1500 2004 1553 2026 ex
1585 1991 1715 2038 agris

309 2064 529 2101 revocati
560 2083 608 2089 -—-
644 2084 692 2089 ——-
719 2069 882 2099 castra
924 2062 1204 2111 repetivcre
1245 2070 1289 2097 et
1325 2069 1521 2110 postero
1563 2062 1639 2097 die
1669 2062 1714 2098 in

310 2135 456 2171 aciem
498 2133 762 2183 progressi.
845 2133 949 2169 Male
995 2133 1051 2168 rei
1089 2133 1208 2169 altero
1250 2133 1309 2168 die
1350 2139 1444 2168 actae
1484 2131 1714 2168 narrationis

335 2327 366 2368 ¹]
394 2329 477 2371 Cap.
506 2334 566 2367 22,
601 2334 618 2361 5
657 2331 741 2361 miro
774 2331 899 2362 iudicio
926 2331 1223 2362 Weissenbornius
1262 2329 1429 2360 sacillimae
1463 2336 1495 2359 ct
1521 2329 1713 2360 certissimae

400 2392 468 2422 Iac.
497 2391 659 2422 Gronovii
685 2394 926 2430 emendationi,
956 2392 1102 2423 litteram
1131 2403 1158 2426 in
1186 2398 1319 2433 propter
1345 2392 1587 2432 praecedentem
1614 2400 1712 2420 accu-

401 2454 542 2485 sativum
576 2459 737 2484 extrcmae
772 2455 878 2486 vocali
908 2455 1152 2495 superpositam
1187 2453 1236 2493 (a)
1262 2453 1466 2483 detrahentis
1495 2452 1559 2489 (ad
1587 2451 1713 2481 Hibe-

401 2524 487 2544 rum
515 2514 739 2545 maritima
764 2526 836 2546 ora
861 2516 1007 2556 ducit),
1034 2516 1179 2557 proetulit
1206 2515 1404 2545 audaculam
1439 2513 1577 2554 Sauppii
1604 2518 1713 2542 trans—

400 2576 621 2616 positionem,
657 2586 722 2616 qua
755 2577 869 2618 inepta
905 2577 1052 2608 efficitur
1073 2577 1254 2614 sententia3
1285 2585 1361 2605 nam
1388 2581 1544 2616 praeter
1568 2574 1711 2603 urbem

402 2637 536 2667 ducitur
567 2638 734 2668 exercitus
771 2648 846 2669 ora
873 2638 1108 2675 maritima,
1141 2648 1207 2668 non
1234 2643 1389 2677 praeter
1423 2647 1541 2667 oram
1574 2637 1623 2666 ad
1650 2646 1711 2666 ul·-

401 2698 500 2731 bem.
