1811 2925
230 126 308 160 Lib.
334 125 447 157 XLII.
911 125 932 159 5
939 125 960 159 4
967 123 988 160 8

346 249 442 299 Cap.
475 251 539 295 65,
574 250 596 285 8
630 248 697 293 (de
716 248 985 284 Romanorum
1008 245 1187 295 praesidio
1218 245 1257 281 in
1292 245 1439 281 tumulo
1475 258 1498 281 a
1527 244 1664 281 Mace-

233 322 398 359 donibus
422 321 582 357 obsesso
604 326 641 355 et
668 319 932 367 oppugnato):
963 318 1141 366 Ingens
1173 318 1250 363 [—
1272 317 1325 353 sic
1345 316 1489 365 optime
1512 316 1660 365 Kreys-

234 393 353 442 sigius
383 404 433 428 ex
460 391 666 439 religes,
704 389 743 426 id
775 395 833 426 est
863 389 1012 437 liges3
1043 400 1134 424 nam
1174 402 1225 424 re
1256 400 1304 424 ex
1335 387 1562 436 ingerere
1593 387 1665 423 ad-

235 464 452 509 haesit;—)
480 464 725 500 Romanos
761 468 925 497 terror
959 458 1334 503 circumstabat;
1366 471 1476 495 nam
1507 471 1664 506 neque

236 534 453 574 conferti
481 545 701 584 pugnare
731 537 936 582 propter
965 542 1066 574 eos,
1107 531 1262 578 quiin
1291 530 1525 567 tumulum
1556 542 1661 567 con-

235 607 525 644 nitebantur
568 604 638 652 (sic
669 603 823 652 egregie
852 601 1191 638 Weissenbornius
1228 615 1248 637 e
1280 601 1422 638 codicis
1452 601 1662 650 scriptura:

238 679 318 728 qui
348 678 394 714 in
424 676 659 713 tumulum
690 674 1029 721 conabantur),
1070 680 1305 722 poterant
1335 680 1398 717 et,
1429 673 1508 710 ubi
1539 673 1662 710 ordi-

236 763 317 788 nes
347 747 690 798 procursando
741 745 1036 789 solvissent,
1091 746 1331 794 patebant
1373 744 1551 781 iaculis
1593 756 1662 780 sa-

237 821 458 872 gittisve.
538 818 683 855 Mirum
725 830 845 863 vero,
886 829 964 852 non
1008 817 1181 865 potuisse
1223 818 1424 853 Romanos
1469 812 1663 851 confertos

237 904 412 943 pugnare
441 897 602 940 propter
633 902 722 933 eos,
766 888 832 937 qui
875 893 1011 924 contra
1054 888 1306 935 eniterenturg
1349 898 1439 923 narn
1483 885 1667 922 confertae

238 976 377 1013 pugnae
406 964 481 999 hoc
511 959 785 998 nihilomnino
806 959 955 995 oberat.
1023 958 1099 996 Sed
1131 959 1241 995 verbi
1271 970 1488 1006 pugnare
1518 956 1664 993 nullum

240 1036 278 1071 in
316 1035 448 1072 codice
485 1033 691 1081 vestigium
722 1036 800 1074 est,
842 1030 880 1066 in
927 1042 1003 1078 quo
1035 1029 1088 1066 sic
1131 1029 1329 1066 scribitur:
1371 1041 1477 1065 nam
1508 1040 1665 1076 neque

241 1105 456 1143 conferti
500 1109 704 1154 propter
749 1114 843 1138 eos.
923 1101 1058 1138 Livius
1102 1108 1303 1150 posuerat:
1352 1100 1471 1136 Nam
1511 1111 1666 1147 neque

241 1175 458 1213 conferti
488 1175 778 1227 propellere
811 1185 910 1217 eos,
946 1172 1026 1220 qui
1057 1172 1081 1208 i.
1116 1180 1142 1210 t.
1174 1184 1285 1215 con„
1318 1177 1562 1219 poterant.
1610 1170 1667 1207 Ut

240 1247 411 1295 undique
455 1246 702 1283 escendentes
750 1257 820 1293 per
864 1243 1076 1292 praecipitia
1132 1242 1416 1291 propellerent,
1460 1241 1666 1277 solvendus

243 1325 326 1355 erat
352 1318 470 1363 orbis,
505 1330 581 1365 quo
612 1316 779 1352 medinm
819 1314 1013 1350 'tumulum
1046 1313 1209 1350 conferti
1241 1309 1502 1361 cingebant.¹)

355 1388 454 1438 Cap.
499 1391 574 1435 66,
608 1390 652 1425 3:
696 1388 890 1431 (Perseus,
922 1385 1091 1421 universi
1130 1384 1349 1422 certaminis
1379 1396 1510 1420 casum
1539 1383 1667 1420 subire

243 1458 434 1509 paratus)
475 1459 555 1507 qui
584 1459 879 1508 phalangem
913 1464 1248 1499 arcesserent,
1284 1468 1493 1505 propere
1524 1455 1671 1499 misit3

245 1544 336 1580 qua
367 1537 409 1567 et
440 1530 616 1573 serius,
649 1543 785 1579 quam
817 1540 893 1565 res
925 1527 1233 1576 postulabat,
1265 1534 1311 1562 et
1340 1527 1517 1576 raptim
1551 1533 1671 1569 acta,

245 1602 435 1639 turbati
478 1614 622 1638 cursu
664 1600 770 1651 (codt
813 1599 990 1648 raptim
1034 1605 1234 1647 aptatur
1267 1597 1455 1633 turbati
1487 1598 1669 1643 cursus)

247 1674 487 1710 adversus
519 1674 793 1710 instructos
826 1677 870 1707 et
900 1676 1210 1719 praeparatos
1242 1676 1379 1704 erunt
1410 1668 1671 1705 adventuri

247 1745 350 1793 (cod.
380 1745 499 1781 adve
513 1748 689 1784 utura).
734 1744 882 1791 Magna
900 1741 1010 1778 estin
1031 1754 1072 1777 re
1093 1740 1197 1777 facili
1214 1747 1249 1776 et
1267 1747 1414 1788 aperta,
1431 1739 1463 1775 si
1481 1738 1670 1783 attendas,

246 1815 442 1852 sententiae
481 1815 736 1864 perversitas3
785 1827 875 1850 nam
921 1819 960 1848 ut
1004 1824 1104 1848 nunc
1155 1812 1279 1848 oratio
1325 1810 1568 1848 conformata
1615 1816 1673 1845 est

248 1887 359 1935 (qua
395 1915 406 1926 .
426 1916 434 1924 .
479 1889 626 1930 acta),
668 1884 841 1933 phalanx
872 1884 985 1920 simul
1026 1892 1063 1920 et.
1093 1883 1225 1929 scrius,
1260 1896 1376 1931 quam
1408 1894 1469 1918 res
1498 1881 1671 1930 postula-

246 1958 356 2002 verit,
401 1963 438 1993 et
470 1957 612 2005 raptim
645 1964 734 1993 acta
764 1956 920 2000 dicitur,
969 1968 1052 2003 quae
1083 1962 1299 2003 repugnant
1330 1954 1428 1991 inter
1460 1966 1518 1998 se3
1550 1952 1673 1989 omni-

247 2041 374 2077 noque
397 2041 474 2064 non
505 2041 592 2064 sero
615 2028 742 2076 agitur
764 2040 916 2076 agmen,
937 2027 1002 2063 scd
1025 2026 1137 2064 lente.
1196 2029 1375 2073 Apparet
1406 2025 1471 2061 illa
1502 2024 1672 2069 serius,

249 2113 386 2148 quam
427 2113 457 2139 r,
500 2105 623 2148 post.
666 2111 741 2134 non
779 2099 828 2134 ad
859 2098 931 2134 iter
963 2099 1120 2144 (acta),
1162 2096 1228 2132 sed
1260 2096 1308 2131 ad
1339 2096 1547 2131 adventum
1579 2095 1671 2142 (ad—

248 2170 461 2219 venturi)
492 2170 683 2218 pertinere
714 2176 752 2205 et
783 2169 963 2218 coniungi
994 2182 1079 2205 cum
1112 2167 1267 2203 alterius
1292 2166 1525 2203 incommodi
1555 2165 1672 2214 signi-

250 2242 427 2279 ficatione
476 2241 681 2289 (turbati
726 2253 758 2277 c.
804 2240 905 2278 adv.
952 2237 1261 2284 inst1·uetos);
1310 2250 1398 2273 nam
1429 2237 1602 2286 phalanx
1636 2244 1673 2273 et

249 2313 370 2350 scrius
410 2319 447 2348 et
487 2313 643 2348 turbata
687 2311 835 2361 proelio
882 2323 1091 2348 occursura
1146 2309 1300 2352 dicium-3
1359 2308 1451 2344 illud
1494 2308 1673 2357 raptim

250 2391 359 2421 acta
407 2384 462 2420 ita
506 2382 777 2430 interponitur,
840 2390 878 2419 ut
918 2395 1075 2419 causam
1121 2380 1421 2430 perturbationis
1467 2379 1672 2416 contineat.

277 2540 308 2581 ¹⁷)
347 2541 712 2574 Connitcbantur
745 2552 806 2582 pro
844 2541 991 2571 conari
1033 2539 1216 2580 repositum
1255 2539 1289 2569 iu
1317 2539 1512 2569 memoriam
1540 2543 1676 2567 revocat

347 2605 486 2636 Senecae
514 2602 628 2633 locum
657 2603 688 2633 in
716 2613 767 2643 cp.
796 2606 850 2634 95.
871 2606 902 2639 5,
930 2602 986 2633 ubi
1014 2603 1114 2633 scribi
1141 2602 1262 2632 debet:
1294 2601 1383 2631 Non
1410 2606 1559 2641 potest
1584 2604 1679 2630 toto

345 2666 491 2697 animo
518 2665 568 2696 ad
594 2666 781 2696 honesta
815 2665 981 2698 conniti
1010 2664 1089 2705 (pro
1116 2664 1296 2704 conari).
