1811 2925
278 118 354 150 Lib.
380 117 514 148 XXVI.
920 117 996 152 304

250 241 627 282 circumventum
671 237 725 287 (P
756 243 904 274 tantum
943 237 1157 285 circum);
1197 237 1242 273 vi
1273 242 1467 285 aperta,
1506 235 1666 281 armis,

252 313 355 350 acie
384 310 583 346 victum.
657 307 798 344 Priora
842 308 924 344 sine
967 308 1272 356 interpunctione
1319 307 1451 355 posui,
1495 305 1586 354 quia
1619 305 1667 341 de

251 383 459 419 verborum
497 379 762 416 coniunctione
805 378 1022 422 dubitatur,
1053 378 1322 425 maximeque,
1365 389 1441 424 quo
1478 375 1669 424 pertineat

253 453 443 490 ablativus
478 448 664 497 (inopia
707 454 1023 493 commeatus)
1056 450 1105 485 ab
1137 455 1299 496 utroque
1328 445 1530 496 participio
1564 444 1667 490 (de-

252 524 440 559 ductum
473 527 510 556 et
542 519 939 565 circumventum)
970 518 1196 567 interposita
1223 518 1427 566 negatione
1454 521 1667 564 separatus,

251 594 350 629 Duae
379 604 453 636 res,
486 591 523 626 in
559 589 696 637 quibus
726 589 961 637 negligentia
989 589 1232 637 imperatoris
1260 586 1488 636 reprehendi
1503 596 1670 632 curaque

253 662 462 700 desiderari
492 666 630 709 potest,
660 660 838 708 negando
872 659 1075 703 tolluntur;
1106 658 1345 706 relinquitur,
1377 669 1461 704 quae
1490 656 1527 691 in
1549 655 1669 703 impe-

253 733 391 771 ratoris
421 737 615 780 potestate
651 730 780 778 posita
810 742 885 765 non
917 735 984 772 estq
1015 740 1154 777 pugnae
1188 734 1329 776 apertae
1359 726 1527 764 fortuna.
1590 726 1670 761 Ita-

255 817 329 853 que
358 803 511 840 sublata
551 813 627 836 una
669 799 874 847 negatione
904 798 1147 834 scribendum
1176 804 1250 834 est:
1292 798 1397 834 Non
1427 809 1475 832 se
1504 795 1672 844 inopia

256 880 552 911 commeatus
595 871 641 906 in
685 869 794 905 loca
833 868 1001 916 iniqua
1039 868 1233 904 incaute
1264 868 1538 910 deductum,
1579 879 1671 902 non

257 944 445 993 agmine
476 940 793 988 inexplorato
827 945 1014 974 euntem
1045 938 1241 974 insidiis
1273 938 1671 981 circumventum3

256 1015 301 1051 vi
331 1019 498 1062 aperta
530 1018 601 1048 etc.
661 1010 865 1046 Exercitus
897 1009 934 1045 in
965 1009 1052 1045 loca
1082 1009 1213 1056 iniqua
1237 1007 1457 1044 demittendi
1479 1007 1675 1055 praecipua

257 1097 374 1122 causa
406 1096 488 1119 esse
521 1087 673 1131 poterat
705 1079 836 1128 inopia
867 1085 1104 1116 commeatus
1127 1092 1175 1114 ex
1201 1079 1434 1127 negligentia
1466 1085 1554 1113 ante
1583 1090 1672 1126 pro-

258 1154 442 1204 spiciendi
473 1153 631 1199 eiusque
662 1151 914 1198 undecunque
946 1149 1139 1197 quaerendi
1173 1149 1392 1186 necessitas.

369 1223 465 1271 Cap.
500 1226 521 1259 4
540 1251 549 1267 ,
591 1224 611 1258 3
657 1221 721 1269 (de
753 1219 963 1268 Campanis
997 1219 1162 1255 obsessis
1194 1226 1231 1255 et
1261 1220 1446 1255 adversus
1476 1220 1675 1255 Romanos

258 1294 555 1342 pugnantibus):
587 1291 811 1328 Ceterum
852 1290 896 1325 in
934 1289 1104 1325 multis
1148 1289 1497 1325 certaminibus
1539 1301 1675 1336 eque-

260 1365 381 1400 stria
411 1362 603 1412 proelia
632 1361 782 1397 ferme
813 1372 1060 1408 prospera
1090 1358 1356 1403 faciebant,
1388 1359 1574 1407 pedites
1605 1370 1674 1393 su-

256 1435 574 1483 perabantur.
634 1432 762 1468 Minus
798 1436 900 1467 recte
931 1444 954 1466 a
986 1429 1218 1478 Campanis7
1250 1429 1296 1465 de
1328 1442 1491 1477 quorum
1523 1429 1680 1466 fortuna

257 1504 453 1553 pugnandi
484 1504 635 1551 agitur,
678 1501 802 1537 oratio
848 1500 1076 1536 transfertur
1106 1500 1154 1535 ad
1184 1499 1289 1547 ipsos
1320 1501 1487 1549 pedites3
1530 1512 1600 1535 nec
1632 1499 1679 1534 de

257 1574 448 1623 peditibus
492 1574 612 1609 ferme
651 1571 853 1607 infeliciter
883 1570 1142 1619 pugnantibus
1189 1576 1267 1606 tam
1313 1577 1445 1618 aptum
1477 1581 1678 1618 supera-

260 1645 444 1680 bantur.
521 1644 611 1681 Una
642 1642 769 1678 littera
811 1654 887 1677 non
932 1647 1034 1677 recte
1082 1640 1277 1688 geminata
1321 1638 1561 1676 detrahenda
1605 1642 1680 1673 est:

260 1714 422 1762 pedite
460 1712 644 1761 (pedestri
684 1711 882 1760 copiarum
929 1717 965 1747 et
1008 1711 1143 1759 proelii
1186 1711 1342 1758 genere)
1385 1708 1681 1758 superaban-

262 1791 348 1820 tur.

375 1853 468 1901 Cap.
502 1854 536 1897 6,
577 1855 589 1888 1
628 1852 710 1901 (ubi
741 1856 867 1888 castra
901 1852 1080 1887 Romana
1111 1851 1160 1887 ad
1184 1850 1358 1898 Capuam
1392 1850 1440 1884 ab
1463 1847 1684 1884 Hannibale

265 1930 490 1973 oppugnata
520 1929 737 1967 narrantur,
769 1927 857 1970 post
887 1926 1227 1956 commemoratum
1260 1919 1378 1955 Navii
1408 1919 1580 1962 facinus,
1619 1917 1684 1965 qui

266 1995 420 2032 secundi
450 1993 592 2030 hastati
624 1992 773 2040 signum
814 1990 996 2038 signifero
1034 1991 1254 2038 ademptum
1294 1989 1331 2024 in
1361 1990 1490 2024 hostes
1520 1988 1684 2033 intulit):

267 2067 327 2102 Et
368 2066 420 2101 M.
462 2063 649 2100 Atilius
695 2062 889 2110 legatus
939 2060 1083 2109 primi
1123 2060 1363 2108 principis
1411 2073 1467 2095 ex
1519 2058 1684 2094 eadem

267 2135 463 2183 legione
509 2134 693 2181 signum
744 2131 920 2167 inferri
967 2131 1013 2166 in
1064 2131 1317 2166 cohortem
1358 2130 1684 2177 Hispanorum

269 2205 445 2253 coegit.
522 2204 563 2241 Si
602 2202 735 2238 inferri
776 2203 824 2237 ab
867 2202 942 2237 alio
984 2201 1133 2249 signum
1180 2201 1317 2237 Atilius
1358 2200 1563 2248 coegisset,
1609 2210 1685 2233 non

271 2287 398 2314 unum,
429 2275 495 2309 sed
527 2273 657 2309 omnia
686 2272 846 2320 legionis
879 2271 989 2319 signa
1012 2271 1200 2319 coegisset
1226 2270 1378 2314 inferri„
1409 2271 1481 2305 hoc
1512 2274 1579 2313 est,
1608 2268 1686 2304 ius-

271 2345 401 2388 sisset,
436 2344 501 2391 (—
535 2343 706 2392 ineptum
741 2348 797 2378 est
827 2341 926 2377 enim
957 2342 1080 2389 ipsum
1115 2341 1275 2389 cogendi
1305 2341 1477 2382 verbum,
1508 2338 1580 2374 nisi
1601 2350 1686 2373 ver-

273 2414 425 2450 beribus
456 2419 631 2448 coactum
665 2412 887 2460 signiferum
918 2418 1098 2459 putamus
1118 2416 1195 2453 —).
1266 2412 1359 2459 Ipsa
1388 2410 1499 2446 unius
1530 2415 1567 2445 et
1596 2407 1689 2443 certi

273 2484 371 2532 signi
407 2483 549 2519 mentio
583 2482 769 2526 ostendit,
816 2481 977 2518 Atilium
1022 2481 1141 2516 Navii
1187 2480 1334 2516 facinus
1374 2480 1563 2515 imitatum
1605 2488 1688 2513 esse

274 2553 502 2600 Liviumque
533 2551 749 2600 scripsisse:
782 2551 967 2598 signum
995 2550 1182 2589 inferre
1213 2550 1261 2585 in
1309 2550 1557 2585 cohortem
1596 2546 1687 2583 Hi-

276 2635 532 2671 spanorum
568 2623 741 2673 coepit.
808 2621 949 2658 Utrum
988 2620 1036 2655 ab
1078 2619 1260 2655 inferri
1283 2617 1358 2666 (in)
1388 2631 1458 2666 pro
1502 2615 1689 2653 inferre
