1811 2925
870 177 890 210 4

173 300 413 343 Bekkerum,
466 311 525 334 nie
554 298 798 346 ignorabant.
876 296 938 332 De
977 296 1069 344 ipsis
1099 296 1212 332 rebus
1243 309 1266 332 a
1297 296 1408 333 Livio
1438 297 1587 334 traditis

174 384 323 407 omnem
356 369 622 418 quaestionem,
665 380 748 416 quae
787 378 864 402 non
895 378 980 402 cum
1011 366 1139 403 verbis
1179 372 1216 402 et
1246 368 1430 404 orationis
1460 367 1586 405 forma

171 454 348 489 veraeque
378 440 574 488 scripturae
613 437 883 475 constitutione
923 436 1126 473 coniuncta
1163 446 1279 482 esset,
1326 439 1494 475 studiose
1525 439 1586 476 hic

172 513 314 556 vitavi3
344 525 412 560 per
441 523 482 547 se
513 510 611 546 enim
643 510 796 557 aliaque
821 507 1011 544 scribendi
1040 507 1178 554 forma,
1210 520 1297 558 quae
1327 522 1371 545 eo
1400 516 1586 558 spectantq

171 583 375 619 tractanda
402 588 510 626 sunt:
555 594 601 617 ne
644 581 728 629 quis
766 579 897 615 credat
935 591 995 614 me
1028 579 1232 626 quicquam
1262 580 1307 616 iis
1338 586 1374 616 et
1401 581 1521 616 verba
1550 586 1587 616 et

170 654 343 690 instituta
372 658 503 688 vetera
540 651 745 688 enarrandi
788 650 957 686 artificiis
994 650 1184 694 tribuere,
1233 651 1369 698 quibus
1407 651 1446 687 in
1488 651 1586 687 libro

170 725 275 761 VIII
314 737 344 760 c.
385 725 406 760 8
454 723 518 766 (de
548 723 698 771 legione
738 729 775 758 et
815 721 895 757 acie
931 722 1111 758 Romana
1145 720 1319 769 antiqua)
1367 727 1434 757 aut
1464 734 1494 760 c.
1541 725 1584 758 14

171 794 237 845 (de
269 795 423 831 civitate
454 794 602 830 Latinis
633 793 739 837 data)
783 799 849 829 aut
885 792 923 828 in
953 792 1050 828 libro
1082 792 1249 837 XXVI,
1281 794 1330 829 34
1376 792 1441 840 (de
1472 792 1587 829 Cam-

170 866 297 916 panis)
343 865 579 902 siniilibusve
618 864 713 901 locis
744 864 846 900 Livii
882 863 921 899 in
959 864 1072 899 rebus
1103 863 1270 911 antiquis
1300 875 1448 899 errores
1481 863 1587 899 obte-

169 945 312 986 guntur
348 943 415 972 aut
448 936 602 973 incertae
631 936 880 983 obscuraeque
915 934 1032 970 animi
1066 934 1209 970 notitiae
1239 934 1366 970 verbis
1398 933 1587 982 ambiguis

171 1016 207 1045 et
239 1008 433 1057 suspensis
465 1018 656 1055 expressae
686 1013 870 1054 tanquam
903 1014 1015 1042 certae
1046 1013 1081 1042 et
1111 1019 1211 1042 verae
1241 1005 1492 1054 explicantur.

281 1222 474 1270 Quoniam
506 1220 651 1256 omnis.
685 1218 749 1266 qui
781 1218 831 1253 ad
860 1218 971 1266 plura
1002 1226 1039 1255 et.
1068 1219 1177 1255 varia
1208 1232 1227 1254 e
1257 1219 1396 1255 veteris
1428 1218 1587 1255 alicuius

169 1294 366 1342 scriptoris
388 1292 568 1341 operibus
591 1290 730 1327 menda-
760 1289 929 1325 tollenda
964 1290 1167 1339 suscipitur
1197 1298 1368 1326 conatus.
1400 1290 1587 1338 siquidem

169 1371 249 1401 arte
281 1377 326 1400 ac
355 1364 504 1400 ratione
535 1362 751 1410 suscipitur,
783 1374 805 1396 a
836 1360 1030 1399 codicum.
1077 1361 1213 1408 quibus
1252 1374 1371 1409 opera
1400 1361 1466 1397 illa
1496 1374 1586 1397 con-

167 1436 354 1479 tinentur,
400 1434 651 1471 aestimatione
692 1431 882 1480 proficisci
914 1432 1044 1476 debet7
1090 1433 1127 1467 in
1169 1432 1268 1468 Livii
1299 1439 1426 1468 autem
1460 1445 1586 1481 opere,

168 1505 270 1553 quod
307 1511 466 1554 propter
503 1503 791 1553 amplitudinem
830 1503 1088 1551 particulatim
1128 1504 1434 1548 describebatur,
1476 1516 1586 1540 suum

166 1583 221 1612 est
266 1576 501 1625 singularum
544 1575 733 1611 decadum
771 1587 790 1610 e
831 1573 992 1609 divorsis
1029 1574 1221 1610 codicibus
1264 1574 1481 1623 archetypis
1518 1587 1587 1623 per

168 1654 368 1695 separatas
399 1648 572 1684 codicum
617 1646 754 1694 stirpes
792 1651 1095 1693 propagatarum
1139 1645 1249 1692 quasi
1281 1645 1585 1689 instrumentum,

166 1730 256 1754 suus
287 1718 543 1754 subsidiorum
575 1722 798 1765 apparatus.
830 1722 1035 1763 antequam
1069 1716 1117 1751 ad
1148 1716 1317 1764 singulos
1348 1716 1479 1752 decem
1508 1716 1585 1765 pri—

167 1801 317 1824 morum
347 1789 520 1825 locorum
544 1789 663 1826 locos,
695 1787 741 1823 de
772 1787 908 1835 quibus
940 1786 1210 1835 disputandum
1242 1787 1323 1831 erit,
1354 1800 1585 1824 commemo-

166 1859 309 1895 randos
342 1860 475 1903 venio„
521 1858 683 1895 dicenda
722 1858 897 1905 quaedani
937 1866 1022 1894 sunt
1054 1858 1100 1893 de
1137 1858 1333 1903 codicum,
1381 1859 1517 1906 quibus
1547 1859 1585 1894 hi

166 1929 252 1965 libri
283 1930 543 1973 continentur„
585 1936 620 1965 et
659 1929 889 1977 cognatione
929 1936 963 1965 et
1008 1929 1189 1965 universa
1233 1929 1306 1965 fide
1337 1936 1374 1965 et
1402 1929 1585 1966 nonnulla

166 2001 203 2035 in
245 2001 317 2036 hoc
361 2013 500 2049 genere
543 2001 696 2037 uberius
744 2000 989 2048 explananda
1036 2000 1258 2048 firmiusque
1304 2000 1584 2045 constituenda,

167 2084 281 2119 quam
312 2071 457 2108 factum
489 2072 613 2107 adhuc
634 2078 704 2109 est.
770 2073 831 2107 Ac
852 2071 1016 2119 primum
1041 2071 1194 2119 quidem
1217 2071 1308 2107 illud
1329 2078 1582 2119 pervagatum

167 2149 245 2178 est.
297 2143 477 2190 quoniam
524 2142 618 2178 folia
666 2142 916 2191 palimpsesta
961 2142 1203 2179 Veronensia
1250 2142 1392 2178 domini
1439 2142 1585 2178 malunt

166 2214 309 2249 intacta
349 2214 494 2249 servari
538 2226 652 2261 quam
692 2213 805 2249 Livio
848 2212 1050 2261 prodesse,
1093 2220 1239 2249 ceteros
1280 2225 1411 2250 omnes
1451 2213 1584 2262 primae

167 2284 320 2320 decadis
343 2285 494 2320 codices
528 2285 637 2319 unius
669 2297 750 2320 esso
782 2284 922 2332 stirpiS.
957 2284 1079 2320 ductae
1111 2297 1129 2319 e
1161 2284 1302 2328 codice,
1338 2298 1450 2333 quem
1465 2285 1583 2321 Nico—

166 2355 292 2390 machi
323 2355 411 2399 duo,
443 2355 653 2391 Flavianus
688 2363 723 2391 et
756 2356 915 2392 Dexter.
947 2362 983 2390 et
1014 2354 1262 2391 Victorianus
1297 2355 1584 2403 quadringentis

166 2437 287 2474 prope
318 2432 405 2473 post
436 2424 629 2461 Christum
660 2433 791 2462 natum
824 2426 932 2462 annis
963 2427 1234 2471 emendarunt,
1266 2426 1371 2461 cuius
1403 2426 1582 2462 emenda-

167 2496 279 2532 tionis
318 2495 660 2544 subscriptionibus
698 2503 846 2532 testatae
891 2497 1115 2533 memoriam
1165 2497 1228 2534 alii
1272 2497 1421 2534 codices
1461 2497 1581 2533 nostri

167 2567 239 2615 ipsi
268 2568 439 2616 pluribus
469 2566 562 2602 locis
592 2574 747 2603 servant
777 2567 879 2615 iique
910 2567 1165 2615 antiquissimi
1200 2566 1392 2615 (Rhenani
1415 2567 1582 2603 Vorma-

167 2636 318 2678 tiensis,
359 2637 575 2679 Medieeus,
619 2638 870 2675 parisiensis,
903 2639 1008 2675 Leid.
1039 2638 1225 2687 primns).
1268 2637 1331 2674 alii
1362 2637 1582 2674 certissimis
