1811 2925
810 99 879 133 151
1325 97 1397 128 Lib,
1427 97 1508 128 VH.

131 222 389 261 auxilium:
434 222 588 267 deinde,
634 222 817 270 quoniam
857 221 1077 271 pronomini
1109 234 1234 266 eam,
1279 222 1385 270 quod
1417 222 1563 260 incom-

129 293 244 330 mode
270 294 440 343 positum
474 306 557 331 esse
595 294 672 330 iam
721 299 810 330 ante
842 294 1081 342 apparebat,
1126 305 1229 329 nunc
1270 293 1365 330 nihil
1407 295 1562 331 omnino

130 371 188 402 est
217 365 303 411 loci,
335 379 384 402 ex
418 366 497 415 qui
538 378 638 402 eam
678 365 867 402 faciamus
908 365 989 413 qui
1025 365 1136 409 iam3
1181 377 1231 401 ex
1261 378 1306 401 eo
1338 365 1439 402 enim
1470 365 1564 402 illud

130 443 257 474 ortum
288 443 356 482 est,
389 450 505 485 quum
537 437 550 476 i
582 437 691 473 simel
721 437 905 486 scriptum
937 443 1036 473 esset
1069 436 1281 485 (quiam).
1343 438 1563 483 Postremo,

129 508 314 556 quoniam
345 508 383 544 in
415 515 590 546 extrema
620 508 770 558 periodi
799 517 911 558 parte
941 507 1039 557 ipsi
1076 507 1242 556 primum
1270 508 1398 546 locum
1430 521 1562 546 neces-

128 579 232 616 sario
264 586 393 616 tenere
425 580 559 622 debet,
602 580 697 617 nihil
728 592 821 616 sane
850 580 1154 629 requireremus,
1199 579 1230 615 si
1259 579 1404 625 liceret,
1436 580 1561 616 deleto

128 664 293 688 omnes
337 652 461 700 (quod
500 652 681 690 Scheibio
722 652 758 688 in
792 658 963 689 mentum
993 651 1146 688 venisse
1177 650 1323 699 video),
1355 651 1408 687 sic
1439 652 1561 688 verba

127 724 363 760 describere:
395 724 475 772 qui
504 724 596 760 iam
627 723 1014 773 implorantibus
1037 722 1151 759 aliis
1184 722 1424 759 auxilium
1457 722 1561 759 dum

126 807 275 844 supra
320 796 450 832 vires
494 808 605 832 suas
650 802 903 844 praestant,
963 794 1059 843 ipsi
1103 800 1171 831 cet.
1215 799 1277 839 (ut
1320 794 1562 831 auxilium

127 867 243 904 etiam
293 867 342 903 ad
392 874 628 917 praestant
674 865 912 917 audiretur):
962 867 1029 903 sed
1081 879 1199 914 quum
1249 867 1329 902 eius
1379 865 1563 903 vocabuli

126 938 248 975 additi
288 939 395 975 nulla
435 939 591 975 omnino
624 938 838 987 excogitari
867 950 987 974 causa
1018 938 1274 987 probabiliter
1303 938 1438 986 possit,
1470 950 1561 974 con-

124 1010 370 1047 siderandum
401 1011 530 1060 potius
563 1017 639 1056 est,
678 1011 847 1047 lateatne
877 1010 916 1046 in
948 1023 1005 1046 eo.
1041 1010 1147 1058 quod
1177 1022 1294 1046 unum
1327 1009 1561 1046 vocabulum

125 1083 175 1119 ad
218 1089 457 1132 praestant-
507 1082 665 1131 adiungi
708 1082 763 1118 ita
808 1088 962 1131 potest,
1022 1089 1065 1119 ut
1110 1083 1246 1119 eadem
1286 1095 1347 1118 res
1389 1089 1558 1127 maneat,

125 1166 281 1204 opem,
312 1155 617 1203 scribendusque
647 1160 750 1190 totus
781 1153 889 1190 locus
920 1154 973 1190 sic
1005 1154 1071 1190 sit:
1114 1154 1177 1190 iis
1210 1161 1373 1190 tamen
1408 1153 1559 1190 maxi-

124 1237 215 1270 me,
269 1225 348 1273 qui
402 1227 514 1271 iam,
560 1226 946 1275 implorantibus
996 1226 1110 1263 aliis
1149 1226 1407 1270 auxilium,
1455 1225 1560 1261 dum

123 1309 272 1346 supra
303 1297 440 1334 vires
461 1310 573 1334 suas
603 1304 843 1346 praestant-
865 1310 1014 1346 opem,
1046 1298 1140 1347 ipsi
1172 1298 1218 1334 in
1246 1299 1368 1334 hanc
1398 1309 1559 1333 neces-

123 1369 319 1405 sit-atem
365 1376 616 1408 venerunt.
765 1369 915 1405 Eodem
955 1370 1081 1418 capite
1118 1376 1291 1406 extremo
1339 1372 1373 1417 l}
1407 1370 1477 1413 22,
1520 1367 1559 1402 in

125 1439 261 1476 eadem
291 1440 509 1489 legatorum
539 1440 829 1489 Campanorum
862 1440 1054 1487 oratione)
1093 1441 1147 1476 sic
1179 1440 1376 1477 scribitur:
1419 1440 1561 1477 Stare

124 1523 307 1548 omnem
350 1512 711 1548 multitudinem
757 1512 813 1547 ad
858 1519 1051 1561 portas.
1090 1513 1219 1548 viam
1257 1512 1368 1549 hinc
1404 1510 1559 1547 feren·

122 1590 213 1620 tem
245 1590 623 1632 prospectantes
655 1590 835 1619 certum
868 1584 1036 1621 habeo.
1069 1584 1182 1632 quid
1213 1584 1315 1620 illis
1346 1595 1450 1629 nos,
1480 1596 1557 1631 pa-

123 1662 223 1691 tres
282 1654 572 1703 conscripti,
626 1655 864 1692 sollicitis
927 1668 978 1693 ac
1035 1655 1364 1705 pendentibus
1411 1655 1557 1691 animi

123 1727 409 1763 renuntiare
458 1726 685 1765 iubeatis,
766 1728 1070 1776 Prospectamus
1112 1727 1218 1775 ipsos
1267 1727 1442 1764 homines
1481 1727 1557 1763 ad·-

124 1804 348 1845 ventantes,
399 1805 440 1834 ut
479 1811 527 1835 ex
570 1798 640 1834 iis.
690 1810 809 1846 quum
853 1800 1054 1843 venerint,
1100 1798 1339 1835 sciscitemur
1387 1798 1556 1847 aliquid3

121 1877 416 1918 prospectamus
435 1898 445 1916 ,
518 1870 655 1918 ecquid
726 1879 936 1920 appareat;
1007 1878 1330 1920 prospectare
1400 1870 1481 1906 via
1496 1883 1556 1917 m,

123 1941 237 1989 quid
282 1941 357 1978 cui
396 1955 480 1992 per
526 1942 719 1990 legatos
763 1942 1039 1979 renuntiari
1070 1943 1314 1979 Romanus
1357 1948 1555 1978 senatus

121 2012 290 2049 iubeat
320 2013 393 2060 (sic
424 2014 523 2050 enim
559 2017 770 2060 enarrant),
801 2014 1060 2062 nugacissime
1093 2014 1243 2051 dicitur.
1313 2014 1488 2060 Deinde,
1523 2014 1556 2051 si

122 2083 256 2120 Livius
286 2084 392 2121 illam
423 2086 674 2130 sententiam,
714 2099 799 2134 quae
830 2099 853 2122 a
883 2085 1112 2133 pronomine
1144 2085 1261 2133 quid
1298 2085 1451 2134 incipit,
1491 2098 1554 2122 su-

121 2155 266 2204 periori
302 2156 453 2192 adnecti
478 2163 513 2193 et
545 2170 593 2194 ex
625 2156 918 2205 Campanorum
957 2157 1061 2193 domi
1089 2157 1395 2206 exspectantium
1425 2158 1554 2194 animo

120 2226 288 2276 proferri
314 2227 512 2273 voluisset,
542 2242 619 2265 non
650 2228 771 2265 illis.
801 2229 869 2265 sed
900 2228 995 2265 sibi
1026 2228 1256 2278 scripsisset,
1287 2242 1357 2265 nec
1386 2236 1554 2278 patres

121 2299 395 2348 conscripti
425 2300 648 2345 addidisset,
681 2300 785 2348 quod
815 2300 1022 2337 manifesto
1054 2307 1111 2336 est
1142 2300 1261 2349 legati
1290 2300 1410 2349 ipsius
1441 2313 1553 2337 sena-

121 2377 203 2406 tum
235 2370 481 2419 alloquentis.
541 2371 762 2420 Scripserat
794 2371 930 2408 Livius
961 2385 1039 2408 una
1072 2372 1201 2408 littera
1230 2372 1375 2407 minus:
1410 2371 1553 2409 Stare

123 2454 306 2479 omnem
339 2443 704 2480 multitudinem
736 2444 792 2480 ad
822 2450 994 2492 portas
1026 2444 1151 2480 viam
1176 2444 1285 2480 hinc
1316 2443 1552 2480 ferentem

120 2521 510 2563 prospectantes
545 2521 726 2552 certum
758 2516 924 2552 habeo.
976 2515 1101 2563 Quid
1131 2515 1236 2552 illis
1265 2523 1552 2564 nos,patres

123 2584 418 2633 conscripti,
468 2586 708 2622 sollicitis
752 2599 805 2623 ac
836 2588 1163 2635 pendentibus
1196 2587 1344 2624 animi
1376 2600 1552 2623 renun-

121 2656 253 2692 tiare
284 2656 501 2697 iubetis?
565 2658 650 2694 Iam
693 2658 783 2694 huic
813 2665 928 2695 rectae
965 2659 1263 2708 interrogationi
1300 2667 1335 2695 et
1375 2660 1553 2708 responsi
