1811 2925
774 164 851 200 269
1257 159 1330 191 Lib.
1347 159 1480 191 xxm.

106 295 170 320 ras
216 285 314 322 dem
357 286 497 322 alteras
542 285 712 329 induxit,
756 284 855 320 unde
899 283 936 320 in
980 282 1011 321 C
1057 284 1219 332 aliisque
1256 283 1401 320 factum
1446 289 1524 319 est:

106 354 480 404 praesidiumque
514 356 709 393 missum
741 355 884 391 nobis
918 362 962 391 et
991 354 1125 392 Nolae
1156 353 1406 397 ademeris9
1436 365 1521 388 sen-

107 426 226 462 tentia
254 438 398 474 prava,
443 426 524 463 sive
558 433 762 474 utrumque
792 426 962 462 dativum
981 453 991 471 ‚
1033 425 1135 473 quod
1167 424 1353 461 sermonis
1384 429 1523 459 natura

106 496 288 545 postulat,
320 496 370 532 ad
400 497 594 534 missum
626 497 771 534 referas
802 497 882 533 sive
922 505 967 532 et
997 496 1132 533 Nolae
1163 508 1248 532 cum
1280 494 1521 531 ademeris

107 567 329 616 coniungas.
394 568 562 605 Omnino
594 568 797 605 tenendum
830 575 897 611 cst,
928 580 1004 603 non
1034 579 1149 616 posse
1180 566 1338 603 eandem
1370 565 1521 601 Hanni-

106 638 204 675 balis
237 638 426 674 actionem
460 640 559 675 idem
591 646 628 676 et
659 638 761 687 apud
782 638 907 675 socios
934 637 1159 686 (Samnites)
1191 643 1229 673 ct
1258 636 1361 684 apud
1390 636 1521 672 hostes

109 709 327 751 (Romanos
349 715 385 745 et
402 709 596 753 Nolanos)
629 708 792 752 efficere,
823 709 890 745 sed
920 708 1136 745 necessario
1169 707 1361 745 contraria
1393 706 1521 752 (simul

107 779 235 817 alteris
268 779 464 827 prodesse,
496 779 624 815 alteris
646 782 824 823 nocere);
855 792 903 815 ex
925 792 1000 827 quo
1024 780 1078 823 fit„
1113 785 1153 815 ut
1178 778 1338 814 alterum
1360 776 1519 812 verbum

107 850 276 886 eiusdem
324 849 458 886 formae
501 850 754 893 desideretur,
804 849 853 885 ad
900 850 1003 897 quod
1050 849 1283 886 contrarium
1331 846 1521 883 referatur

107 920 358 956 ademeris.
431 921 516 956 Iam
549 933 665 968 quum
693 919 798 955 nulla
825 920 984 956 minima
1026 920 1074 956 sit
1107 930 1224 956 causa
1262 918 1309 954 de
1339 918 1519 954 extremis

107 990 260 1037 (Nolae
291 991 558 1036 ademeris)
582 990 782 1027 dubitandi
813 998 917 1027 etex
941 990 1080 1026 misul
1125 988 1306 1025 facillime
1351 994 1519 1033 eruatur,

105 1062 227 1098 tribus
265 1060 400 1097 litteris
440 1060 709 1109 transpositis,
751 1060 911 1098 simul.
953 1061 1056 1109 quod
1095 1059 1283 1097 sententia
1312 1071 1420 1107 paene
1450 1071 1518 1107 po-

106 1132 236 1176 stulat,
269 1131 456 1168 excidisse
496 1131 647 1167 videtur
688 1132 847 1167 verbum
882 1129 1080 1174 eiusmodi,
1125 1129 1228 1176 quod
1259 1142 1345 1165 cum
1375 1128 1519 1165 simul

106 1202 289 1240 confundi
319 1201 555 1250 conflarique
585 1202 775 1238 scribendi
806 1214 935 1238 errore
954 1200 1132 1250 potuerit.
1194 1199 1372 1236 Efficitur
1402 1200 1519 1248 igitur

103 1272 294 1321 scriptura
334 1273 541 1309 admodum
585 1272 814 1321 probabilis:
860 1271 1239 1321 praesidiumque
1281 1267 1516 1319 [miseris]

103 1343 248 1380 simul
279 1343 417 1379 nobis
449 1349 492 1380 et
522 1343 653 1379 Nolae
693 1343 948 1381 ademeris,
1008 1341 1155 1379 Occisis
1186 1340 1285 1376 enim
1317 1340 1517 1385 Romanis,

104 1414 170 1462 qui
199 1413 304 1450 Nola
332 1413 455 1462 palati
478 1421 608 1458 erant,
638 1413 879 1450 imminutum
911 1412 1101 1450 Samnites
1132 1411 1262 1448 dieunt
1291 1410 1374 1448 fore
1404 1411 1518 1448 Nolae

102 1485 334 1534 praesidium.
347 1480 387 1530 ¹)

214 1554 309 1604 Cap.
346 1557 409 1599 45,
446 1557 491 1591 10
527 1554 581 1603 (in
612 1553 844 1590 Hannibalis
874 1553 1142 1590 cohortatione
1160 1552 1317 1588 militum
1340 1552 1378 1588 in
1409 1564 1521 1600 proe-

101 1627 153 1663 lio
195 1625 244 1662 ad
285 1625 465 1671 Nolam):
524 1625 719 1661 Romam
764 1636 852 1660 vos
896 1631 1285 1672 expugnaturos,
1329 1623 1367 1659 si
1415 1623 1520 1671 quis

103 1696 321 1741 duceret,
364 1695 520 1732 fortes
560 1695 726 1744 lingua
769 1694 1064 1739 iactabatis3
1107 1694 1228 1730 enim
1258 1694 1415 1730 minor
1443 1705 1519 1730 res

103 1773 175 1803 est
205 1766 280 1803 hie
311 1765 530 1814 experiri
551 1766 664 1812 (Pm.
683 1767 697 1802 1
718 1763 891 1815 periri)
913 1765 1004 1801 vim
1026 1764 1355 1812 virtutemque
1385 1764 1518 1810 volo3

127 1939 159 1983 ¹)
194 1942 338 1974 Prorsus
364 1951 431 1972 non
464 1941 636 1980 intelligo,
675 1950 734 1971 cur
768 1940 1066 1972 Weissenbornius
1103 1940 1263 1971 maluerit
1296 1941 1399 1971 etiam
1438 1949 1519 1970 sana

194 2009 373 2035 attrectare
417 2008 466 2034 et:
509 2003 683 2034 missum
721 2002 882 2034 simul.
913 2028 918 2033 .
947 2027 951 2033 .
979 2002 1194 2032 ademtum
1239 2003 1321 2033 erit
1361 2002 1517 2033 seribere.

196 2063 286 2103 Quid
318 2065 419 2096 habet
446 2063 646 2095 offensionis
680 2064 789 2095 oratio
825 2075 844 2095 a
880 2073 914 2094 rc
949 2065 990 2094 ad
1017 2073 1196 2105 personam
1222 2063 1425 2094 Hannibalis
1453 2069 1520 2094 tra-

195 2126 320 2158 ducta?
345 2125 574 2157 Vehementer
599 2126 711 2163 miror,
739 2125 840 2166 paulo
867 2135 969 2166 supra
995 2126 1028 2155 in
1052 2125 1117 2155 hoc
1144 2125 1253 2165 capite
1279 2125 1314 2164 (ξ
1334 2125 1371 2165 4)
1399 2125 1518 2165 teneri,

195 2188 286 2229 quod
313 2187 615 2218 Drakenborchius
656 2187 886 2227 imprudenter
918 2197 935 2217 e
961 2186 1135 2217 codicibus
1166 2187 1316 2217 reduxit:
1357 2192 1398 2217 at
1429 2186 1519 2216 her-

197 2249 286 2280 cule
313 2272 320 2279 .
349 2272 356 2279 .
384 2272 391 2278 .
418 2254 629 2289 praesente
666 2255 705 2279 te
743 2248 1077 2289 (eomploratum
1116 2258 1245 2289 prope
1283 2248 1517 2287 coniugum

198 2320 244 2341 ac
295 2310 529 2340 liberorum
582 2315 808 2340 nostorum
859 2310 1072 2340 exaudire
1109 2333 1150 2340 ..
1176 2333 1186 2342 .
1228 2312 1398 2351 posses)
1457 2310 1519 2340 ita

194 2357 338 2402 sumus
373 2371 646 2411 aliquotiens
690 2371 767 2402 hae
805 2377 956 2402 aestate
998 2372 1236 2410 devastati3
1279 2382 1357 2402 nam
1399 2377 1519 2412 praeter

195 2433 492 2474 comploratus
526 2433 809 2473 significationem
842 2433 942 2474 plane
976 2433 1019 2463 ab
1052 2433 1219 2465 hocloco
1255 2432 1400 2463 alienam
1435 2431 1519 2462 nihil

198 2500 249 2526 est.
274 2494 408 2534 pravius
432 2496 608 2525 interiecta
633 2495 694 2525 illa
720 2495 887 2525 sententia
914 2494 1157 2532 condicionali,
1194 2493 1278 2524 nihil
1299 2493 1457 2524 usitatius
1483 2493 1518 2523 in

196 2555 365 2586 ndiunctis
399 2557 446 2587 rei
482 2556 583 2586 alicui
618 2555 777 2586 notandis
811 2565 912 2596 quam
943 2555 1014 2586 haec
1048 2555 1177 2587 forma:
1213 2561 1250 2586 te
1282 2559 1516 2595 praesente,

195 2625 323 2656 quum
348 2617 463 2656 (codd.
491 2620 594 2654 cum)
622 2642 629 2648 .
659 2641 665 2647 .
693 2641 700 2647 .
722 2626 884 2658 posses.
