1811 2925
848 115 927 150 523
1394 114 1469 146 Lib.
1489 114 1602 145 XLII.

173 243 363 271 ceteras
388 237 511 273 satis
532 236 674 281 fidas,
706 236 1259 273 Rhodiosfluctuantes.
1302 237 1361 272 Ex
1381 237 1602 273 Rhodios

174 304 318 341 factum
350 307 525 345 socios,

287 374 383 425 Cap.
416 378 494 422 27,
543 380 563 414 4
599 384 635 413 et
676 380 711 415 5.
772 376 1011 414 Coniecturis
1057 376 1332 412 abstinuissent
1375 376 1602 413 Gronovius

174 444 329 493 aliique,
361 446 393 482 si
423 448 638 484 orationem
669 447 723 484 sic
752 447 1033 495 interpunctam
1065 446 1307 490 habuissent3
1354 447 1393 482 H
1407 459 1493 482 une
1526 447 1600 482 mi-

174 515 308 552 litem
343 517 422 564 qui
453 517 727 553 Brundusii
759 517 1032 566 acciperet,
1193 519 1242 553 A.
1275 517 1463 553 Atilius
1495 519 1600 555 Ser-

175 598 343 631 ranus,
391 588 472 635 qui
523 589 689 637 priore
727 600 850 624 anno
890 593 1068 635 praetor
1118 586 1306 632 fuerat,
1352 588 1601 636 deligitur,

174 654 252 692 Cn.
287 656 501 694 Sicinius
530 666 725 707 praetor,
757 658 837 706 qui
867 658 1135 694 exereitum
1166 664 1393 706 paratum
1425 659 1482 694 ad
1507 665 1599 694 tra-

173 726 440 764 iiciendum
474 730 706 774 haberet3
748 728 791 766 C.
823 728 1042 776 Popillio
1074 729 1264 765 consuli
1296 736 1366 768 cet.
1433 729 1499 766 Ad
1530 728 1599 765 Cn.

175 797 306 835 Sicinii
337 812 478 835 nomen
510 800 663 836 auditur
695 800 957 848 deligitur3
1006 799 1044 835 in
1081 799 1213 835 codice
1245 800 1344 847 (qui
1380 806 1428 837 ut
1460 813 1600 836 exer-

175 868 338 916 citum)
383 877 432 906 ut
476 871 753 918 interpretandi
791 882 910 906 eausa
955 870 1189 918 adscriptum
1234 878 1300 908 est.
1379 871 1600 915 1¹u111§5,

175 939 239 975 ubi
271 940 420 976 editur:
466 949 510 977 et
549 941 714 978 socios
754 940 922 977 Latini
965 940 1172 976 nominis
1210 941 1271 976 IV
1305 941 1439 977 milia
1469 941 1600 989 pedi·

174 1017 290 1056 tum,
333 1010 558 1048 Gronovius
590 1018 717 1048 autem
748 1010 971 1058 requirebat
1000 1011 1203 1056 socium,
1236 1012 1359 1047 codex
1389 1011 1523 1047 habet:
1556 1017 1601 1046 et

174 1081 316 1126 socis,
349 1094 397 1117 ex
428 1094 504 1129 quo
536 1084 596 1118 fit:
627 1088 674 1118 et
704 1095 724 1117 e
754 1080 912 1117 sociis.

287 1151 721 1201 Cap.28‚8:E0dem
738 1151 813 1187 die
832 1151 1054 1187 decrevit
1071 1150 1601 1200 senatus,C.Popillius

174 1235 269 1259 cos,
316 1223 458 1259 ludos
501 1237 584 1272 per
617 1223 717 1259 dies
752 1223 793 1259 X
823 1222 933 1258 Iovi
965 1221 1012 1259 O.
1043 1223 1097 1258 M.
1132 1228 1340 1258 voveret
1375 1223 1602 1270 donaque

173 1293 305 1329 circa
336 1294 495 1331 omnia
527 1292 811 1342 pulvinaria
840 1293 961 1338 dari,
992 1293 1031 1328 si
1060 1292 1346 1341 respublica
1377 1293 1418 1329 X
1449 1305 1599 1328 annos

172 1364 219 1400 in
252 1365 420 1400 eodem
451 1370 584 1400 statu
615 1363 805 1401 fuisset.
890 1364 985 1408 Ita,
1018 1371 1067 1400 ut
1097 1370 1407 1408 censuerant,
1438 1363 1483 1399 in
1515 1361 1601 1400 Ca·

174 1435 361 1483 pitolio
406 1434 545 1471 vovit
593 1434 765 1470 consul
808 1434 945 1471 ludos
994 1433 1107 1470 fieri
1140 1434 1448 1482 donariaque
1479 1433 1600 1477 dari,

174 1512 360 1552 quanta
391 1519 448 1542 ex
477 1505 685 1553 pecunia
720 1505 970 1541 decresset
1008 1513 1232 1549 senatus,
1279 1512 1349 1544 cet.
1430 1504 1532 1540 Mira
1561 1503 1599 1539 in

174 1575 302 1624 priore
337 1576 527 1612 sententia
560 1575 801 1623 inaequalitas
833 1582 911 1612 est:
954 1575 1092 1612 ludos
1130 1604 1168 1615 ..
1216 1582 1425 1612 voveret
1455 1574 1598 1610 dona-

176 1658 264 1693 que
296 1646 415 1691 dari,
447 1646 589 1683 omisso
621 1646 725 1694 apud
757 1646 918 1682 alterum
950 1659 1102 1691 nomen,
1135 1646 1266 1682 addito
1301 1646 1405 1694 apud
1436 1645 1599 1681 alterum

172 1717 313 1761 verb03
361 1717 398 1753 in
431 1718 553 1754 altera
587 1717 685 1753 enim
718 1716 907 1753 sententia
939 1717 988 1753 ad
1018 1724 1223 1765 utrumque
1246 1717 1400 1753 additur
1431 1716 1598 1766 (ludos

172 1787 286 1823 fieri
317 1788 617 1835 donariaque
648 1788 782 1833 dari).
848 1788 896 1824 In
927 1788 1058 1824 codice
1089 1795 1169 1824 est:
1211 1789 1433 1836 donaque
1464 1787 1600 1823 cirea

174 1858 333 1894 omnia
361 1859 650 1907 pulvinaria
685 1858 790 1895 dari
832 1871 861 1893 r.
893 1872 930 1907 p.
963 1860 1004 1895 X
1035 1871 1187 1895 annos
1223 1865 1292 1897 cet.
1339 1858 1499 1906 (omisso
1531 1857 1600 1902 si).

173 1928 452 1966 Scribendum:
484 1929 788 1978 pulvinaria,
820 1929 881 1972 si;
928 1942 1016 1966 nam
1049 1930 1159 1967 dari
1190 1944 1238 1966 ex
1269 1929 1342 1966 asi
1373 1934 1497 1964 ortum
1530 1935 1599 1963 est.

172 1999 294 2036 Aliud
324 2000 362 2035 in
394 2001 516 2036 altera
546 2000 735 2037 sententia
766 1999 944 2036 mendum
976 2006 1047 2038 est.
1144 2001 1248 2037 Nam
1283 2001 1408 2036 dona
1439 1999 1496 2035 dis
1530 2012 1598 2035 vo-

171 2077 310 2106 ventur
340 2077 378 2107 et
407 2071 570 2116 dantur,
600 2084 678 2107 non
705 2069 941 2114 donaria,
985 2071 1087 2118 quod
1118 2084 1259 2107 nomen
1289 2077 1326 2106 et
1354 2071 1440 2119 ipsa
1472 2069 1600 2106 forma

174 2139 260 2187 (Gr.
294 2141 381 2178 Lat.
418 2144 436 2186 ξ
472 2142 572 2186 180,
605 2141 645 2189 3)
678 2147 715 2177 et
746 2140 957 2176 auctoritas
989 2141 1143 2189 Virgilii
1173 2148 1210 2177 et
1241 2141 1388 2177 Lucani
1421 2141 1468 2176 de
1498 2141 1597 2189 loco,

174 2210 238 2247 ubi
269 2211 372 2247 dona
401 2219 639 2259 reponantur
682 2212 923 2258 (thesauro),
968 2211 1043 2247 diei
1075 2212 1308 2257 ostendunt3
1357 2225 1447 2248 nam
1496 2212 1599 2260 apud

172 2282 353 2318 Tacitum
384 2283 488 2320 Ann.
528 2285 569 2326 l,
603 2284 651 2317 44
684 2281 761 2318 iam
799 2281 947 2330 pridem
990 2282 1223 2319 intellectum
1266 2289 1344 2327 est,
1391 2282 1599 2319 donaria

172 2352 415 2388 militaria
444 2365 515 2400 pro
550 2353 659 2388 donis
690 2352 942 2397 militaribus,
990 2365 1074 2401 quae
1118 2353 1308 2389 constanti
1352 2359 1389 2388 et
1426 2351 1598 2400 legitimo

173 2423 327 2459 nomine
358 2423 677 2472 appellabantur,
710 2429 795 2459 orta
829 2435 913 2459 esse
944 2429 1135 2460 rectracta
1165 2436 1213 2459 ex
1245 2423 1436 2459 adiectivo
1468 2422 1597 2458 termi-

173 2493 341 2532 natione.
434 2493 567 2530 Livius
599 2492 777 2540 quidem,
823 2494 888 2542 qui
929 2494 1050 2530 tribus
1095 2500 1183 2530 ante
1221 2493 1395 2530 versibus
1425 2499 1530 2529 recto
1562 2500 1599 2528 et

173 2564 316 2600 usitato
361 2564 515 2600 nomine
554 2575 645 2599 usus
691 2571 790 2600 esset
832 2565 987 2612 (ludos
1027 2593 1063 2603 ..
1103 2564 1274 2608 dona),
1319 2577 1396 2600 non
1433 2570 1599 2612 poterat,

174 2646 291 2681 quum
327 2635 488 2671 candem
519 2647 598 2670 rem
630 2634 764 2670 iterum
797 2635 1032 2683 significaret
1064 2635 1171 2680 (ita,
1205 2641 1254 2670 ut
1285 2641 1598 2676 censuerant,
