1811 2925
267 123 472 156 Lib.X1.11.
938 124 1014 159 536

380 244 475 293 Cap.
516 248 578 289 45,
610 247 652 280 4:
682 244 760 291 qui
793 244 1107 293 (Hegesiloehus)
1130 272 1168 283 ..
1208 243 1371 280 multis
1401 242 1683 279 rationibus

269 316 368 363 (cod,
414 314 556 351 multi
588 313 919 360 orationibus)
950 313 1229 363 pervicerat
1258 314 1490 357 Rhodios,
1524 319 1572 349 ut

268 388 529 423 Romanam
551 384 838 421 societatem
859 413 867 423 .
887 413 896 423 .
913 384 1199 421 retinerent.
1243 384 1542 420 Pervincere
1563 395 1685 431 prave

269 470 352 492 cun]
386 468 477 492 casu
511 455 674 491 nominis
706 454 899 504 coniungi,
931 460 1034 491 recte
1066 454 1409 491 Drakenborchius
1440 454 1684 490 animadver-

268 528 331 571 tit;
365 527 431 562 sed
466 526 568 574 quod
603 525 718 561 scribi
749 525 859 561 malit
888 524 1183 573 pervicerat,
1214 524 1393 560 Rhodii
1424 530 1473 559 ut
1494 530 1576 569 cet„
1599 523 1684 559 red-

269 597 442 646 arguitur
475 597 680 632 verborum
732 596 882 644 positu,
920 606 1100 643 perverse
1131 594 1319 630 eminente
1357 595 1490 643 populi
1520 593 1686 637 nomine,

271 667 380 715 quasi
415 666 652 715 comparatio
687 666 817 714 aliqua
850 665 909 701 sit.
976 665 1140 701 Videtur
1172 665 1303 700 Livius
1334 664 1549 713 scripsisse:
1586 676 1685 712 per-

269 737 477 773 duxerat
508 736 744 780 Rhodios,
774 741 823 772 ut
854 740 926 772 cet.
990 735 1118 771 Etiam
1152 735 1280 780 XLV,
1317 736 1383 777 13,
1420 736 1464 770 12
1497 747 1566 783 pro
1600 746 1686 782 per-

271 809 469 844 duceret
514 807 551 843 in
590 806 722 842 codice
767 805 948 842 scribitur
978 807 1274 853 perviceret.
1341 805 1530 841 Extremo
1562 804 1688 853 capite

270 880 304 922 (ξ
338 879 376 923 8)
408 876 729 913 considerandum
758 882 876 924 putO,
908 882 1059 913 rectene
1088 877 1230 924 legatio
1261 881 1550 912 momentum
1582 886 1688 911 esse

270 949 317 984 ad
349 948 610 985 conciliandos
654 947 805 982 animos
838 946 1000 992 dicatur,
1032 960 1079 982 an
1111 960 1181 995 pro
1213 946 1311 982 fuit
1357 946 1597 982 scribendum
1641 945 1690 980 sit

270 1020 441 1056 habuit
472 1025 535 1055 aut
570 1017 703 1055 fecit.

382 1089 478 1138 Cap.
514 1092 577 1131 46,
612 1091 632 1125 b
664 1088 722 1137 (in
755 1100 943 1136 responso
975 1088 1109 1124 Persei
1138 1087 1274 1135 legatis
1303 1087 1350 1123 ab
1373 1086 1533 1123 Rhodiis
1556 1086 1689 1129 dato):

272 1174 327 1197 ne
372 1160 484 1208 quid
517 1161 572 1195 ab
615 1158 820 1196 Rhodiis
864 1165 1086 1206 speraret
1133 1156 1238 1206 (cod.
1287 1156 1564 1205 separaret.)
1611 1163 1691 1192 aut

270 1237 461 1280 peteret
493 1243 588 1273 rex,
607 1229 730 1276 quod
749 1234 962 1264 veterem
986 1227 1270 1267 amicit-iam,
1288 1227 1452 1262 multis
1484 1226 1689 1274 magnis-

274 1315 362 1349 que
393 1300 579 1336 meritis
610 1312 727 1348 pace
757 1298 993 1346 belloque
1027 1305 1245 1346 partam,
1284 1297 1566 1345 diiungeret
1598 1297 1690 1333 sibi

274 1373 328 1408 ab
361 1370 604 1408 Romanis.
666 1371 864 1417 Pei-quam
897 1369 1034 1404 mirum
1052 1368 1232 1416 loquendi
1263 1379 1396 1416 genuS,
1427 1367 1523 1402 diiu
1538 1380 1561 1402 n
1576 1379 1691 1415 gere

273 1442 422 1478 alicui
456 1441 709 1477 amicitam
745 1441 802 1476 ab
832 1439 1017 1486 aliqum
1057 1439 1222 1474 debebat
1268 1438 1339 1473 dici
1383 1450 1481 1473 cum
1526 1438 1691 1474 Roma-

276 1511 467 1555 nis;,etsi
499 1511 537 1547 id
570 1523 723 1559 quoque
758 1509 881 1545 minus
929 1509 1109 1544 usitatum
1142 1508 1254 1545 foret.
1317 1507 1392 1544 Sed
1418 1508 1551 1544 Livius
1573 1508 1692 1556 scrip-

274 1588 394 1618 serat:
424 1581 712 1630 diiungeret
744 1581 838 1616 sibi
876 1592 930 1619 ac
959 1580 1206 1616 Romanis.
1268 1580 1368 1615 Tun]
1395 1579 1428 1621 (ξ
1451 1576 1495 1627 7)
1525 1577 1693 1614 scriben-

274 1654 380 1689 dum:
409 1652 624 1688 Boeotiae
653 1663 848 1698 quoque
881 1649 1122 1691 civitates,
1140 1649 1337 1685 Thebas
1361 1647 1692 1685 etCoroneam

276 1730 316 1759 et
351 1723 651 1765 Haliartum,
683 1721 930 1765 adierunt:
963 1720 1046 1755 cod.
1081 1727 1115 1755 et
1150 1719 1234 1756 edd.
1268 1726 1311 1755 et
1341 1720 1549 1762 Thebas,
1581 1718 1691 1766 quasi

276 1806 407 1830 omnes
458 1792 673 1829 enumerari
719 1791 979 1840 significetui-3
1025 1797 1149 1825 ortum
1188 1797 1228 1825 et
1262 1803 1309 1825 cx
1341 1790 1512 1837 sequenti
1543 1789 1611 1833 th,
1654 1795 1693 1825 ut

278 1878 309 1901 c.
344 1867 406 1908 37,
440 1867 475 1900 4.

389 1934 485 1982 Cap.
520 1937 594 1971 47.
629 1935 648 1968 3
683 1932 764 1981 (ubi
795 1932 841 1978 Q.
872 1932 1042 1967 Marcius
1081 1937 1114 1966 et
1148 1933 1198 1967 A.
1232 1929 1373 1966 Atilius
1403 1928 1617 1976 gloriantur
1648 1929 1695 1964 de

277 2006 436 2053 decepto
468 2018 536 2052 per
566 2003 738 2039 inducias
771 2009 807 2037 et
833 2014 939 2050 spem
972 2002 1077 2050 pacis
1109 2002 1267 2041 Perseo,
1299 1999 1402 2046 quod
1431 1999 1463 2034 is
1485 1999 1614 2034 omnia
1645 1998 1693 2034 ad

276 2075 416 2112 bellum
452 2080 670 2123 praeparata
708 2073 904 2117 habuerit,
951 2071 1115 2109 Romani
1147 2070 1277 2116 nil1il):
1320 2068 1499 2117 Spatio
1538 2074 1693 2104 autem

276 2146 575 2181 induciarum
612 2150 825 2192 sumpto,
870 2149 1126 2178 venturum
1158 2140 1292 2176 illum
1324 2138 1478 2174 nihilo
1509 2139 1694 2187 parati·

278 2228 425 2255 orem,
458 2216 708 2251 Romanos
749 2214 972 2249 omnibus
1002 2210 1352 2248 instructiores
1383 2210 1524 2245 rebus
1556 2221 1694 2257 coep-

277 2293 413 2320 turos
445 2285 575 2321 bellu
590 2298 637 2323 tn.
696 2285 788 2321 Non
804 2289 908 2319 recto
940 2283 1025 2318 loco
1047 2280 1202 2329 ponitur
1227 2286 1430 2315 venturu
1443 2291 1495 2322 1n3
1532 2291 1620 2314 nam
1656 2279 1694 2314 in

278 2355 468 2391 contrarie
509 2355 639 2390 relatis
671 2354 807 2390 illum
839 2353 946 2389 initio
979 2352 1071 2400 poni
1102 2351 1278 2386 debebat.
1340 2349 1416 2386 Sed
1457 2347 1694 2384 manifestius

278 2425 403 2460 mendi
434 2425 614 2461 indicium
650 2425 774 2460 codex
806 2424 976 2472 praebet.
1008 2423 1044 2457 in
1081 2434 1156 2469 quo
1188 2421 1384 2456 scribitur:
1430 2448 1439 2457 .
1459 2448 1467 2456 .
1508 2425 1693 2466 sumpto

279 2497 343 2531 hae
377 2507 475 2531 cum
513 2502 780 2530 venturum
820 2493 955 2528 illum
987 2497 1057 2528 cet.
1125 2491 1375 2539 Perspicuum
1410 2496 1478 2533 est.
1509 2488 1696 2525 universae

280 2565 332 2600 rei
364 2564 627 2609 declarationi,
660 2576 744 2612 quae
777 2564 1017 2600 contineatur
1046 2561 1195 2597 verbis:
1228 2559 1404 2608 Spatio
1448 2589 1456 2596 .
1476 2587 1484 2597 .
1505 2586 1540 2597 ..
1578 2568 1596 2601 †
1630 2559 1696 2594 hae

279 2647 379 2670 cum
409 2640 663 2670 venturum
686 2662 694 2677 ,
727 2634 885 2681 adiungi
916 2632 1211 2680 explicationem
1242 2632 1364 2666 hanc:
1394 2628 1529 2664 illum
1561 2628 1694 2676 (enim)
