1811 2925
261 172 335 205 Lib.
359 172 485 203 XLIV.
937 173 1013 208 578

260 295 388 344 piam
419 294 561 331 intuli
599 293 779 329 forent.
861 295 1016 330 Partem
1063 293 1142 329 veri
1192 293 1528 330 VVeissenbornius
1574 292 1681 337 vidit,

261 367 381 403 latere
411 365 448 401 in
478 363 612 400 litteris
644 363 793 400 int-uli
832 363 1075 413 participium
1114 363 1232 400 futuri
1263 364 1445 412 temporis
1477 364 1524 400 de
1555 363 1681 401 Gallis

260 437 427 485 positum
457 435 517 482 (in
529 434 723 470 venturi
751 433 952 482 forent);
984 434 1226 483 participium
1255 434 1377 483 ipsum
1410 441 1613 482 ceteraque
1647 434 1681 470 ei

262 513 354 555 apta
381 519 457 541 non
496 505 654 543 invenit.
737 504 954 552 Scripserat
998 505 1095 541 enim
1131 504 1282 541 Livius:
1327 518 1409 557 per
1455 509 1681 557 quantam

262 577 472 614 omnium
515 580 841 624 praeparatam
888 587 1001 611 cura
1042 577 1171 623 regis
1213 575 1400 624 copiam
1448 576 1567 615 ituri
1617 576 1681 615 fo-

262 651 388 696 rent,
410 646 688 695 quibusque
712 646 991 682 muneribus
1023 674 1032 685 .
1051 675 1058 683 .
1078 674 1086 684 .
1111 651 1411 693 excepturus
1435 658 1519 682 rex
1540 652 1679 682 esset.

262 719 407 766 Quem
454 722 542 753 ante
589 722 821 764 quantam
872 722 938 752 aut
986 729 1034 752 ex
1078 715 1189 751 huius
1234 715 1340 752 vocis
1385 716 1517 764 primis
1547 717 1681 753 litteris

260 802 381 838 prave
411 788 576 837 primum
617 786 769 834 scriptis
800 792 866 822 aut
908 799 956 822 ex
987 799 1074 834 que
1124 787 1236 832 (ante
1275 787 1375 835 per)
1427 792 1552 824 ortum
1599 800 1681 824 esse

262 861 424 897 videtur.
492 860 627 895 Restat
658 857 695 893 in
734 860 752 901 ξ
794 859 831 893 ll
872 856 1038 903 (Quum
1083 857 1139 892 ad
1182 857 1228 893 id
1267 857 1387 893 nihil
1416 858 1681 906 responde-

260 937 415 975 retur,
467 927 734 966 Clondicus
789 927 993 976 regulus
1050 940 1230 972 eorum,
1284 928 1396 973 Abi,
1454 928 1682 965 renuntia

263 1013 390 1049 ergo7
422 998 604 1047 inquit,
646 998 768 1046 regi7
814 998 909 1034 nisi
943 1011 1106 1034 aurum
1139 998 1438 1046 obsidesque
1470 999 1681 1048 accepis-

261 1076 382 1116 sent,
413 1081 645 1117 nusquam
685 1068 793 1104 inde
838 1068 1016 1106 Gallos
1054 1068 1248 1117 longius
1288 1069 1550 1118 vestigium
1593 1083 1681 1107 mo-

261 1138 419 1190 turos)
459 1140 555 1176 mira
599 1145 636 1175 et
672 1139 788 1187 plane
829 1139 1062 1175 incredibilis
1105 1139 1185 1175 sine
1226 1139 1303 1175 ulla
1345 1152 1464 1176 causa
1505 1139 1679 1177 contusio

262 1219 376 1249 rectae
408 1211 593 1248 orationis
626 1210 756 1258 (Abi,
802 1209 978 1257 inquit>
1011 1216 1045 1246 et
1090 1210 1254 1258 obliquae
1285 1208 1399 1259 (nisi
1437 1239 1473 1249 ..
1494 1241 1502 1248 .
1552 1223 1681 1248 acce-

261 1283 471 1332 pissent,
502 1293 740 1329 nusquam
766 1280 877 1315 inde
907 1294 996 1329 pro:
1028 1280 1123 1316 nisi
1248 1282 1547 1329 acceperint,
1577 1294 1680 1318 nus-

264 1365 399 1402 quam
430 1352 539 1388 hinc
570 1351 631 1387 vel
662 1350 810 1399 potius:
835 1350 929 1386 nisi
969 1381 976 1388 .
997 1381 1032 1389 ..
1073 1351 1441 1400 acceperimus),
1484 1353 1533 1388 ad
1564 1365 1681 1400 quam

264 1423 550 1471 coarguendam
583 1421 732 1458 accedit
761 1421 899 1457 vitiose
929 1422 1057 1470 posita
1100 1434 1214 1470 ergo
1255 1423 1465 1470 pa1·ticula;
1516 1422 1681 1459 debebat

263 1496 361 1531 enim
404 1494 456 1530 sic
491 1492 622 1530 scribi:
673 1492 768 1528 Abi
811 1504 946 1541 ergo,
991 1493 1232 1532 renuntia,
1307 1492 1440 1529 Mendi
1477 1504 1569 1528 sane
1599 1492 1685 1529 miri

264 1566 458 1615 praecipua
489 1564 598 1600 sedes
631 1569 689 1599 est
729 1563 767 1598 in
798 1562 971 1610 inquid
1004 1563 1075 1609 (sic
1107 1562 1208 1609 cod.)
1250 1576 1320 1611 pro
1357 1563 1491 1599 iubet
1521 1563 1683 1612 scripto:

264 1636 530 1673 Clondicus
569 1633 767 1681 regulus
810 1646 971 1669 eorum
1014 1634 1149 1673 abire
1190 1635 1518 1685 nuntiareque
1550 1634 1686 1674 iubet

262 1720 310 1743 re
323 1707 390 1755 gi,
421 1705 515 1742 nisi
548 1710 617 1741 cet.
688 1704 823 1741 Prima
854 1711 983 1740 tamen
1027 1704 1134 1752 origo
1169 1703 1334 1740 fortasse
1364 1703 1434 1740 fuit
1467 1704 1686 1753 imperativi

265 1777 375 1826 (abi)
409 1774 555 1825 specics
589 1775 740 1810 obiecta
771 1775 912 1819 animo,
946 1786 1062 1822 quum
1104 1787 1153 1809 re
1196 1774 1346 1823 syllaba
1386 1775 1434 1810 ad
1464 1775 1684 1823 proximum

265 1847 495 1884 vocabulum
531 1844 850 1892 (renuntiare)
872 1850 1036 1880 tractum
1059 1850 1169 1880 esset.
1230 1844 1411 1881 Secutum
1431 1850 1486 1881 est
1516 1858 1684 1883 renun-

263 1919 331 1954 tia
359 1930 488 1966 ergo,
519 1921 600 1951 tum
632 1915 812 1963 inquid.

376 1987 470 2036 Cstp.
504 1988 569 2031 27,
607 1988 637 2022 1.
697 1987 865 2022 Perseus
895 1990 1043 2021 tantum
1076 1985 1243 2032 quinque
1262 1985 1366 2021 milia
1397 1987 1567 2034 equitum
1588 1986 1686 2024 Gal-

265 2058 386 2095 lorum
410 2070 450 2094 se
473 2057 750 2094 conducturum
774 2056 945 2100 dixerat,
984 2055 1121 2103 quibus
1142 2055 1196 2091 uti
1218 2055 1267 2091 ad
1289 2056 1427 2093 bellum
1451 2057 1685 2094 Macedones

266 2134 423 2177 possent
453 2140 695 2176 quorumque
739 2125 1017 2162 multitudinem
1062 2125 1135 2174 ipsi
1174 2139 1251 2162 non
1290 2126 1485 2163 timerent:
1526 2129 1685 2176 Appa-

265 2200 403 2235 rebat
433 2198 679 2241 omnibus5
723 2197 994 2233 mercedem
1039 2196 1365 2233 multitudinis
1407 2197 1573 2233 timere
1602 2210 1685 2234 nec

266 2268 531 2317 quicquam
555 2268 711 2312 aliud:
746 2267 831 2303 sed
851 2280 990 2315 quum
1018 2267 1225 2303 suadere
1246 2267 1522 2304 consulenti
1549 2280 1685 2304 nemo

265 2339 486 2383 auderet,
517 2338 792 2374 remittitur
821 2338 1121 2386 Antigonus,
1154 2345 1223 2373 cet.
1284 2338 1458 2374 Primum
1488 2338 1526 2374 in
1556 2338 1687 2375 codice

267 2409 463 2445 scribitur:
507 2409 777 2444 mercedem
820 2408 1205 2452 multitudinem,
1252 2421 1299 2444 ex
1337 2420 1413 2455 quo
1443 2407 1593 2444 facilius
1627 2409 1685 2445 fit:

268 2479 536 2514 mercedem
578 2480 624 2514 in
670 2479 989 2515 multitudine
1019 2479 1185 2514 timere
1227 2478 1304 2524 (bei
1344 2478 1410 2514 der
1446 2479 1607 2527 Menge‚
1654 2479 1686 2514 si

271 2548 472 2585 multitudo
504 2548 820 2596 comluceretur):
855 2548 1062 2584 videndum
1092 2554 1291 2596 praeterea,
1336 2561 1383 2584 ne
1421 2548 1581 2585 timeri
1621 2549 1686 2585 Li.-

271 2619 355 2655 vius
386 2618 596 2666 scripserit3
630 2618 743 2654 valde
775 2618 874 2655 enim
907 2618 1002 2655 dure
1032 2619 1219 2655 omittitur
1248 2631 1359 2657 eum.
1420 2618 1497 2656 Sed
1528 2618 1686 2667 gravius

267 2689 426 2725 alterum
459 2688 649 2725 mendum.
722 2688 762 2725 Si
808 2689 907 2725 enim
935 2690 1101 2725 Perseus
1132 2701 1268 2737 reapse
1298 2700 1388 2725 suos
1419 2689 1684 2728 consuluisset.
