1811 2925
807 151 884 187 309
1289 149 1364 182 Lib.
1379 149 1515 181 XXVI.

138 270 274 308 Fuisse
311 270 463 307 videtur
505 278 588 308 aut:
633 272 704 309 Ad
743 271 1040 322 frangendas
1078 272 1231 321 igitur
1263 271 1440 323 [vires]
1473 286 1560 310 va·

137 347 273 378 stare
304 354 446 390 agros
478 348 545 378 aut
573 342 720 391 potius:
751 342 1070 391 Frangendas
1101 342 1256 391 igitur
1286 341 1413 393 [vire
1434 356 1451 381 s
1491 356 1562 381 ra-

136 409 231 462 tus]
279 418 479 449 vastare
513 425 656 461 agros
696 418 765 449 cet.
854 412 1023 459 Deinde,
1073 419 1281 462 postquam
1314 417 1335 459 §
1369 416 1390 450 9
1428 414 1561 452 Livius

137 482 305 532 Scopam
335 483 520 529 narravit,
552 488 702 519 armata
734 483 837 519 omni
867 483 1091 520 AEtolorum
1123 484 1340 530 iuventute,
1383 484 1560 522 bellum

136 553 319 590 inferre
349 554 637 591 Acarnaniae
664 566 893 602 parasse,
924 560 1136 602 sequuntur
1166 554 1204 590 in
1236 555 1431 592 codicibus
1465 556 1559 602 (PM

137 622 265 669 Cant,
296 625 394 664 Lov.
430 627 464 669 1,
497 626 532 670 3,
566 628 601 671 5,
633 623 738 674 aliis)
770 624 867 660 haee:
899 624 1154 661 Adversus
1187 626 1314 674 quod
1334 638 1382 662 se
1407 627 1561 664 Acar·

137 708 308 731 nanum
340 707 462 743 gens
503 701 546 731 et.
575 694 768 732 viribus
809 694 965 743 impar
995 701 1039 731 et
1062 695 1153 732 iam
1185 696 1438 734 Oeniadas
1468 697 1561 734 Na—

136 778 335 814 sumque
376 765 557 802 amissa
588 777 797 802 cernens
836 766 1152 815 Romanaque
1184 767 1390 816 insuper
1428 780 1562 804 arma

136 838 390 886 ingruere,
421 837 493 872 ira
523 836 675 885 magis
707 836 912 872 instruit
957 849 1095 884 quam
1126 837 1336 874 consilio
1368 838 1560 876 bellum.

137 907 364 956 Superiores
396 906 585 943 fecerant:
623 907 883 944 Adversus
925 908 1052 955 quod
1083 909 1399 945 Acarnanum
1432 922 1560 958 gens,

136 977 493 1017 WVeissenbornius:
528 978 777 1014 Adversus
809 977 935 1026 quod
964 980 1346 1016 seAcarnanum
1375 992 1493 1028 gens
1516 1010 1525 1020 .

136 1049 366 1097 imparem
406 1077 414 1086 .
434 1078 442 1086 .
461 1076 470 1087 .
510 1060 713 1084 cernens
743 1054 814 1085 cet.
874 1049 920 1085 In
951 1054 1115 1097 utraque
1143 1049 1335 1098 scriptura
1366 1050 1442 1087 duo
1473 1057 1559 1088 sunt

135 1119 271 1155 vitiose
316 1118 435 1155 dieta:
490 1113 648 1167 impar
693 1119 931 1155 adversus
979 1120 1158 1156 bellum
1204 1126 1261 1158 et:
1314 1120 1559 1158 adversus

137 1190 263 1237 quod
305 1189 478 1226 bellum
641 1189 849 1226 instruit
892 1189 1081 1228 bellum.
1157 1191 1291 1227 Livius
1336 1191 1561 1241 scripserat:

135 1259 390 1296 Adversus
421 1272 539 1312 quos
572 1258 772 1311 (Aetolos)
802 1262 1112 1298 Acarnanum
1142 1274 1271 1310 genS,
1295 1267 1338 1298 et
1367 1262 1561 1298 viribus

135 1331 292 1379 impar
335 1336 379 1366 et
419 1331 510 1368 iam
672 1344 876 1368 cernens
915 1360 1002 1376 ...,
1047 1332 1253 1369 instruit
1289 1359 1329 1374 ..
1366 1333 1558 1370 bellum.

136 1401 328 1448 Quodse
360 1406 484 1437 ortum
516 1414 564 1438 ex
597 1414 727 1438 errore
757 1402 927 1450 (quod)
975 1409 1009 1439 et
1042 1403 1278 1440 correctione
1310 1403 1361 1452 (s)
1380 1432 1389 1449 7
1430 1404 1555 1441 vocali

136 1483 256 1519 prave
300 1471 442 1509 addita.
587 1473 713 1509 Paulo
756 1479 844 1522 post
877 1471 991 1521 (13),
1032 1473 1096 1510 ubi
1126 1474 1163 1509 in
1195 1475 1228 1511 P
1260 1481 1335 1511 est:
1367 1475 1558 1512 adlibe·

134 1541 499 1589 rentqhumatis
539 1542 755 1587 titulum,
796 1543 834 1579 in
865 1544 975 1580 editis
1018 1544 1331 1590 adhiberent,
1374 1546 1478 1594 quod
1512 1546 1558 1582 de

135 1612 244 1648 titulo
276 1612 349 1649 diei
381 1611 524 1658 nequit,
556 1613 713 1649 subesse
743 1613 912 1652 videtur:
943 1615 1289 1663 adderentque.

249 1681 346 1731 Cap.
380 1684 453 1727 27,
491 1685 537 1720 16
581 1683 644 1730 (de
676 1683 835 1720 Valerio
870 1684 1028 1722 Laevino
1060 1685 1216 1721 consule
1246 1686 1295 1722 ad
1327 1687 1460 1724 urbem
1492 1700 1559 1725 ac-

137 1753 292 1789 cedente
325 1752 534 1802 Campanis
579 1753 629 1789 ad
667 1754 948 1802 deprecandam
981 1754 1110 1792 Fulvii
1151 1754 1283 1793 Flacci
1310 1758 1554 1794 severitatem

137 1823 376 1860 circumfusis
407 1829 444 1860 et
475 1822 634 1870 Siculis,
678 1825 741 1872 qui
773 1826 938 1862 Romam
982 1832 1159 1874 questum
1198 1826 1244 1862 de
1275 1828 1462 1865 Marcello
1492 1841 1557 1864 ve-

136 1900 283 1939 nerant,
314 1894 467 1931 obviam
499 1895 700 1943 egressis):
732 1897 833 1933 Hae
864 1895 1197 1934 circumfusus
1239 1898 1559 1934 multitudini¹

137 1949 280 2000 simul
320 1964 501 2002 Siculis
541 1965 730 2002 obviam
781 1967 993 2015 egressis
1048 1966 1328 2016 seculisque
1362 1969 1558 2005 Romam

136 2034 342 2082 praebuit
372 2035 760 2073 clarissimarum
793 2036 979 2074 urbium
1012 2037 1207 2073 excidio
1248 2050 1301 2074 ac
1333 2039 1559 2076 celeber-

137 2105 273 2141 rimis
312 2105 433 2142 viris
476 2106 639 2143 victos
682 2107 812 2143 bello
858 2113 1174 2144 accusatores
1211 2107 1256 2146 in
1291 2109 1449 2145 urbem
1479 2108 1560 2145 ad-

138 2174 371 2212 ducentis.
435 2176 482 2212 In
513 2177 692 2213 seculis
709 2190 807 2225 que,
839 2190 885 2214 ex
918 2190 994 2226 quo
1027 2176 1251 2215 Gronovius
1276 2179 1560 2227 Aitolisque

138 2243 330 2290 effecerat,
361 2246 467 2282 cuius
501 2247 625 2295 gentis
655 2247 890 2284 alienissima
920 2249 968 2284 ab
999 2248 1071 2284 hac
1100 2261 1143 2285 re
1172 2250 1315 2286 mentio
1347 2250 1561 2293 estAVeis·

139 2316 364 2352 senbornius
414 2323 518 2354 recte
562 2318 658 2354 vidit
709 2318 802 2354 nihil
847 2317 950 2354 aliud
999 2317 1120 2355 latere
1158 2320 1231 2356 nisi
1275 2320 1559 2368 secutisque

139 2386 258 2434 (quod
292 2386 375 2435 ipse
405 2387 442 2423 in
473 2388 638 2437 exempli
669 2388 743 2425 mei
774 2388 946 2436 margine
977 2401 1011 2425 a.
1034 2390 1136 2426 1835
1168 2390 1395 2428 adnotatum
1411 2389 1558 2440 video).

141 2455 218 2493 Sed
247 2456 371 2493 minus
390 2457 551 2494 feliciter
580 2465 668 2507 post
698 2461 907 2504 Romam,
940 2460 1043 2508 quod
1069 2459 1207 2497 vitiose
1245 2462 1429 2507 abundat,
1462 2474 1560 2511 prae-

139 2527 269 2564 sertim
300 2528 476 2577 proxime
515 2529 820 2577 praecedentibus
851 2529 942 2565 illis:
973 2530 1112 2579 sequi
1145 2543 1194 2568 se
1222 2532 1442 2578 Romam,
1492 2532 1560 2569 ad-

139 2595 236 2632 didit
276 2609 532 2644 rumorem3
577 2612 665 2636 nam
708 2612 832 2648 neque
879 2612 1040 2637 rumor
1083 2601 1378 2639 adducentis
1423 2602 1562 2640 dicitur

139 2678 265 2714 neque
294 2667 341 2704 de
373 2680 528 2705 rumore
554 2669 700 2718 agitur,
730 2670 798 2706 sed
828 2670 875 2707 de
906 2671 1057 2708 obiecta
1090 2672 1210 2709 oculis
1240 2679 1275 2709 et
1307 2672 1444 2710 animis
1474 2685 1561 2722 spe—
