<?xml version="1.0" encoding="UTF-8"?>
<!DOCTYPE html PUBLIC "-//W3C//DTD XHTML 1.0 Transitional//EN"
    "http://www.w3.org/TR/xhtml1/DTD/xhtml1-transitional.dtd">
<html xmlns="http://www.w3.org/1999/xhtml" xml:lang="en" lang="en">
 <head>
  <title>
</title>
<meta http-equiv="Content-Type" content="text/html;charset=utf-8" />
  <meta name='ocr-system' content='tesseract 3.04.00' />
  <meta name='ocr-capabilities' content='ocr_page ocr_carea ocr_par ocr_line ocrx_word'/>
</head>
<body>
  <div class='ocr_page' id='page_1' title='image "./emendationeslivi00madvuoft_0558.png"; bbox 0 0 1811 2925; ppageno 0'>
   <div class='ocr_carea' id='block_1_1' title="bbox 209 132 964 171">
    <p class='ocr_par' dir='ltr' id='par_1_1' title="bbox 209 132 964 171">
     <span class='ocr_line' id='line_1_1' title="bbox 209 132 964 171; baseline -0.004 -6"><span class='ocrx_word' id='word_1_1' title='bbox 209 134 282 165; x_wconf 87' lang='lat' dir='ltr'><strong>Lib.</strong></span> <span class='ocrx_word' id='word_1_2' title='bbox 305 132 434 164; x_wconf 85' lang='lat' dir='ltr'>XLIII.</span> <span class='ocrx_word' id='word_1_3' title='bbox 888 136 964 171; x_wconf 86' lang='lat'>552</span> 
     </span>
    </p>
   </div>
   <div class='ocr_carea' id='block_1_2' title="bbox 208 257 1631 2651">
    <p class='ocr_par' dir='ltr' id='par_1_2' title="bbox 211 257 1630 383">
     <span class='ocr_line' id='line_1_2' title="bbox 211 257 1630 306; baseline 0.002 -13"><span class='ocrx_word' id='word_1_4' title='bbox 211 260 248 303; x_wconf 75' lang='lat'>3,</span> <span class='ocrx_word' id='word_1_5' title='bbox 281 260 316 303; x_wconf 72' lang='grc'>6,</span> <span class='ocrx_word' id='word_1_6' title='bbox 349 257 414 294; x_wconf 91' lang='lat' dir='ltr'>ubi</span> <span class='ocrx_word' id='word_1_7' title='bbox 443 263 546 294; x_wconf 88' lang='lat' dir='ltr'>recte</span> <span class='ocrx_word' id='word_1_8' title='bbox 578 257 721 294; x_wconf 86' lang='lat' dir='ltr'>editur:</span> <span class='ocrx_word' id='word_1_9' title='bbox 766 264 809 294; x_wconf 84' lang='lat' dir='ltr'>et.</span> <span class='ocrx_word' id='word_1_10' title='bbox 847 271 950 306; x_wconf 88' lang='lat' dir='ltr'>quae</span> <span class='ocrx_word' id='word_1_11' title='bbox 991 259 1139 295; x_wconf 80' lang='lat' dir='ltr'>missa</span> <span class='ocrx_word' id='word_1_12' title='bbox 1180 266 1320 295; x_wconf 84' lang='lat' dir='ltr'>erant</span> <span class='ocrx_word' id='word_1_13' title='bbox 1351 260 1407 296; x_wconf 81' lang='lat' dir='ltr'>ad</span> <span class='ocrx_word' id='word_1_14' title='bbox 1438 260 1630 300; x_wconf 70' lang='lat' dir='ltr'>bellum.</span> 
     </span>
     <span class='ocr_line' id='line_1_3' title="bbox 211 329 1568 383; baseline 0.002 -17"><span class='ocrx_word' id='word_1_15' title='bbox 211 329 250 366; x_wconf 91' lang='lat' dir='ltr'>in</span> <span class='ocrx_word' id='word_1_16' title='bbox 280 329 378 373; x_wconf 61' lang='lat' dir='ltr'>cod„</span> <span class='ocrx_word' id='word_1_17' title='bbox 411 329 553 365; x_wconf 80' lang='lat' dir='ltr'>omisso</span> <span class='ocrx_word' id='word_1_18' title='bbox 585 341 703 377; x_wconf 69' lang='lat' dir='ltr'>quae,</span> <span class='ocrx_word' id='word_1_19' title='bbox 727 336 805 365; x_wconf 86' lang='lat' dir='ltr'>est:</span> <span class='ocrx_word' id='word_1_20' title='bbox 837 335 882 365; x_wconf 83' lang='lat' dir='ltr'>et</span> <span class='ocrx_word' id='word_1_21' title='bbox 911 329 1059 365; x_wconf 86' lang='lat' dir='ltr'>missa</span> <span class='ocrx_word' id='word_1_22' title='bbox 1089 335 1229 365; x_wconf 82' lang='lat' dir='ltr'>erant</span> <span class='ocrx_word' id='word_1_23' title='bbox 1267 331 1322 366; x_wconf 86' lang='lat' dir='ltr'>ad</span> <span class='ocrx_word' id='word_1_24' title='bbox 1353 331 1568 383; x_wconf 87' lang='lat' dir='ltr'>bellum.)</span> 
     </span>
    </p>

    <p class='ocr_par' dir='ltr' id='par_1_3' title="bbox 208 398 1630 866">
     <span class='ocr_line' id='line_1_4' title="bbox 331 398 1629 450; baseline 0.003 -14"><span class='ocrx_word' id='word_1_25' title='bbox 331 399 426 449; x_wconf 77' lang='lat' dir='ltr'><strong>Cap.</strong></span> <span class='ocrx_word' id='word_1_26' title='bbox 459 401 504 444; x_wconf 67' lang='lat'>8,</span> <span class='ocrx_word' id='word_1_27' title='bbox 544 401 566 436; x_wconf 88' lang='grc'>6</span> <span class='ocrx_word' id='word_1_28' title='bbox 599 399 655 444; x_wconf 89' lang='grc'><strong>(111</strong></span> <span class='ocrx_word' id='word_1_29' title='bbox 684 412 872 450; x_wconf 83' lang='lat' dir='ltr'>responso</span> <span class='ocrx_word' id='word_1_30' title='bbox 903 401 1009 437; x_wconf 82' lang='lat' dir='ltr'>iussu</span> <span class='ocrx_word' id='word_1_31' title='bbox 1039 405 1196 437; x_wconf 82' lang='lat' dir='ltr'>senatus</span> <span class='ocrx_word' id='word_1_32' title='bbox 1228 398 1546 439; x_wconf 79' lang='lat' dir='ltr'>Chalcidensibus</span> <span class='ocrx_word' id='word_1_33' title='bbox 1576 404 1629 439; x_wconf 91' lang='lat' dir='ltr'>le-</span> 
     </span>
     <span class='ocr_line' id='line_1_5' title="bbox 210 470 1630 522; baseline 0.004 -16"><span class='ocrx_word' id='word_1_34' title='bbox 210 471 310 519; x_wconf 80' lang='lat' dir='ltr'>gatis</span> <span class='ocrx_word' id='word_1_35' title='bbox 344 471 472 519; x_wconf 82' lang='lat' dir='ltr'>dato):</span> <span class='ocrx_word' id='word_1_36' title='bbox 518 484 611 507; x_wconf 92' lang='lat' dir='ltr'>non</span> <span class='ocrx_word' id='word_1_37' title='bbox 655 477 704 507; x_wconf 86' lang='lat' dir='ltr'>ut</span> <span class='ocrx_word' id='word_1_38' title='bbox 749 483 804 507; x_wconf 79' lang='lat' dir='ltr'>ea</span> <span class='ocrx_word' id='word_1_39' title='bbox 853 484 876 508; x_wconf 81' lang='lat' dir='ltr'>a</span> <span class='ocrx_word' id='word_1_40' title='bbox 919 470 1299 520; x_wconf 80' lang='lat' dir='ltr'>magistratibus</span> <span class='ocrx_word' id='word_1_41' title='bbox 1329 473 1452 510; x_wconf 86' lang='lat' dir='ltr'>socii</span> <span class='ocrx_word' id='word_1_42' title='bbox 1481 480 1630 522; x_wconf 83' lang='lat' dir='ltr'>atque</span> 
     </span>
     <span class='ocr_line' id='line_1_6' title="bbox 210 540 1629 592; baseline 0.001 -13"><span class='ocrx_word' id='word_1_43' title='bbox 210 542 348 579; x_wconf 85' lang='lat' dir='ltr'>amici</span> <span class='ocrx_word' id='word_1_44' title='bbox 378 549 680 592; x_wconf 84' lang='lat' dir='ltr'>paterentur.</span> <span class='ocrx_word' id='word_1_45' title='bbox 740 540 895 578; x_wconf 83' lang='lat' dir='ltr'>Codicis</span> <span class='ocrx_word' id='word_1_46' title='bbox 938 542 1129 590; x_wconf 84' lang='lat' dir='ltr'>scriptura</span> <span class='ocrx_word' id='word_1_47' title='bbox 1168 541 1222 577; x_wconf 81' lang='lat' dir='ltr'>sic</span> <span class='ocrx_word' id='word_1_48' title='bbox 1260 548 1435 580; x_wconf 81' lang='lat' dir='ltr'>notatur:</span> <span class='ocrx_word' id='word_1_49' title='bbox 1477 557 1499 580; x_wconf 82' lang='lat' dir='ltr'>a</span> <span class='ocrx_word' id='word_1_50' title='bbox 1529 557 1629 581; x_wconf 76' lang='lat' dir='ltr'>ma-</span> 
     </span>
     <span class='ocr_line' id='line_1_7' title="bbox 208 613 1630 664; baseline 0.002 -14"><span class='ocrx_word' id='word_1_51' title='bbox 208 614 507 663; x_wconf 83' lang='lat' dir='ltr'>gistratibus</span> <span class='ocrx_word' id='word_1_52' title='bbox 539 613 857 661; x_wconf 83' lang='lat' dir='ltr'>utsociatque</span> <span class='ocrx_word' id='word_1_53' title='bbox 898 613 1072 657; x_wconf 70' lang='lat' dir='ltr'>amici,</span> <span class='ocrx_word' id='word_1_54' title='bbox 1119 625 1166 648; x_wconf 86' lang='lat' dir='ltr'>ex</span> <span class='ocrx_word' id='word_1_55' title='bbox 1197 624 1275 660; x_wconf 86' lang='lat' dir='ltr'>qua</span> <span class='ocrx_word' id='word_1_56' title='bbox 1315 613 1476 652; x_wconf 74' lang='lat' dir='ltr'>efficitur</span> <span class='ocrx_word' id='word_1_57' title='bbox 1504 616 1542 652; x_wconf 89' lang='lat' dir='ltr'>id</span> <span class='ocrx_word' id='word_1_58' title='bbox 1574 616 1630 664; x_wconf 88' lang='lat' dir='ltr'>ip-</span> 
     </span>
     <span class='ocr_line' id='line_1_8' title="bbox 209 683 1628 733; baseline 0.002 -13"><span class='ocrx_word' id='word_1_59' title='bbox 209 698 306 730; x_wconf 73' lang='lat' dir='ltr'>sum,</span> <span class='ocrx_word' id='word_1_60' title='bbox 338 685 441 733; x_wconf 90' lang='lat' dir='ltr'>quod</span> <span class='ocrx_word' id='word_1_61' title='bbox 475 684 656 721; x_wconf 84' lang='lat' dir='ltr'>Dukerus</span> <span class='ocrx_word' id='word_1_62' title='bbox 688 684 909 721; x_wconf 76' lang='lat' dir='ltr'>coniectura</span> <span class='ocrx_word' id='word_1_63' title='bbox 939 683 1139 732; x_wconf 85' lang='lat' dir='ltr'>praecepit:</span> <span class='ocrx_word' id='word_1_64' title='bbox 1179 696 1202 719; x_wconf 83' lang='lat' dir='ltr'>a</span> <span class='ocrx_word' id='word_1_65' title='bbox 1237 684 1628 732; x_wconf 81' lang='lat' dir='ltr'>magistratibus</span> 
     </span>
     <span class='ocr_line' id='line_1_9' title="bbox 209 755 1627 807; baseline 0.002 -15"><span class='ocrx_word' id='word_1_66' title='bbox 209 756 306 792; x_wconf 81' lang='lat' dir='ltr'>suis</span> <span class='ocrx_word' id='word_1_67' title='bbox 337 756 464 793; x_wconf 84' lang='lat' dir='ltr'>socii</span> <span class='ocrx_word' id='word_1_68' title='bbox 502 762 648 804; x_wconf 86' lang='lat' dir='ltr'>atque</span> <span class='ocrx_word' id='word_1_69' title='bbox 697 755 856 793; x_wconf 84' lang='lat' dir='ltr'>amici.</span> <span class='ocrx_word' id='word_1_70' title='bbox 930 755 999 791; x_wconf 84' lang='lat' dir='ltr'>Bis</span> <span class='ocrx_word' id='word_1_71' title='bbox 1029 766 1105 790; x_wconf 85' lang='lat' dir='ltr'>uno</span> <span class='ocrx_word' id='word_1_72' title='bbox 1139 767 1156 793; x_wconf 83' lang='lat' dir='ltr'><strong>s</strong></span> <span class='ocrx_word' id='word_1_73' title='bbox 1195 767 1266 802; x_wconf 90' lang='lat' dir='ltr'>pro</span> <span class='ocrx_word' id='word_1_74' title='bbox 1298 755 1439 804; x_wconf 79' lang='lat' dir='ltr'>duplici</span> <span class='ocrx_word' id='word_1_75' title='bbox 1471 758 1627 807; x_wconf 61' lang='lat' dir='ltr'>scripto„</span> 
     </span>
     <span class='ocr_line' id='line_1_10' title="bbox 208 826 593 866; baseline -0.005 -2"><span class='ocrx_word' id='word_1_76' title='bbox 208 828 254 864; x_wconf 91' lang='lat' dir='ltr'>ui</span> <span class='ocrx_word' id='word_1_77' title='bbox 283 827 435 864; x_wconf 81' lang='lat' dir='ltr'>transiit</span> <span class='ocrx_word' id='word_1_78' title='bbox 463 826 501 863; x_wconf 91' lang='lat' dir='ltr'>in</span> <span class='ocrx_word' id='word_1_79' title='bbox 532 834 593 866; x_wconf 84' lang='lat' dir='ltr'>ut.</span> 
     </span>
    </p>

    <p class='ocr_par' dir='ltr' id='par_1_4' title="bbox 209 896 1631 2651">
     <span class='ocr_line' id='line_1_11' title="bbox 321 896 1628 947; baseline 0 -11"><span class='ocrx_word' id='word_1_80' title='bbox 321 898 418 947; x_wconf 84' lang='lat' dir='ltr'>Cap.</span> <span class='ocrx_word' id='word_1_81' title='bbox 454 901 514 943; x_wconf 70' lang='lat'>11,</span> <span class='ocrx_word' id='word_1_82' title='bbox 547 899 589 934; x_wconf 83' lang='lat'>2:</span> <span class='ocrx_word' id='word_1_83' title='bbox 627 899 802 934; x_wconf 82' lang='lat' dir='ltr'>Patres</span> <span class='ocrx_word' id='word_1_84' title='bbox 958 896 1150 945; x_wconf 80' lang='lat' dir='ltr'>legatos</span> <span class='ocrx_word' id='word_1_85' title='bbox 1193 897 1240 933; x_wconf 89' lang='lat' dir='ltr'>in</span> <span class='ocrx_word' id='word_1_86' title='bbox 1282 898 1628 936; x_wconf 80' lang='lat' dir='ltr'>Macedoniani</span> 
     </span>
     <span class='ocr_line' id='line_1_12' title="bbox 209 967 1629 1010; baseline -0.001 -2"><span class='ocrx_word' id='word_1_87' title='bbox 209 973 264 1010; x_wconf 89' lang='lat' dir='ltr'>M.</span> <span class='ocrx_word' id='word_1_88' title='bbox 294 971 522 1008; x_wconf 87' lang='lat' dir='ltr'>Fulvium</span> <span class='ocrx_word' id='word_1_89' title='bbox 566 969 798 1006; x_wconf 81' lang='lat' dir='ltr'>Flaccum</span> <span class='ocrx_word' id='word_1_90' title='bbox 841 975 884 1005; x_wconf 81' lang='lat' dir='ltr'>et</span> <span class='ocrx_word' id='word_1_91' title='bbox 915 969 968 1005; x_wconf 88' lang='grc' dir='ltr'>Μ.</span> <span class='ocrx_word' id='word_1_92' title='bbox 1000 967 1254 1005; x_wconf 83' lang='lat' dir='ltr'>Caninium</span> <span class='ocrx_word' id='word_1_93' title='bbox 1286 970 1513 1007; x_wconf 82' lang='lat' dir='ltr'>Rebilum</span> <span class='ocrx_word' id='word_1_94' title='bbox 1546 971 1629 1007; x_wconf 88' lang='lat' dir='ltr'>mi-</span> 
     </span>
     <span class='ocr_line' id='line_1_13' title="bbox 210 1040 1631 1090; baseline 0 -11"><span class='ocrx_word' id='word_1_95' title='bbox 210 1048 387 1085; x_wconf 68' lang='lat' dir='ltr'>serunt,</span> <span class='ocrx_word' id='word_1_96' title='bbox 421 1042 503 1090; x_wconf 89' lang='lat' dir='ltr'>qui</span> <span class='ocrx_word' id='word_1_97' title='bbox 535 1046 805 1089; x_wconf 68' lang='lat' dir='ltr'>comperta,</span> <span class='ocrx_word' id='word_1_98' title='bbox 838 1052 937 1087; x_wconf 86' lang='lat' dir='ltr'>quae</span> <span class='ocrx_word' id='word_1_99' title='bbox 969 1045 1252 1088; x_wconf 70' lang='lat' dir='ltr'>agerentur,</span> <span class='ocrx_word' id='word_1_100' title='bbox 1284 1040 1558 1082; x_wconf 78' lang='lat' dir='ltr'>referrent..</span> <span class='ocrx_word' id='word_1_101' title='bbox 1589 1050 1631 1079; x_wconf 86' lang='lat' dir='ltr'>et</span> 
     </span>
     <span class='ocr_line' id='line_1_14' title="bbox 209 1110 1631 1150; baseline 0 0"><span class='ocrx_word' id='word_1_102' title='bbox 209 1120 258 1149; x_wconf 81' lang='lat' dir='ltr'>ut</span> <span class='ocrx_word' id='word_1_103' title='bbox 287 1114 338 1150; x_wconf 89' lang='lat' dir='ltr'>A.</span> <span class='ocrx_word' id='word_1_104' title='bbox 380 1111 631 1149; x_wconf 81' lang='lat' dir='ltr'>Hostilius</span> <span class='ocrx_word' id='word_1_105' title='bbox 667 1111 835 1147; x_wconf 85' lang='lat' dir='ltr'>consul</span> <span class='ocrx_word' id='word_1_106' title='bbox 873 1110 1083 1147; x_wconf 80' lang='lat' dir='ltr'>comitia</span> <span class='ocrx_word' id='word_1_107' title='bbox 1125 1111 1413 1148; x_wconf 84' lang='lat' dir='ltr'>consulibus</span> <span class='ocrx_word' id='word_1_108' title='bbox 1455 1114 1631 1150; x_wconf 86' lang='lat' dir='ltr'>subro-</span> 
     </span>
     <span class='ocr_line' id='line_1_15' title="bbox 209 1181 1630 1233; baseline 0 -13"><span class='ocrx_word' id='word_1_109' title='bbox 209 1184 380 1233; x_wconf 81' lang='lat' dir='ltr'>gandis</span> <span class='ocrx_word' id='word_1_110' title='bbox 412 1184 484 1219; x_wconf 84' lang='lat' dir='ltr'>ita</span> <span class='ocrx_word' id='word_1_111' title='bbox 514 1183 743 1227; x_wconf 73' lang='lat' dir='ltr'>ediceret,</span> <span class='ocrx_word' id='word_1_112' title='bbox 776 1183 846 1219; x_wconf 83' lang='lat' dir='ltr'>uti</span> <span class='ocrx_word' id='word_1_113' title='bbox 877 1194 1034 1218; x_wconf 83' lang='lat' dir='ltr'>mense</span> <span class='ocrx_word' id='word_1_114' title='bbox 1055 1181 1287 1218; x_wconf 82' lang='lat' dir='ltr'>Ianuario</span> <span class='ocrx_word' id='word_1_115' title='bbox 1319 1183 1515 1219; x_wconf 80' lang='lat' dir='ltr'>comitia</span> <span class='ocrx_word' id='word_1_116' title='bbox 1551 1185 1630 1221; x_wconf 84' lang='lat' dir='ltr'>ha-</span> 
     </span>
     <span class='ocr_line' id='line_1_16' title="bbox 209 1254 1628 1304; baseline -0.001 -12"><span class='ocrx_word' id='word_1_117' title='bbox 209 1255 312 1292; x_wconf 88' lang='lat' dir='ltr'>beri</span> <span class='ocrx_word' id='word_1_118' title='bbox 347 1260 562 1304; x_wconf 74' lang='lat' dir='ltr'>possent,</span> <span class='ocrx_word' id='word_1_119' title='bbox 595 1260 642 1289; x_wconf 87' lang='lat' dir='ltr'>et</span> <span class='ocrx_word' id='word_1_120' title='bbox 673 1263 724 1290; x_wconf 79' lang='lat' dir='ltr'>ut</span> <span class='ocrx_word' id='word_1_121' title='bbox 754 1254 906 1302; x_wconf 89' lang='lat' dir='ltr'>primo</span> <span class='ocrx_word' id='word_1_122' title='bbox 939 1265 1126 1301; x_wconf 88' lang='lat' dir='ltr'>quoque</span> <span class='ocrx_word' id='word_1_123' title='bbox 1159 1258 1371 1301; x_wconf 86' lang='lat' dir='ltr'>tempore</span> <span class='ocrx_word' id='word_1_124' title='bbox 1400 1254 1446 1289; x_wconf 91' lang='lat' dir='ltr'>in</span> <span class='ocrx_word' id='word_1_125' title='bbox 1474 1255 1628 1291; x_wconf 87' lang='lat' dir='ltr'>urbem</span> 
     </span>
     <span class='ocr_line' id='line_1_17' title="bbox 210 1323 1629 1373; baseline -0.001 -11"><span class='ocrx_word' id='word_1_126' title='bbox 210 1326 410 1363; x_wconf 82' lang='lat' dir='ltr'>rediret.</span> <span class='ocrx_word' id='word_1_127' title='bbox 491 1326 687 1372; x_wconf 78' lang='lat' dir='ltr'>Perquam</span> <span class='ocrx_word' id='word_1_128' title='bbox 725 1324 926 1362; x_wconf 79' lang='lat' dir='ltr'>infeliciter</span> <span class='ocrx_word' id='word_1_129' title='bbox 962 1325 1023 1360; x_wconf 89' lang='grc'><strong>1110</strong></span> <span class='ocrx_word' id='word_1_130' title='bbox 1056 1323 1247 1372; x_wconf 81' lang='lat' dir='ltr'>Grynaeus</span> <span class='ocrx_word' id='word_1_131' title='bbox 1280 1336 1359 1360; x_wconf 82' lang='lat' dir='ltr'>rem</span> <span class='ocrx_word' id='word_1_132' title='bbox 1391 1324 1532 1373; x_wconf 39' lang='lat' dir='ltr'>gessitff</span> <span class='ocrx_word' id='word_1_133' title='bbox 1581 1326 1629 1361; x_wconf 81' lang='lat' dir='ltr'>ad</span> 
     </span>
     <span class='ocr_line' id='line_1_18' title="bbox 211 1394 1630 1445; baseline -0.001 -12"><span class='ocrx_word' id='word_1_134' title='bbox 211 1398 317 1434; x_wconf 77' lang='lat' dir='ltr'>cuius</span> <span class='ocrx_word' id='word_1_135' title='bbox 370 1409 518 1433; x_wconf 83' lang='lat' dir='ltr'>errores</span> <span class='ocrx_word' id='word_1_136' title='bbox 564 1396 812 1444; x_wconf 80' lang='lat' dir='ltr'>corrigendos</span> <span class='ocrx_word' id='word_1_137' title='bbox 853 1396 945 1432; x_wconf 83' lang='lat' dir='ltr'>nihil</span> <span class='ocrx_word' id='word_1_138' title='bbox 983 1407 1140 1445; x_wconf 80' lang='lat' dir='ltr'>prorsus</span> <span class='ocrx_word' id='word_1_139' title='bbox 1185 1395 1317 1431; x_wconf 82' lang='lat' dir='ltr'>auxilii</span> <span class='ocrx_word' id='word_1_140' title='bbox 1364 1394 1630 1444; x_wconf 78' lang='lat' dir='ltr'>Kreyssigium</span> 
     </span>
     <span class='ocr_line' id='line_1_19' title="bbox 210 1466 1627 1514; baseline -0.001 -8"><span class='ocrx_word' id='word_1_141' title='bbox 210 1469 481 1506; x_wconf 85' lang='lat' dir='ltr'>Bekkerumve</span> <span class='ocrx_word' id='word_1_142' title='bbox 513 1467 686 1503; x_wconf 74' lang='lat' dir='ltr'>attulisse</span> <span class='ocrx_word' id='word_1_143' title='bbox 716 1467 846 1505; x_wconf 85' lang='lat' dir='ltr'>miror.</span> <span class='ocrx_word' id='word_1_144' title='bbox 915 1467 1089 1503; x_wconf 87' lang='lat' dir='ltr'>Primum</span> <span class='ocrx_word' id='word_1_145' title='bbox 1119 1479 1277 1514; x_wconf 82' lang='lat' dir='ltr'>prorsus</span> <span class='ocrx_word' id='word_1_146' title='bbox 1306 1466 1525 1503; x_wconf 80' lang='lat' dir='ltr'>incredibile</span> <span class='ocrx_word' id='word_1_147' title='bbox 1557 1474 1627 1504; x_wconf 83' lang='lat' dir='ltr'>est.</span> 
     </span>
     <span class='ocr_line' id='line_1_20' title="bbox 212 1538 1627 1588; baseline -0.001 -12"><span class='ocrx_word' id='word_1_148' title='bbox 212 1553 326 1588; x_wconf 91' lang='lat' dir='ltr'>quum</span> <span class='ocrx_word' id='word_1_149' title='bbox 357 1552 417 1576; x_wconf 79' lang='lat' dir='ltr'>res</span> <span class='ocrx_word' id='word_1_150' title='bbox 447 1540 550 1575; x_wconf 83' lang='lat' dir='ltr'>haud</span> <span class='ocrx_word' id='word_1_151' title='bbox 581 1551 776 1588; x_wconf 81' lang='lat' dir='ltr'>prospcrae</span> <span class='ocrx_word' id='word_1_152' title='bbox 807 1540 844 1575; x_wconf 91' lang='lat' dir='ltr'>in</span> <span class='ocrx_word' id='word_1_153' title='bbox 877 1538 1108 1575; x_wconf 74' lang='lat' dir='ltr'>Macedonia,</span> <span class='ocrx_word' id='word_1_154' title='bbox 1138 1545 1282 1579; x_wconf 76' lang='lat' dir='ltr'>essent,</span> <span class='ocrx_word' id='word_1_155' title='bbox 1311 1538 1530 1578; x_wconf 79' lang='lat' dir='ltr'>consulem,</span> <span class='ocrx_word' id='word_1_156' title='bbox 1563 1539 1627 1587; x_wconf 91' lang='lat' dir='ltr'>qui</span> 
     </span>
     <span class='ocr_line' id='line_1_21' title="bbox 210 1609 1627 1658; baseline -0.001 -10"><span class='ocrx_word' id='word_1_157' title='bbox 210 1612 262 1648; x_wconf 92' lang='lat' dir='ltr'>ibi</span> <span class='ocrx_word' id='word_1_158' title='bbox 293 1618 405 1658; x_wconf 73' lang='lat' dir='ltr'>esset,</span> <span class='ocrx_word' id='word_1_159' title='bbox 439 1611 487 1646; x_wconf 81' lang='lat' dir='ltr'>ab</span> <span class='ocrx_word' id='word_1_160' title='bbox 520 1610 688 1646; x_wconf 82' lang='lat' dir='ltr'>exercitu</span> <span class='ocrx_word' id='word_1_161' title='bbox 720 1617 924 1646; x_wconf 76' lang='lat' dir='ltr'>avocatum</span> <span class='ocrx_word' id='word_1_162' title='bbox 957 1622 1059 1652; x_wconf 56' lang='lat' dir='ltr'>esse„</span> <span class='ocrx_word' id='word_1_163' title='bbox 1091 1615 1130 1644; x_wconf 84' lang='lat' dir='ltr'>ut</span> <span class='ocrx_word' id='word_1_164' title='bbox 1162 1609 1315 1645; x_wconf 80' lang='lat' dir='ltr'>comitia</span> <span class='ocrx_word' id='word_1_165' title='bbox 1346 1610 1479 1645; x_wconf 83' lang='lat' dir='ltr'>Romae</span> <span class='ocrx_word' id='word_1_166' title='bbox 1509 1610 1627 1646; x_wconf 81' lang='lat' dir='ltr'>habe-</span> 
     </span>
     <span class='ocr_line' id='line_1_22' title="bbox 210 1677 1626 1731; baseline -0.001 -12"><span class='ocrx_word' id='word_1_167' title='bbox 210 1690 279 1727; x_wconf 64' lang='lat' dir='ltr'>ret,</span> <span class='ocrx_word' id='word_1_168' title='bbox 311 1695 427 1731; x_wconf 86' lang='lat' dir='ltr'>quum</span> <span class='ocrx_word' id='word_1_169' title='bbox 461 1688 562 1718; x_wconf 74' lang='lat' dir='ltr'>esset</span> <span class='ocrx_word' id='word_1_170' title='bbox 591 1682 627 1718; x_wconf 88' lang='lat' dir='ltr'>in</span> <span class='ocrx_word' id='word_1_171' title='bbox 659 1682 774 1718; x_wconf 78' lang='lat' dir='ltr'>Italia</span> <span class='ocrx_word' id='word_1_172' title='bbox 808 1681 888 1717; x_wconf 68' lang='lat' dir='ltr'>sine</span> <span class='ocrx_word' id='word_1_173' title='bbox 923 1681 1023 1717; x_wconf 88' lang='lat' dir='ltr'>bello</span> <span class='ocrx_word' id='word_1_174' title='bbox 1056 1682 1153 1724; x_wconf 60' lang='grc'><strong>(0.9,</strong></span> <span class='ocrx_word' id='word_1_175' title='bbox 1193 1677 1311 1729; x_wconf 78' lang='grc'><strong>1-3)</strong></span> <span class='ocrx_word' id='word_1_176' title='bbox 1346 1680 1442 1716; x_wconf 79' lang='lat' dir='ltr'>alter</span> <span class='ocrx_word' id='word_1_177' title='bbox 1473 1682 1626 1727; x_wconf 68' lang='lat' dir='ltr'>consul:</span> 
     </span>
     <span class='ocr_line' id='line_1_23' title="bbox 211 1751 1627 1802; baseline -0.003 -12"><span class='ocrx_word' id='word_1_178' title='bbox 211 1768 280 1791; x_wconf 86' lang='lat' dir='ltr'>nec</span> <span class='ocrx_word' id='word_1_179' title='bbox 309 1767 480 1802; x_wconf 79' lang='lat' dir='ltr'>unquam</span> <span class='ocrx_word' id='word_1_180' title='bbox 522 1754 755 1802; x_wconf 72' lang='lat' dir='ltr'>reperietur,</span> <span class='ocrx_word' id='word_1_181' title='bbox 788 1766 904 1801; x_wconf 90' lang='lat' dir='ltr'>quum</span> <span class='ocrx_word' id='word_1_182' title='bbox 945 1753 1053 1788; x_wconf 77' lang='lat' dir='ltr'>alteri</span> <span class='ocrx_word' id='word_1_183' title='bbox 1097 1752 1243 1788; x_wconf 81' lang='lat' dir='ltr'>consuli</span> <span class='ocrx_word' id='word_1_184' title='bbox 1271 1751 1388 1788; x_wconf 81' lang='lat' dir='ltr'>Italia</span> <span class='ocrx_word' id='word_1_185' title='bbox 1428 1752 1627 1800; x_wconf 78' lang='lat' dir='ltr'>provincia</span> 
     </span>
     <span class='ocr_line' id='line_1_24' title="bbox 212 1823 1627 1866; baseline -0.001 -3"><span class='ocrx_word' id='word_1_186' title='bbox 212 1833 321 1866; x_wconf 71' lang='lat' dir='ltr'>esset,</span> <span class='ocrx_word' id='word_1_187' title='bbox 354 1826 462 1862; x_wconf 82' lang='lat' dir='ltr'>alteri</span> <span class='ocrx_word' id='word_1_188' title='bbox 493 1825 632 1861; x_wconf 85' lang='lat' dir='ltr'>bellum</span> <span class='ocrx_word' id='word_1_189' title='bbox 666 1831 776 1860; x_wconf 80' lang='lat' dir='ltr'>extra</span> <span class='ocrx_word' id='word_1_190' title='bbox 807 1823 980 1865; x_wconf 63' lang='lat' dir='ltr'>Italiam,</span> <span class='ocrx_word' id='word_1_191' title='bbox 1016 1836 1090 1858; x_wconf 91' lang='grc'><strong>11011</strong></span> <span class='ocrx_word' id='word_1_192' title='bbox 1123 1823 1172 1859; x_wconf 78' lang='lat' dir='ltr'>ab</span> <span class='ocrx_word' id='word_1_193' title='bbox 1203 1823 1265 1859; x_wconf 90' lang='lat' dir='ltr'>illo</span> <span class='ocrx_word' id='word_1_194' title='bbox 1297 1823 1452 1859; x_wconf 78' lang='lat' dir='ltr'>comitia</span> <span class='ocrx_word' id='word_1_195' title='bbox 1482 1823 1627 1862; x_wconf 82' lang='lat' dir='ltr'>habita.</span> 
     </span>
     <span class='ocr_line' id='line_1_25' title="bbox 213 1894 1627 1945; baseline -0.001 -12"><span class='ocrx_word' id='word_1_196' title='bbox 213 1898 277 1945; x_wconf 84' lang='lat' dir='ltr'>qui</span> <span class='ocrx_word' id='word_1_197' title='bbox 306 1897 343 1933; x_wconf 91' lang='lat' dir='ltr'>in</span> <span class='ocrx_word' id='word_1_198' title='bbox 374 1897 491 1933; x_wconf 80' lang='lat' dir='ltr'>Italia</span> <span class='ocrx_word' id='word_1_199' title='bbox 522 1903 632 1932; x_wconf 76' lang='lat' dir='ltr'>esset.</span> <span class='ocrx_word' id='word_1_200' title='bbox 694 1895 834 1931; x_wconf 81' lang='lat' dir='ltr'>Mirum</span> <span class='ocrx_word' id='word_1_201' title='bbox 868 1895 904 1930; x_wconf 86' lang='lat' dir='ltr'>id</span> <span class='ocrx_word' id='word_1_202' title='bbox 937 1907 1103 1943; x_wconf 73' lang='lat' dir='ltr'>quoque,</span> <span class='ocrx_word' id='word_1_203' title='bbox 1146 1895 1247 1942; x_wconf 82' lang='lat' dir='ltr'>quod</span> <span class='ocrx_word' id='word_1_204' title='bbox 1279 1894 1413 1930; x_wconf 72' lang='lat' dir='ltr'>consul</span> <span class='ocrx_word' id='word_1_205' title='bbox 1451 1894 1550 1930; x_wconf 87' lang='lat' dir='ltr'>redit</span> <span class='ocrx_word' id='word_1_206' title='bbox 1592 1903 1627 1931; x_wconf 88' lang='lat' dir='ltr'>et</span> 
     </span>
     <span class='ocr_line' id='line_1_26' title="bbox 212 1964 1626 2015; baseline -0.003 -11"><span class='ocrx_word' id='word_1_207' title='bbox 212 1968 365 2004; x_wconf 75' lang='lat' dir='ltr'>comitia</span> <span class='ocrx_word' id='word_1_208' title='bbox 397 1968 514 2004; x_wconf 78' lang='lat' dir='ltr'>habet</span> <span class='ocrx_word' id='word_1_209' title='bbox 543 1979 674 2003; x_wconf 67' lang='lat' dir='ltr'>mense</span> <span class='ocrx_word' id='word_1_210' title='bbox 704 1967 911 2003; x_wconf 82' lang='lat' dir='ltr'>Ianuario.</span> <span class='ocrx_word' id='word_1_211' title='bbox 949 1967 1065 2015; x_wconf 75' lang='lat' dir='ltr'>legati</span> <span class='ocrx_word' id='word_1_212' title='bbox 1101 1966 1146 2001; x_wconf 89' lang='lat' dir='ltr'>de</span> <span class='ocrx_word' id='word_1_213' title='bbox 1177 1978 1223 2001; x_wconf 76' lang='lat' dir='ltr'>ea</span> <span class='ocrx_word' id='word_1_214' title='bbox 1252 1979 1292 2001; x_wconf 85' lang='lat' dir='ltr'>re</span> <span class='ocrx_word' id='word_1_215' title='bbox 1324 1964 1373 2001; x_wconf 81' lang='lat' dir='ltr'>ad</span> <span class='ocrx_word' id='word_1_216' title='bbox 1405 1977 1490 2000; x_wconf 83' lang='lat' dir='ltr'>eum</span> <span class='ocrx_word' id='word_1_217' title='bbox 1522 1965 1626 2000; x_wconf 80' lang='lat' dir='ltr'>missi</span> 
     </span>
     <span class='ocr_line' id='line_1_27' title="bbox 214 2035 1626 2083; baseline -0.003 -8"><span class='ocrx_word' id='word_1_218' title='bbox 214 2046 352 2076; x_wconf 82' lang='lat' dir='ltr'>exacto</span> <span class='ocrx_word' id='word_1_219' title='bbox 409 2039 560 2074; x_wconf 86' lang='lat' dir='ltr'>demum</span> <span class='ocrx_word' id='word_1_220' title='bbox 616 2038 823 2074; x_wconf 78' lang='lat' dir='ltr'>admodum</span> <span class='ocrx_word' id='word_1_221' title='bbox 859 2038 1073 2074; x_wconf 80' lang='lat' dir='ltr'>Februario</span> <span class='ocrx_word' id='word_1_222' title='bbox 1121 2037 1279 2072; x_wconf 79' lang='lat' dir='ltr'>redeunt</span> <span class='ocrx_word' id='word_1_223' title='bbox 1323 2038 1357 2083; x_wconf 61' lang='grc' dir='ltr'>(ς’</span> <span class='ocrx_word' id='word_1_224' title='bbox 1391 2035 1443 2083; x_wconf 83' lang='grc'>9).</span> <span class='ocrx_word' id='word_1_225' title='bbox 1501 2036 1626 2072; x_wconf 84' lang='lat' dir='ltr'>Huius</span> 
     </span>
     <span class='ocr_line' id='line_1_28' title="bbox 212 2106 1627 2159; baseline -0.004 -12"><span class='ocrx_word' id='word_1_226' title='bbox 212 2111 416 2159; x_wconf 83' lang='lat' dir='ltr'>pravitatis</span> <span class='ocrx_word' id='word_1_227' title='bbox 448 2117 583 2146; x_wconf 77' lang='lat' dir='ltr'>auctor</span> <span class='ocrx_word' id='word_1_228' title='bbox 615 2109 805 2158; x_wconf 81' lang='lat' dir='ltr'>Grynaeus</span> <span class='ocrx_word' id='word_1_229' title='bbox 837 2115 911 2155; x_wconf 75' lang='lat' dir='ltr'>est3</span> <span class='ocrx_word' id='word_1_230' title='bbox 944 2121 1031 2144; x_wconf 78' lang='lat' dir='ltr'>nam</span> <span class='ocrx_word' id='word_1_231' title='bbox 1063 2108 1101 2144; x_wconf 92' lang='grc'>111</span> <span class='ocrx_word' id='word_1_232' title='bbox 1136 2108 1265 2144; x_wconf 85' lang='lat' dir='ltr'>codice</span> <span class='ocrx_word' id='word_1_233' title='bbox 1299 2106 1475 2143; x_wconf 78' lang='lat' dir='ltr'>omnibus</span> <span class='ocrx_word' id='word_1_234' title='bbox 1492 2106 1627 2142; x_wconf 78' lang='lat' dir='ltr'>litteris</span> 
     </span>
     <span class='ocr_line' id='line_1_29' title="bbox 212 2176 1626 2217; baseline -0.003 0"><span class='ocrx_word' id='word_1_235' title='bbox 212 2182 366 2217; x_wconf 80' lang='lat' dir='ltr'>alterius</span> <span class='ocrx_word' id='word_1_236' title='bbox 397 2181 563 2217; x_wconf 70' lang='lat' dir='ltr'>consulis</span> <span class='ocrx_word' id='word_1_237' title='bbox 605 2193 744 2216; x_wconf 89' lang='lat' dir='ltr'>nomen</span> <span class='ocrx_word' id='word_1_238' title='bbox 780 2179 978 2215; x_wconf 76' lang='lat' dir='ltr'>scribitur:</span> <span class='ocrx_word' id='word_1_239' title='bbox 1021 2180 1078 2216; x_wconf 84' lang='lat' dir='ltr'>Et</span> <span class='ocrx_word' id='word_1_240' title='bbox 1108 2186 1156 2215; x_wconf 90' lang='lat' dir='ltr'>ut</span> <span class='ocrx_word' id='word_1_241' title='bbox 1198 2181 1247 2215; x_wconf 83' lang='lat' dir='ltr'>A.</span> <span class='ocrx_word' id='word_1_242' title='bbox 1278 2176 1469 2215; x_wconf 81' lang='lat' dir='ltr'>Atilius</span> <span class='ocrx_word' id='word_1_243' title='bbox 1499 2189 1626 2214; x_wconf 79' lang='lat' dir='ltr'>cons.</span> 
     </span>
     <span class='ocr_line' id='line_1_30' title="bbox 213 2249 1627 2301; baseline -0.004 -12"><span class='ocrx_word' id='word_1_244' title='bbox 213 2254 411 2301; x_wconf 56' lang='lat' dir='ltr'>Apparetq</span> <span class='ocrx_word' id='word_1_245' title='bbox 442 2253 564 2288; x_wconf 79' lang='lat' dir='ltr'>virum</span> <span class='ocrx_word' id='word_1_246' title='bbox 597 2251 790 2299; x_wconf 77' lang='lat' dir='ltr'>egrcgium</span> <span class='ocrx_word' id='word_1_247' title='bbox 823 2264 868 2287; x_wconf 92' lang='lat' dir='ltr'>eo</span> <span class='ocrx_word' id='word_1_248' title='bbox 900 2251 1100 2300; x_wconf 79' lang='lat' dir='ltr'>deceptum</span> <span class='ocrx_word' id='word_1_249' title='bbox 1135 2263 1239 2289; x_wconf 64' lang='lat' dir='ltr'>esse.</span> <span class='ocrx_word' id='word_1_250' title='bbox 1286 2249 1388 2298; x_wconf 87' lang='lat' dir='ltr'>quod</span> <span class='ocrx_word' id='word_1_251' title='bbox 1428 2249 1507 2284; x_wconf 77' lang='lat' dir='ltr'>haee</span> <span class='ocrx_word' id='word_1_252' title='bbox 1538 2260 1627 2284; x_wconf 89' lang='lat' dir='ltr'>cou-</span> 
     </span>
     <span class='ocr_line' id='line_1_31' title="bbox 211 2320 1627 2370; baseline -0.003 -10"><span class='ocrx_word' id='word_1_253' title='bbox 211 2324 339 2360; x_wconf 68' lang='grc' dir='ltr'><strong>111110ῐᾶ</strong></span> <span class='ocrx_word' id='word_1_254' title='bbox 369 2330 456 2359; x_wconf 83' lang='lat' dir='ltr'>sunt</span> <span class='ocrx_word' id='word_1_255' title='bbox 485 2336 570 2359; x_wconf 85' lang='lat' dir='ltr'>cum</span> <span class='ocrx_word' id='word_1_256' title='bbox 602 2321 794 2358; x_wconf 86' lang='lat' dir='ltr'>mentione</span> <span class='ocrx_word' id='word_1_257' title='bbox 823 2322 1037 2370; x_wconf 79' lang='lat' dir='ltr'>legatorum</span> <span class='ocrx_word' id='word_1_258' title='bbox 1060 2321 1097 2357; x_wconf 92' lang='lat' dir='ltr'>in</span> <span class='ocrx_word' id='word_1_259' title='bbox 1118 2321 1387 2357; x_wconf 79' lang='lat' dir='ltr'>Macedoniam</span> <span class='ocrx_word' id='word_1_260' title='bbox 1410 2320 1627 2356; x_wconf 78' lang='lat' dir='ltr'>missorum.</span> 
     </span>
     <span class='ocr_line' id='line_1_32' title="bbox 212 2390 1626 2443; baseline -0.004 -13"><span class='ocrx_word' id='word_1_261' title='bbox 212 2400 248 2430; x_wconf 83' lang='lat' dir='ltr'>et</span> <span class='ocrx_word' id='word_1_262' title='bbox 278 2401 464 2443; x_wconf 84' lang='lat' dir='ltr'>praeterea</span> <span class='ocrx_word' id='word_1_263' title='bbox 495 2393 635 2429; x_wconf 81' lang='lat' dir='ltr'>duritia</span> <span class='ocrx_word' id='word_1_264' title='bbox 667 2392 872 2441; x_wconf 78' lang='lat' dir='ltr'>orationis3</span> <span class='ocrx_word' id='word_1_265' title='bbox 906 2406 993 2428; x_wconf 83' lang='lat' dir='ltr'>nam</span> <span class='ocrx_word' id='word_1_266' title='bbox 1026 2406 1073 2428; x_wconf 81' lang='lat' dir='ltr'>ex</span> <span class='ocrx_word' id='word_1_267' title='bbox 1105 2393 1188 2427; x_wconf 85' lang='lat' dir='ltr'>illo:</span> <span class='ocrx_word' id='word_1_268' title='bbox 1229 2402 1398 2440; x_wconf 78' lang='lat' dir='ltr'>patres</span> <span class='ocrx_word' id='word_1_269' title='bbox 1436 2419 1501 2428; x_wconf 81' lang='grc'>...</span> <span class='ocrx_word' id='word_1_270' title='bbox 1541 2390 1626 2425; x_wconf 88' lang='lat' dir='ltr'>mi·</span> 
     </span>
     <span class='ocr_line' id='line_1_33' title="bbox 212 2461 1627 2509; baseline -0.002 -9"><span class='ocrx_word' id='word_1_271' title='bbox 212 2470 383 2501; x_wconf 85' lang='lat' dir='ltr'>serunt</span> <span class='ocrx_word' id='word_1_272' title='bbox 417 2465 465 2500; x_wconf 85' lang='lat' dir='ltr'>ad</span> <span class='ocrx_word' id='word_1_273' title='bbox 499 2465 660 2500; x_wconf 76' lang='lat' dir='ltr'>alterum</span> <span class='ocrx_word' id='word_1_274' title='bbox 694 2466 904 2500; x_wconf 83' lang='lat' dir='ltr'>membrum</span> <span class='ocrx_word' id='word_1_275' title='bbox 938 2464 1091 2499; x_wconf 80' lang='lat' dir='ltr'>auditur</span> <span class='ocrx_word' id='word_1_276' title='bbox 1133 2464 1485 2501; x_wconf 73' lang='lat' dir='ltr'>decreverunt.</span> <span class='ocrx_word' id='word_1_277' title='bbox 1525 2461 1627 2509; x_wconf 87' lang='lat' dir='ltr'>quod</span> 
     </span>
     <span class='ocr_line' id='line_1_34' title="bbox 211 2528 1629 2584; baseline -0.003 -13"><span class='ocrx_word' id='word_1_278' title='bbox 211 2548 330 2584; x_wconf 81' lang='lat' dir='ltr'>genus</span> <span class='ocrx_word' id='word_1_279' title='bbox 375 2536 506 2583; x_wconf 82' lang='lat' dir='ltr'>figurae</span> <span class='ocrx_word' id='word_1_280' title='bbox 538 2528 629 2573; x_wconf 49' lang='lat' dir='ltr'>‹c&#39;vto&#39;</span> <span class='ocrx_word' id='word_1_281' title='bbox 668 2532 834 2579; x_wconf 65' lang='grc' dir='ltr'>κοινοῦ,</span> <span class='ocrx_word' id='word_1_282' title='bbox 866 2542 907 2571; x_wconf 85' lang='lat' dir='ltr'>ut</span> <span class='ocrx_word' id='word_1_283' title='bbox 937 2548 985 2571; x_wconf 84' lang='lat' dir='ltr'>ex</span> <span class='ocrx_word' id='word_1_284' title='bbox 1015 2535 1125 2570; x_wconf 84' lang='lat' dir='ltr'>unius</span> <span class='ocrx_word' id='word_1_285' title='bbox 1156 2534 1209 2570; x_wconf 85' lang='lat' dir='ltr'>rci</span> <span class='ocrx_word' id='word_1_286' title='bbox 1236 2534 1396 2569; x_wconf 78' lang='lat' dir='ltr'>decrctae</span> <span class='ocrx_word' id='word_1_287' title='bbox 1414 2532 1629 2580; x_wconf 78' lang='lat' dir='ltr'>pluriumve</span> 
     </span>
     <span class='ocr_line' id='line_1_35' title="bbox 212 2602 1628 2651; baseline -0.003 -9"><span class='ocrx_word' id='word_1_288' title='bbox 212 2606 289 2642; x_wconf 81' lang='lat' dir='ltr'>suis</span> <span class='ocrx_word' id='word_1_289' title='bbox 319 2606 447 2642; x_wconf 87' lang='lat' dir='ltr'>verbis</span> <span class='ocrx_word' id='word_1_290' title='bbox 480 2606 845 2643; x_wconf 81' lang='lat' dir='ltr'>commemoratione</span> <span class='ocrx_word' id='word_1_291' title='bbox 879 2612 1053 2642; x_wconf 81' lang='lat' dir='ltr'>sumatur</span> <span class='ocrx_word' id='word_1_292' title='bbox 1095 2604 1308 2641; x_wconf 84' lang='lat' dir='ltr'>communis</span> <span class='ocrx_word' id='word_1_293' title='bbox 1338 2603 1479 2640; x_wconf 82' lang='lat' dir='ltr'>decreti</span> <span class='ocrx_word' id='word_1_294' title='bbox 1508 2602 1628 2651; x_wconf 78' lang='lat' dir='ltr'>signi-</span> 
     </span>
    </p>
   </div>
   <div class='ocr_carea' id='block_1_3' title="bbox 213 2675 1628 2724">
    <p class='ocr_par' dir='ltr' id='par_1_5' title="bbox 213 2675 1628 2724">
     <span class='ocr_line' id='line_1_36' title="bbox 213 2675 1628 2724; baseline -0.004 -11"><span class='ocrx_word' id='word_1_295' title='bbox 213 2677 339 2714; x_wconf 85' lang='lat' dir='ltr'>ficatio</span> <span class='ocrx_word' id='word_1_296' title='bbox 386 2678 434 2713; x_wconf 75' lang='lat' dir='ltr'>ad</span> <span class='ocrx_word' id='word_1_297' title='bbox 466 2689 629 2724; x_wconf 84' lang='lat' dir='ltr'>eamque</span> <span class='ocrx_word' id='word_1_298' title='bbox 661 2677 972 2713; x_wconf 79' lang='lat' dir='ltr'>accommodetur</span> <span class='ocrx_word' id='word_1_299' title='bbox 1010 2683 1056 2712; x_wconf 88' lang='lat' dir='ltr'>ut</span> <span class='ocrx_word' id='word_1_300' title='bbox 1088 2675 1328 2712; x_wconf 81' lang='lat' dir='ltr'>coniunctio.</span> <span class='ocrx_word' id='word_1_301' title='bbox 1378 2686 1454 2710; x_wconf 87' lang='lat' dir='ltr'>non</span> <span class='ocrx_word' id='word_1_302' title='bbox 1498 2685 1628 2709; x_wconf 81' lang='lat' dir='ltr'>rarum</span> 
     </span>
    </p>
   </div>
  </div>
 </body>
</html>
