1811 2925
249 133 323 165 Lib.
344 133 464 166 XXII.
867 133 889 168 2
896 135 916 168 5
923 133 943 168 2

201 271 254 295 ac
295 263 466 294 tenore
495 268 593 292 uno
637 286 673 293 ..
711 255 1055 304 pervenerunt)
1093 255 1216 292 locum
1248 268 1325 292 non
1371 256 1500 299 habet,
1544 267 1614 291 nec

204 329 325 377 (quod
370 328 494 376 ipsum
529 327 621 363 illud
664 340 753 363 uno
798 330 964 362 tenore
1004 326 1183 373 ostendit)
1227 326 1453 363 describitur
1491 331 1613 362 status

203 413 341 448 pugnae
379 398 657 447 aliquantisper
695 399 827 434 eodem
877 397 962 434 loco
1012 409 1184 435 manens,
1265 398 1527 446 Pervagatum
1558 402 1616 432 est

203 471 276 506 hoc
306 470 344 505 in
380 469 481 506 Livii
505 469 699 506 codicibus
730 469 856 506 mendi
887 480 1006 518 genus
1045 468 1083 503 in
1120 468 1189 504 ire
1233 474 1269 504 et
1308 468 1427 513 iere,
1466 473 1545 503 tum
1577 466 1615 502 in

204 540 427 589 compositis
473 541 581 577 verbi
620 546 752 577 stare
794 539 1080 587 (consistere
1122 551 1192 587 pro
1238 539 1530 581 constitere,
1576 544 1618 574 ut

203 612 258 657 ΙΙ,
289 613 353 657 30,
389 616 431 650 11
468 613 571 662 apud
602 611 889 650 Alschefskium
923 616 959 646 et
987 609 1205 654 Hertzium3
1248 623 1337 646 nam
1377 610 1442 649 W.
1483 622 1614 646 verum

203 681 361 734 tenuit).

318 753 446 803 *Cap
467 755 530 799 49,
561 755 626 790 12:
660 755 769 790 Haec
793 752 1048 801 exigentes
1073 752 1137 795 (L.
1165 751 1366 788 AEmilium
1388 752 1554 789 Paulum
1584 758 1620 787 et

206 824 275 862 Cn.
294 825 516 874 Lentulum)
551 826 689 875 prius
722 825 865 862 turba
894 823 1187 872 fugientium
1218 823 1415 868 civium,
1446 822 1619 859 deinde

205 897 371 933 hostes
406 909 713 946 oppressere.
786 895 893 932 Nihil
933 895 1032 931 inter
1080 894 1282 931 AEmilium
1332 900 1368 930 et
1416 893 1618 930 Lentulum

207 968 446 1016 exigebatur,
491 969 565 1004 hoc
596 975 664 1013 est,
707 967 1014 1012 examinabatur,
1047 979 1161 1014 quam
1193 971 1293 1001 esset
1321 972 1423 1002 reete
1453 964 1620 1008 factumg

207 1039 358 1076 codices
381 1040 475 1086 (PM
502 1039 582 1087 alii)
613 1039 757 1075 habent
787 1038 881 1074 haec
915 1037 1194 1086 exagentis2
1235 1049 1283 1072 ex
1314 1050 1389 1085 quo
1420 1038 1479 1073 fit:
1514 1037 1622 1072 Haec

209 1123 289 1147 eos
330 1107 577 1158 agentis.¹)
638 1109 762 1147 Paulo
793 1115 881 1157 post
913 1108 1048 1157 (515),
1093 1108 1157 1144 ubi
1188 1108 1329 1144 editur:
1372 1107 1503 1144 XLV
1537 1106 1621 1142 mi-

207 1183 274 1218 lia
318 1183 354 1218 D
405 1182 620 1231 pedites,
672 1179 898 1217 MMDCC
937 1180 1149 1228 equites,
1200 1186 1244 1215 et
1287 1184 1427 1215 tanta
1472 1190 1622 1227 prope

209 1254 382 1290 civium
433 1253 774 1299 sociorumque
824 1264 959 1299 pars7
1007 1251 1113 1287 caesi
1152 1251 1400 1295 dicuntur7
1450 1255 1623 1297 apparet,

209 1325 369 1361 alterum
428 1338 448 1360 e
502 1324 651 1359 duobus
707 1323 857 1359 Livium
893 1322 1056 1365 dixisse,
1116 1328 1182 1358 aut
1225 1334 1356 1370 parem
1401 1332 1522 1369 prope
1574 1318 1625 1354 ci-

209 1396 313 1432 vium
359 1396 627 1443 sociorumque
671 1407 869 1430 numerum
912 1393 1112 1437 cecidisse‚
1152 1399 1217 1429 aut
1262 1399 1511 1439 utrorumque
1554 1403 1624 1439 pro

211 1468 388 1516 portione
421 1468 487 1514 (—
521 1479 644 1514 neque
682 1465 781 1501 enim
813 1477 921 1513 aeque
950 1464 1059 1500 multi
1089 1464 1124 1500 in
1172 1463 1338 1500 exercitu
1380 1467 1510 1506 erant,
1559 1460 1627 1497 sed

212 1539 305 1575 socii
344 1539 474 1587 plures
516 1538 608 1584 —-)‚
650 1543 825 1572 neutram
865 1542 991 1572 autem
1035 1535 1260 1572 sententiam
1304 1547 1323 1570 e
1356 1532 1483 1569 verbis
1528 1531 1628 1568 effici

214 1614 276 1657 (et
307 1616 446 1646 tanta
485 1639 492 1647 .
512 1638 520 1648 .
540 1638 550 1648 .
588 1608 739 1657 pars),
779 1607 816 1643 in
849 1607 986 1654 quibus
1019 1605 1179 1643 offendit
1209 1606 1323 1642 etiarn
1362 1609 1407 1639 et
1437 1604 1490 1640 sic
1522 1603 1629 1639 addi-

213 1688 306 1725 tum,
339 1686 525 1728 tanquam
557 1679 701 1727 aliquid
732 1678 822 1714 novi
854 1678 1101 1726 adiungatur3
1132 1678 1245 1725 longe
1276 1676 1373 1712 enim
1407 1674 1509 1711 aliud
1554 1681 1628 1710 est:

213 1758 351 1788 tanta
382 1751 559 1788 civium
591 1756 772 1799 quanta
806 1749 1067 1793 sociorum,
1111 1747 1233 1783 aliud:
1272 1753 1407 1782 tanta
1449 1745 1627 1782 civium

214 1823 568 1870 soffiorumque.
652 1823 789 1869 Itaque
829 1820 1051 1858 Gronovius
1094 1819 1261 1867 priorem
1302 1817 1528 1853 sententiam
1570 1828 1628 1851 se-

216 1900 324 1931 cutus
355 1894 556 1938 dubitavit,
588 1906 636 1929 an
663 1892 904 1929 scribendum
938 1898 1058 1927 esset:
1089 1897 1133 1926 et
1163 1902 1312 1937 aequag
1343 1888 1435 1924 mihi
1467 1887 1628 1923 alteram

216 1965 442 2001 sententiam
473 1964 646 2012 sequenti
685 1970 722 2000 et
766 1962 925 2011 propius
956 1961 1004 1998 ad
1036 1961 1208 1997 codicum
1254 1960 1417 2008 vestigia
1448 1958 1630 1995 accedere

216 2036 369 2073 conanti
400 2036 436 2072 in
468 2042 633 2071 mentem
665 2035 786 2071 venit:
824 2062 833 2070 .
855 2064 862 2070 .
882 2063 889 2069 .
911 2064 918 2070 ,
960 2032 1171 2080 equites5
1219 2029 1300 2081 [et]
1343 2034 1450 2071 rata
1479 2042 1631 2079 prope

219 2107 395 2144 civium
426 2106 775 2154 sociorumque
806 2116 931 2153 pars,
981 2103 1234 2152 Aptissimam
1274 2101 1373 2138 effici
1404 2101 1631 2143 orationem„

220 2184 395 2227 apparet.

331 2247 427 2297 Cap.
461 2251 523 2291 51q
558 2250 598 2283 5:
645 2248 853 2283 Postero
884 2246 977 2288 dieq
1017 2245 1096 2282 ubi
1128 2244 1327 2293 primum
1358 2242 1545 2286 illuxit,
1577 2241 1632 2277 ad

219 2319 382 2368 spolia
411 2318 616 2368 legenda
646 2317 938 2365 foedamque
969 2316 1116 2352 etiam
1148 2315 1370 2351 hostibus
1410 2319 1632 2361 spectan-

221 2390 324 2426 dam
356 2396 568 2438 stragem
600 2389 846 2425 insistunt.
922 2388 1011 2425 Non
1058 2398 1141 2422 esse
1180 2385 1358 2422 Latinum
1400 2383 1634 2420 insistere

222 2461 279 2497 ad
310 2460 497 2508 aliquid
531 2459 827 2499 faciendumq
859 2465 1036 2495 constare
1067 2457 1197 2500 debet;
1227 2456 1293 2492 sed
1323 2468 1373 2491 ne
1408 2459 1635 2503 spectare

247 2684 278 2727 ¹)
312 2687 366 2718 W.
394 2696 454 2717 suo
481 2686 614 2716 nomine
641 2686 725 2715 haec
752 2690 938 2725 agentes
963 2684 1085 2725 posuit.
