1811 2925
769 121 845 157 217
1264 120 1338 151 Lib.
1365 120 1460 151 XXI.

103 247 349 296 extemplo
513 245 569 280 ad
618 245 820 281 alteram
857 244 1008 293 ripam
1053 244 1283 289 trahitur,
1333 244 1396 281 alii
1433 245 1510 281 ubi

102 318 357 362 sustulerunt,
402 330 472 366 pro
509 323 557 353 ut
586 316 754 365 reposito
786 322 830 352 et
866 328 951 352 curn
982 315 1234 352 deterioribus
1265 315 1412 364 aliquot
1445 327 1510 352 co-

104 390 263 434 dicibus,
302 389 382 425 sino
413 387 490 424 ulla
518 386 789 435 probabilitate
821 389 959 435 (neque
977 386 1077 422 enim
1109 399 1245 434 quum
1271 417 1279 424 .
1299 418 1307 425 .
1326 417 1335 425 .
1360 392 1510 423 trans-

103 461 260 510 gressi
292 465 401 496 sunt
431 460 503 495 hoc
534 458 618 494 loco
640 457 729 494 ferri
747 464 873 506 potest
892 470 962 507 pro
994 458 1292 506 transgressi
1323 457 1511 505 essent),

107 533 171 569 alii
202 539 251 569 ut
280 544 397 575 cum;
428 530 520 566 mihi
551 536 621 565 est
653 536 699 565 ut
734 542 832 565 cum
864 536 988 565 ortum
1026 529 1176 565 videtur
1205 542 1254 565 cx
1292 530 1364 565 hac
1393 529 1511 578 scrip-

103 610 207 640 tura:
362 601 592 650 copulata
630 604 718 651 ὑεῖς
750 604 839 641 tum
871 600 1143 649 elephanti,
1295 601 1403 646 aeti,
1435 601 1511 637 ubi

235 672 533 721 transgressi
577 677 703 714 sunt,
754 672 995 720 extemplo
1027 679 1095 710 cet.

217 744 312 794 Cap.
347 745 409 780 32.
440 747 480 780 7:
523 755 803 792 quamquam
847 743 974 780 falna
1005 743 1162 793 prius„
1206 755 1296 790 qua
1326 742 1514 778 incerta

107 817 151 853 in
183 816 334 852 maius
366 828 479 851 vero
511 815 627 851 ferri
658 814 835 851 solent.
872 821 1117 863 praecepta
1150 827 1224 850 res
1256 820 1369 852 erat.
1434 813 1513 850 Ne-

106 899 180 935 que
225 886 269 922 in
313 886 464 922 maius
507 898 619 921 vero
659 885 796 921 usitate
834 885 971 921 dicitur
1012 885 1143 921 addito
1183 885 1351 921 ablativo
1391 897 1514 932 neque

107 958 225 994 ferri
255 958 299 994 in
330 958 497 995 maius.
563 957 758 994 Usitatum
796 963 833 992 et
875 962 1021 992 rectum
1063 956 1150 992 erit:
1198 968 1290 1003 qua
1326 955 1515 992 incerta

106 1030 152 1065 in
183 1028 333 1065 maius
363 1029 466 1068 fere
498 1027 680 1067 ecferri
711 1026 881 1063 solent.

219 1098 314 1148 Cap.
357 1100 419 1143 33,
462 1102 483 1135 4
530 1098 633 1147 quod
678 1097 715 1133 in
753 1097 948 1134 codicibus
979 1096 1174 1134 scribitur:
1208 1095 1374 1144 (Alpini)
1404 1108 1515 1143 per-

107 1171 264 1207 versis
294 1171 496 1220 rupibus
525 1170 662 1206 iuxta
700 1169 833 1205 invia
871 1181 923 1205 ac
954 1168 1094 1204 devia
1128 1167 1318 1204 adsueti
1347 1167 1515 1203 decur-

106 1249 236 1287 runt,
267 1243 518 1292 depravatum
552 1253 633 1277 esse
667 1240 911 1276 manifestum
943 1245 1020 1284 est;
1050 1252 1140 1275 nam
1172 1251 1296 1287 neque
1326 1250 1517 1287 perver-

106 1327 165 1350 sae
193 1326 334 1363 rupes
369 1326 452 1361 quae
496 1314 590 1357 sint,
627 1311 867 1360 intelligitur,
908 1323 1033 1359 neque
1079 1310 1340 1346 decurrere
1386 1308 1517 1344 invia

108 1398 160 1422 ac
192 1385 336 1421 devia
364 1385 401 1421 in
431 1397 548 1434 prosa
578 1384 751 1420 oratione
785 1383 934 1427 dicitur,
974 1382 1044 1418 etsi
1082 1388 1199 1430 poeta
1229 1380 1323 1417 dixit
1354 1381 1517 1416 decur-

106 1469 212 1492 rere
249 1456 375 1492 vada
420 1455 600 1501 (hinuber
639 1452 822 1504 gleiten)3
871 1466 960 1489 nam
1006 1452 1214 1501 spatium
1262 1452 1517 1488 decurrere

107 1527 196 1567 (hoc
218 1532 285 1569 est,
317 1528 520 1571 conficere)
552 1527 666 1575 longe
697 1525 807 1561 aliter
836 1524 984 1560 dicitur.
1044 1524 1208 1560 Videtur
1237 1523 1369 1559 Livius
1400 1522 1517 1571 scrip·

108 1598 222 1634 sisse:
253 1597 554 1633 transversis
584 1597 783 1646 rupibus
824 1609 908 1645 per
946 1596 1086 1632 iuxta
1118 1595 1252 1631 invia
1295 1606 1346 1630 ac
1376 1593 1517 1629 devia

110 1668 373 1704 decurrunt
409 1667 706 1716 praepositioque
750 1680 832 1716 per
872 1667 1000 1704 nescio
1045 1678 1120 1714 quo
1151 1678 1240 1702 casu
1271 1665 1430 1701 traiecta
1463 1665 1517 1701 al-

108 1739 179 1775 teri
211 1739 379 1785 (trans)
409 1739 593 1776 nocuisse.

221 1809 318 1858 Cap.
353 1810 416 1853 34,
448 1811 469 1845 4
503 1808 683 1856 quoniam
716 1816 751 1846 et
783 1809 897 1846 ceteri
930 1810 1087 1845 turbant
1116 1814 1153 1844 et.
1181 1806 1517 1843 Weissenbornius

110 1880 467 1917 Drakenborchium
499 1892 661 1928 sequens
692 1880 951 1916 incredibilem
985 1879 1093 1928 fingit
1128 1877 1372 1914 omissionem
1400 1877 1517 1926 part-i-

109 1951 203 1988 culae
232 1951 332 1996 sed,
363 1951 563 1987 dicendum
594 1958 662 1995 est„
689 1952 809 1987 verba
838 1951 892 1987 sie
923 1950 1099 1998 coniungi
1135 1950 1290 1985 debere:
1334 1948 1519 1996 agmine

110 2034 415 2070 nequaquam
458 2029 505 2058 ut
543 2023 669 2059 inter
711 2028 917 2070 pacatos
958 2020 1232 2069 composito
1274 2020 1356 2066 (sed
1388 2032 1518 2067 quem-

110 2093 316 2129 admodum
359 2094 601 2142 componitur
640 2093 737 2129 inter
777 2092 931 2129 hostilia
974 2098 1010 2127 et
1054 2090 1212 2135 infesta,
1252 2097 1362 2127 caute
1405 2096 1441 2126 et
1471 2089 1519 2126 ad

110 2163 230 2200 aciem
266 2163 437 2200 celeriter
466 2164 704 2201 efficiendam
737 2162 856 2212 apte).

223 2233 318 2284 Cap.
347 2236 410 2280 35,
440 2237 485 2272 12
517 2235 554 2272 in
586 2235 780 2272 codicibus
810 2234 864 2271 sic
894 2233 1089 2270 scribitur:
1120 2239 1170 2284 ut
1199 2245 1351 2280 neque
1381 2232 1519 2268 susti-

110 2318 223 2342 nere
261 2317 308 2342 se
347 2307 402 2342 ab
436 2306 578 2354 lapsu
620 2312 820 2354 possent
849 2318 952 2350 nec,
998 2304 1080 2353 qui
1119 2302 1369 2353 paululum
1411 2303 1520 2339 titu-

111 2377 328 2421 bassent,
358 2377 539 2413 haerere
573 2376 760 2414 afflicti
793 2376 1006 2424 vestigio
1037 2388 1134 2420 suo,
1168 2374 1349 2421 aliique
1380 2386 1522 2422 super

112 2447 236 2484 alios
281 2455 325 2484 et
375 2447 586 2484 iumenta
638 2447 682 2483 in
725 2446 946 2484 homines
993 2445 1288 2489 occiderent;
1343 2451 1520 2493 recteque

112 2518 446 2555 Weissenbornius
492 2517 537 2554 in
577 2519 794 2554 homines
831 2517 1007 2561 restituit,
1050 2529 1166 2565 quum
1202 2515 1318 2564 vulgo
1349 2516 1523 2552 ederetur

112 2594 161 2625 et
189 2588 403 2625 iumenta
440 2594 485 2624 et
513 2587 746 2634 homines;
794 2601 918 2637 neque
966 2588 1064 2625 enim
1110 2588 1203 2624 illud
1249 2587 1333 2623 alii
1379 2599 1523 2635 super

112 2659 236 2696 alios
273 2659 350 2696 ullo
392 2659 505 2696 modo
547 2659 758 2696 iumenta
800 2659 1124 2708 comprehendere
1157 2664 1303 2707 potest,
1349 2657 1415 2694 sed
1444 2656 1521 2705 pri-
