1811 2925
809 134 881 169 601
1348 130 1421 162 Lib.
1441 132 1554 164 XLV.

140 254 272 304 vulgi
315 253 601 292 adsentator
653 251 921 300 aliquando
963 252 1046 291 lib.
1088 252 1172 290 sal.
1215 253 1554 290 moderatione

139 325 301 360 datam
335 323 391 359 ad
421 322 672 359 licentiam
703 328 816 370 pest.
842 322 1075 359 traheret.
1135 320 1259 359 Cavet
1288 329 1457 371 senatus,
1489 323 1554 360 be-

138 393 274 430 nevole
294 393 438 429 scilicet
467 393 707 429 Macedoniae
736 391 904 428 libertati
934 392 1149 438 consulens,
1190 404 1248 437 ne,
1291 392 1323 428 si
1353 406 1554 430 commune

137 463 338 500 concilium
378 464 502 512 gentis
536 463 585 499 sit.
629 462 802 510 (comitia
843 461 1150 509 contionesque),
1192 461 1400 510 aliquando
1431 475 1555 512 popu-

137 534 228 570 laris
258 535 374 570 homo
406 535 539 570 turbas
570 533 746 570 concitet.

249 603 345 653 Cap.
385 605 445 649 19,
482 607 524 640 11
577 604 631 651 (in
674 604 849 640 oratione
880 602 1015 641 Stratii
1045 602 1182 638 medici
1216 604 1319 651 apud
1364 604 1552 649 Attalum,

136 675 321 711 Eumenis
350 672 548 723 fratrem):
592 673 817 711 Attalum
844 686 981 718 vero,
1020 674 1099 722 qui
1130 680 1273 710 aetate
1303 674 1553 722 proximus

136 745 219 787 sit‚
271 746 377 793 quis
421 743 514 780 nisi
558 757 644 792 pro
675 755 786 792 rege
828 743 1036 780 habeat?
1081 756 1236 792 neque
1280 756 1332 780 eo
1383 745 1553 791 solum,

137 816 254 864 quia
283 822 444 852 tantas
475 820 743 863 praesent-es
784 814 885 850 eius
927 826 1042 862 opes
1074 821 1266 859 cernat,
1309 815 1390 852 sed
1429 817 1553 864 quod

135 885 258 921 haud
289 885 587 933 ambiguum,
629 884 918 933 propediem
966 892 1285 933 regnaturum
1319 898 1442 931 eum,
1488 885 1553 922 in-

134 955 379 992 firmitate
427 961 675 1004 aetateque
721 953 950 991 Eumenis
994 961 1136 991 esset.
1196 956 1270 992 Hic
1301 956 1452 1004 quidem
1487 968 1551 992 ne-

134 1026 302 1062 cessario
324 1038 394 1073 pro
416 1025 781 1062 Eumenisesset
811 1023 1054 1060 scribendum
1079 1024 1393 1062 Eumenissit.
1441 1027 1477 1074 (§
1506 1028 1550 1063 15

135 1095 316 1133 Dukerus
338 1108 472 1131 verum
495 1096 629 1140 sensit3
664 1101 751 1143 post
782 1094 1083 1130 infirmitate
1115 1095 1274 1132 excidit:
1306 1108 1411 1133 esse
1444 1108 1552 1144 pas—

133 1180 292 1204 surum
323 1172 390 1202 aut
418 1166 541 1202 simile
571 1165 752 1214 aliquid.)

244 1237 340 1285 Cap.
374 1238 438 1280 21,
486 1239 528 1272 4:
571 1236 667 1273 Sed
710 1242 753 1272 et
798 1242 978 1284 praetor
1030 1247 1155 1271 novo
1202 1236 1427 1284 maloque
1472 1249 1552 1273 ex-

131 1307 289 1356 emplo
323 1319 423 1343 rem
453 1306 703 1355 ingressus
735 1314 857 1351 erat,
899 1306 1024 1354 quod
1055 1312 1169 1343 ante
1202 1319 1294 1343 non
1325 1307 1552 1344 consulto

132 1383 326 1422 senatu,
356 1389 447 1414 non
478 1377 763 1414 consulibus
792 1378 1096 1415 certioribus
1126 1376 1293 1422 factis,
1415 1389 1553 1426 roga-

134 1447 318 1483 tionem
349 1446 513 1484 ferret.
579 1446 733 1484 Livium
765 1448 983 1496 scripsisse:
1026 1449 1153 1497 quod
1184 1461 1275 1484 non
1310 1454 1418 1483 ante
1448 1459 1550 1483 con-

133 1517 262 1554 sulto
294 1524 484 1562 senatu,
524 1518 556 1554 si
597 1530 709 1565 quem
752 1519 941 1555 sententia
983 1532 1060 1555 non
1103 1520 1215 1556 docet
1253 1521 1311 1566 (—-
1352 1518 1465 1566 longe
1496 1524 1553 1554 est

134 1588 234 1623 enim
266 1587 369 1624 aliud
403 1594 514 1624 ant-e
544 1601 634 1624 non
666 1589 895 1625 consulto
926 1595 1101 1625 senatu
1132 1587 1283 1633 ferre,
1333 1589 1398 1625 ubi
1441 1595 1551 1625 ante

133 1658 351 1695 necessario
380 1659 429 1694 ad
459 1658 588 1694 ferre
627 1659 817 1707 pertinet,
855 1659 959 1695 aliud
1001 1659 1130 1696 ferre
1172 1672 1264 1695 non
1307 1666 1416 1696 ante
1446 1672 1550 1696 con-

134 1729 262 1765 sulto
294 1736 462 1765 senatu
494 1730 587 1776 m),
629 1729 763 1765 saltem
796 1730 998 1778 anaphora
1027 1729 1065 1765 in
1102 1743 1194 1766 non
1226 1731 1336 1777 (non
1368 1737 1477 1766 ante
1518 1743 1549 1767 c.

134 1811 177 1843 s„
209 1811 299 1835 non
330 1811 456 1838 cons,
489 1811 520 1836 c.
553 1798 598 1847 fi)
628 1799 836 1836 admonere
866 1800 991 1837 debet.
1068 1800 1256 1837 Proximo
1287 1814 1400 1838 versu
1434 1801 1550 1838 libra-

132 1870 211 1906 rius
254 1881 326 1918 pro
367 1868 519 1905 ferret
558 1869 744 1906 vellent
782 1871 934 1919 scripsit
975 1871 1161 1908 uellent
1193 1871 1398 1920 ferrent3
1439 1872 1552 1920 plura

133 1940 282 1988 collegi,
313 1939 373 1976 his
407 1940 607 1986 adiunctis,
639 1941 687 1976 ad
719 1954 751 1979 e.
785 1943 820 1985 3,
854 1944 890 1979 6.

246 2010 341 2059 Cap.
376 2012 446 2046 22.
487 2013 506 2047 4
554 2011 609 2058 (in
641 2011 880 2048 Rhodiorum
922 2023 1005 2047 sese
1048 2012 1295 2060 purgantium
1337 2012 1375 2048 in
1415 2019 1551 2049 senatu

132 2082 310 2118 Romano
355 2081 562 2125 oratione):
608 2080 750 2118 Certe
796 2082 986 2129 quidem
1035 2094 1121 2118 vos
1161 2082 1280 2118 estis
1325 2082 1549 2125 Romani,

134 2151 212 2198 qui
242 2152 354 2188 ideo
387 2150 561 2188 felicia
595 2152 727 2188 bella
756 2158 922 2189 vestra
953 2164 1080 2197 esse,
1121 2152 1234 2201 quia
1272 2152 1401 2189 iusta
1434 2153 1550 2197 sint,

132 2234 225 2270 prae
254 2222 395 2258 vobis
426 2222 580 2258 fertis.
641 2221 839 2259 Sententia
859 2222 1056 2271 postulare
1076 2222 1239 2267 videtur,
1270 2229 1311 2259 ut
1341 2214 1550 2259 scribaffir:

133 2291 275 2329 Certe
305 2292 447 2328 iidem
489 2304 573 2328 vos
615 2292 734 2329 estis
766 2293 994 2337 Romani,
1037 2293 1120 2340 qui
1163 2299 1234 2329 cet.
1302 2293 1386 2330 Nec
1415 2299 1547 2330 certe

132 2362 324 2410 quidem
359 2363 395 2398 h.
425 2360 449 2396 l.
480 2367 623 2409 aptum.

244 2431 340 2480 Cap.
374 2433 437 2476 23,
470 2434 492 2467 6
524 2431 579 2478 (in
611 2432 745 2468 eadem
777 2432 989 2481 oratione):
1035 2434 1204 2482 Neque
1234 2434 1435 2471 fecimus
1465 2433 1549 2482 igi-

132 2510 208 2539 tur
239 2503 498 2551 quicquam
531 2509 758 2550 tanquam
789 2503 960 2539 hostes
990 2516 1144 2551 neque
1164 2504 1400 2540 bonorum
1431 2503 1549 2540 soci-

132 2585 265 2609 orum
297 2572 542 2609 defuimus
582 2571 777 2617 officio,
821 2573 901 2609 sed
947 2586 970 2609 a
1007 2573 1146 2610 vobis
1176 2574 1418 2623 prohibiti
1448 2575 1548 2621 (cod.

131 2640 433 2690 prohibitio)
481 2648 717 2691 praestare
763 2642 960 2682 fuimus.
1042 2644 1262 2681 Barbarum
1308 2644 1550 2693 prohibiti
