1811 2925
256 157 330 189 Lib.
354 157 504 190 XXXV.
927 160 947 194 -l
961 159 1004 194 10

259 280 389 329 esse),
415 293 464 317 cu
476 293 494 316 1·
516 278 701 326 aliquid
723 278 894 323 facias3
916 279 1055 315 usitate
1076 285 1112 315 et
1135 284 1236 315 recte
1257 279 1443 327 aliquid
1466 282 1667 330 (aliquem)

259 352 447 400 dignam
479 361 671 387 causam
704 349 950 395 existimo,
994 362 1075 386 cur
1104 349 1299 394 faciam3
1343 356 1458 401 atque
1489 354 1537 389 ad
1567 354 1667 390 hanc

258 422 420 459 formam
453 421 585 457 Livius
615 420 840 469 scripserat:
883 433 966 456 nec
1008 420 1238 469 Gythium
1280 426 1361 456 aut
1398 422 1667 458 maritimos

259 493 382 529 alios
428 493 650 528 Laconas
700 491 889 538 dignam
946 504 1135 528 eausam
1179 490 1550 528 existimaturos
1595 498 1665 529 etc.

259 563 420 600 Addidit
463 567 663 611 propter
706 561 839 597 eadem
885 562 1092 606 sedulitas,
1148 573 1230 608 quae
1278 574 1353 597 non
1397 575 1521 610 pauca
1564 563 1667 607 alibi,

259 647 421 683 quorum
454 646 501 669 ex
532 633 604 668 hac
634 633 776 669 decade
807 633 984 682 exempla
1014 631 1151 679 collegi
1180 631 1230 667 ad
1262 632 1471 677 XXXIV,
1514 634 1584 678 23,
1628 635 1666 670 2.

259 705 382 743 Paulo
437 710 526 753 post
571 704 604 750 (ξ
651 702 715 751 13)
760 703 900 739 nollem
946 716 969 738 a
1007 702 1321 739 Weissenbornio
1360 709 1581 739 revocatum
1629 704 1667 739 in

259 776 431 813 oratione
463 774 619 822 obliqua
651 773 848 810 fuerunt
876 787 946 822 pro
978 773 1185 814 fuerint,
1230 785 1345 821 quum
1397 772 1478 820 ipse
1523 774 1565 809 M
1614 775 1667 822 (in

260 859 334 895 quo
382 853 437 882 est
480 845 650 881 fuci-an
662 843 705 891 t),
756 857 871 892 quam
918 844 1030 880 facile
1070 843 1108 879 in
1158 844 1230 880 hac
1274 856 1314 879 re
1357 843 1575 879 aberratum
1609 844 1669 889 sit,

260 918 447 955 ostendat.
508 916 603 952 Dixi
631 916 709 951 iam
742 921 829 951 ante
865 915 921 964 (p.
952 916 1021 951 181
1057 920 1149 956 not.,
1182 914 1231 949 ad
1263 914 1340 959 IX,
1364 915 1427 959 25,
1460 916 1519 960 5),
1553 914 1669 950 aliam

259 989 296 1025 in
326 989 398 1024 hac
430 999 471 1023 re
502 985 714 1034 imperfecti
754 992 790 1022 et
829 984 1217 1035 plusquamperfecti,
1265 984 1379 1020 aliam
1417 984 1576 1033 perfecti
1622 999 1669 1022 ex

260 1060 432 1095 oratione
461 1063 566 1094 recta
595 1057 731 1093 retenti
762 1057 884 1105 legem
923 1068 1017 1092 esse.
1088 1055 1196 1091 Idem
1237 1055 1414 1091 mendum
1451 1055 1591 1092 residet
1631 1056 1669 1092 in

260 1143 289 1166 c.
327 1132 385 1174 16,
422 1131 466 1165 10
505 1132 780 1172 (venerunt3
813 1133 890 1162 tres
933 1125 1243 1162 Drakenborchii
1286 1126 1396 1164 codd.
1431 1128 1670 1170 veuerint;

260 1208 393 1237 cont-ra
426 1199 541 1248 paulo
574 1204 661 1234 ante
691 1197 906 1234 necessario
945 1209 1030 1233 cum
1062 1195 1221 1232 Dukero
1251 1196 1491 1234 scribendum
1523 1204 1669 1234 muta-

260 1278 431 1307 verunt
459 1270 497 1305 in
525 1282 582 1311 eo,
614 1269 717 1316 quod
748 1267 939 1316 Sulpicius
977 1266 1058 1315 ipse
1089 1266 1274 1313 affirmat)
1312 1273 1348 1303 et
1386 1269 1446 1311 17,
1480 1271 1498 1303 7
1533 1269 1668 1316 (peti-

262 1347 398 1378 erunt
426 1347 558 1377 contra
589 1339 680 1375 ΜΒ
712 1346 748 1374 et
780 1342 801 1375 4
822 1338 1019 1374 Drakenb.
1044 1336 1186 1385 codd.).
1234 1338 1315 1374 Lib.
1348 1338 1570 1383 XXXVII,
1605 1341 1669 1375 60.

263 1415 284 1449 6
318 1412 513 1448 Bekkerus
543 1423 613 1458 pro
644 1410 908 1445 timuerunt
932 1408 1062 1456 posuit
1091 1407 1355 1444 timuerint.
1418 1410 1490 1456 (X,
1522 1411 1584 1454 26,
1621 1413 1663 1446 11

260 1481 426 1518 valuisse
448 1481 598 1517 videtur
619 1480 855 1516 consuetudo
888 1479 926 1514 in
948 1478 1145 1527 particulis
1176 1491 1266 1514 non
1296 1486 1406 1516 ante
1436 1509 1444 1518 .
1464 1509 1472 1517 .
1490 1508 1499 1518 .
1531 1493 1669 1528 quam

259 1554 447 1601 recepta.)

371 1622 465 1671 Cap.
499 1624 562 1667 25,
595 1624 634 1658 7:
679 1621 725 1657 Is
762 1619 1077 1668 (Philopoemen,
1108 1625 1249 1667 praetor
1278 1621 1524 1666 Achaeorum,
1566 1622 1672 1658 cuius

261 1694 485 1730 sententiam
528 1693 564 1729 in
612 1691 770 1729 consilio
802 1703 825 1726 a
856 1690 1095 1726 multitudine
1137 1697 1397 1739 exspectatam
1429 1703 1511 1728 esse
1539 1692 1672 1728 Livius

261 1764 641 1814 dixit)praefatus‚
676 1764 795 1799 bene
827 1766 1157 1809 comparatum
1190 1762 1523 1810 apudAEtolos
1555 1775 1672 1807 esse,

261 1849 313 1871 ne
352 1842 548 1884 praetor,
594 1847 730 1882 quum
778 1833 832 1868 dc
877 1831 1004 1867 bello
1051 1833 1402 1876 consuluisset,
1444 1832 1546 1880 ipse
1572 1845 1671 1869 sen-

261 1906 459 1941 tentiam
493 1905 707 1949 diceret,
738 1909 954 1939 statuere
976 1903 1344 1951 quamprimum
1375 1902 1526 1951 ipsos,
1558 1903 1671 1951 quid

261 1976 466 2020 vellent,
495 1975 651 2011 iussit.
720 1974 821 2010 Miro
866 1985 994 2009 errore
1041 1972 1264 2009 Gronovius
1308 1973 1429 2021 apud
1468 1974 1670 2009 Achaeos

260 2047 373 2084 scribi
402 2047 511 2083 iussit
543 2058 704 2094 eamque
734 2044 991 2082 coniecturam
1015 2043 1262 2091 Kreyssigius
1285 2049 1322 2079 et
1336 2043 1673 2080 lVeisseubornius

261 2118 379 2154 secuti
410 2123 510 2156 sunt.
572 2117 612 2154 Si
646 2116 743 2152 enim
777 2116 946 2164 ipsorum
970 2115 1202 2150 Achaeorum
1238 2114 1449 2150 institutum
1479 2114 1671 2162 significa-

260 2195 375 2232 retur,
408 2189 698 2236 Philopoemen,
729 2186 827 2222 inter
858 2187 1024 2222 Achaeos
1055 2185 1195 2229 dicens,
1235 2197 1310 2220 non
1336 2183 1518 2233 populum
1549 2183 1671 2219 nomi-

261 2265 380 2304 naret,
406 2260 472 2295 sed
500 2265 566 2294 aut
595 2257 818 2306 simpliciter
863 2257 979 2292 bene
1011 2262 1337 2303 comparatum
1389 2261 1455 2291 aut
1501 2255 1616 2290 bene
1648 2267 1671 2290 a

261 2330 531 2366 maioribus
562 2333 891 2376 comparatum
924 2327 1083 2369 diceret,
1122 2326 1270 2371 deinde,
1301 2326 1332 2361 si
1363 2338 1408 2361 ea
1439 2325 1670 2361 Achaeorum

258 2399 320 2435 lex
352 2405 444 2443 erat,
476 2399 539 2446 qui
582 2405 735 2447 poterat
764 2398 966 2434 multitudo
1004 2396 1316 2444 Philopoemenis
1347 2395 1571 2431 sententiam
1604 2407 1669 2430 ex-

261 2474 449 2517 spectare,
498 2469 557 2504 cui
588 2469 712 2505 dicere
744 2468 967 2505 sententiam
1000 2480 1075 2502 non
1106 2466 1260 2503 liceret?
1320 2468 1508 2515 Apparet,
1539 2465 1671 2501 Philo-

261 2552 495 2588 poemenem,
526 2551 640 2586 quum
673 2540 905 2575 Achaeorum
937 2538 1084 2586 legibus
1114 2544 1245 2586 posset
1274 2537 1498 2573 sententiam
1533 2536 1670 2580 dicere,

260 2610 383 2659 ipsum
410 2615 519 2646 caute
554 2609 804 2654 abstinuisse,
834 2609 927 2645 illud
960 2621 1000 2644 se
1031 2608 1138 2656 sequi
1169 2614 1401 2652 causantem,
1433 2607 1534 2655 quod
1568 2607 1670 2655 apud
