1811 2925
825 117 867 150 11

137 236 503 289 (insecutique),
551 239 622 282 56,
657 237 704 273 12
743 236 1098 285 appellationis
1130 249 1294 282 causa,
1335 238 1382 273 in
1422 249 1559 285 quam

141 313 202 361 (in
234 310 379 360 quod,
410 310 456 346 de
491 321 567 357 quo
599 308 685 344 loco
716 307 843 344 dicam
870 305 1110 356 separatim),
1140 307 1213 353 IV,
1239 309 1275 353 8,
1308 310 1329 344 6
1361 308 1407 344 id
1435 307 1561 356 quod

138 392 253 422 tune
290 389 393 418 erat
432 380 587 428 magis
627 378 956 416 necessarium
1005 378 1069 425 (id
1116 379 1243 427 quod
1286 386 1398 416 tune
1445 386 1561 425 erat,

139 455 295 504 magis
333 453 628 497 necessarii,
672 451 719 488 de
756 463 832 498 quo
861 450 948 486 loco
981 449 1128 486 dicetur
1158 451 1392 499 separatim,
1437 449 1562 498 magis

140 527 257 563 etiam
287 525 333 562 de
364 537 394 562 c.
429 527 463 569 7,
501 524 587 571 ll),
623 524 690 567 13,
729 524 751 558 4
792 527 927 557 tanto
964 529 1210 569 apparatu
1241 521 1561 558 consiliorum

141 606 184 635 et
215 596 527 634 certaminum
560 596 622 642 (et
652 590 956 642 certamine),
990 594 1053 637 35,
1088 595 1109 630 6
1144 593 1202 629 ad
1232 605 1361 642 spem
1395 604 1562 628 consu-

140 669 272 705 latus
311 668 357 704 in
394 673 576 716 partem
606 665 932 701 revocandam
978 664 1283 711 (revocandi,
1320 670 1363 700 ut
1393 663 1562 699 seriben—

141 740 231 776 dum
263 752 346 776 esse
377 735 689 785 demonstrabo),
725 737 795 781 37,
829 736 850 771 2
886 734 1119 783 fatigatis
1149 734 1377 772 Etruscis
1413 735 1462 770 in
1492 746 1562 770 so-

141 812 373 848 cietatem
414 809 546 846 urbis
581 819 904 856 agrorumque
947 807 1164 855 acceptis
1210 807 1453 855 (accepti),
1498 807 1562 851 49,

146 886 188 919 11
225 882 396 930 dignos
442 879 558 916 enim
607 891 712 915 esse
754 879 833 926 qui
874 875 1160 926 (dignumst).
1254 878 1406 915 Eodem
1445 878 1562 914 modo

141 967 242 1002 saepe
296 954 501 989 verborum
559 951 660 999 (quae
705 949 958 1000 grammatice
1010 949 1205 998 dicuntur)
1263 962 1444 986 numerus
1495 950 1562 986 ad-

142 1025 220 1062 dita
259 1025 479 1061 detractave
516 1023 643 1059 littera
678 1037 703 1063 n
743 1022 1059 1058 accommodatur
1098 1020 1148 1056 ad
1184 1022 1345 1058 verbum
1376 1022 1563 1066 vieinum;

140 1097 245 1133 velut-
302 1097 375 1132 hoe
429 1107 556 1131 errore
609 1094 692 1139 III,
752 1095 823 1139 40,
889 1095 908 1129 7
970 1092 1155 1141 scriptum
1209 1099 1266 1129 est
1317 1093 1563 1138 haberent,

140 1168 427 1204 iudicabant
484 1179 554 1215 pro
611 1165 885 1209 iudicabat,
946 1177 1023 1201 non
1095 1170 1198 1201 recte
1264 1164 1563 1213 obsequentibus

140 1238 411 1275 recentissimis
454 1237 682 1281 editoribus,
728 1243 763 1272 et
803 1236 935 1272 eodem
969 1237 1095 1286 capite
1139 1240 1156 1281 ξ
1194 1239 1240 1273 10
1282 1241 1563 1284 praeessent,

142 1310 529 1348 controversiam
565 1307 780 1344 fecerint
821 1308 965 1352 (Med..
996 1309 1110 1355 Par.,
1141 1307 1301 1355 Klock.)
1340 1319 1410 1355 pro
1442 1306 1564 1343 fece-

142 1383 222 1427 rit,
253 1395 330 1419 uno
349 1388 530 1430 sequente
552 1378 808 1427 Alschefskio,
843 1386 878 1416 et
905 1382 968 1423 42,
1005 1382 1025 1415 5
1057 1377 1367 1422 fefellerunt,
1398 1384 1564 1413 contu-

140 1454 304 1490 lerant
334 1466 404 1501 pro
435 1451 733 1494 contulerat,
765 1451 887 1487 eidem
918 1453 1138 1500 probatum,
1171 1457 1207 1486 et
1240 1451 1303 1494 49,
1338 1450 1358 1485 3
1391 1449 1430 1485 si
1459 1449 1563 1484 iure

141 1531 327 1573 ageret,
365 1545 410 1549 -
449 1523 665 1567 aiebant,
704 1521 742 1558 si
773 1522 873 1558 vim
905 1522 1093 1559 afferre
1124 1527 1450 1565 conarentur,
1490 1532 1562 1569 pro

142 1602 424 1638 conaretur,
461 1600 666 1638 retentum,
713 1593 817 1641 quod
854 1594 921 1630 vix
962 1595 1117 1638 credas,
1166 1593 1280 1629 etiam
1313 1605 1336 1627 a
1365 1591 1563 1627 Weissen-

142 1667 280 1704 bornio
312 1673 349 1703 et
377 1661 591 1714 He1·tzio‘·').
682 1665 966 1710 Personarum,
998 1672 1215 1714 temporum
1234 1692 1242 1708 ,
1282 1663 1564 1709 modorumque

142 1738 432 1775 terminationes
471 1737 591 1785 magis
629 1748 725 1772 sono
756 1735 970 1785 litterisque
1002 1737 1190 1773 distinctae
1224 1749 1301 1772 non
1332 1742 1411 1771 tam
1443 1732 1564 1770 errori

143 1811 321 1847 obnoxiae
352 1815 484 1851 erant3
531 1807 711 1856 scriptum
754 1814 883 1844 tamen
926 1809 1008 1845 IV.
1046 1811 1088 1853 4,
1129 1810 1150 1844 6
1190 1820 1246 1843 ne
1276 1804 1564 1856 propinqui-

143 1881 333 1918 tatibus
363 1880 741 1925 immisceamur,
784 1886 989 1916 caveant
1014 1893 1086 1929 pro
1118 1885 1293 1915 cavent
1323 1878 1410 1925 (nee
1440 1876 1564 1913 refor-

142 1953 304 1989 midavit
334 1951 599 1988 Alschefskius
632 1951 779 1999 sequi),
814 1951 879 1988 III
910 1957 1038 1988 autem
1071 1952 1142 1995 21,
1176 1952 1197 1987 6
1237 1949 1463 1999 peccatis
1492 1961 1564 1996 pro

142 2030 346 2073 peccate
389 2030 548 2071 propter
587 2022 850 2059 imitamini
898 2023 998 2059 male
1043 2022 1290 2058 intellectum.
1388 2019 1564 2056 Tertium

144 2096 339 2144 quoddam
370 2094 595 2131 mendorum
621 2106 742 2142 genus
772 2106 792 2129 e
823 2093 955 2130 codiee
985 2095 1196 2143 archetypo
1229 2092 1278 2128 ad
1309 2103 1441 2128 omnes
1471 2103 1565 2139 pro-

169 2223 202 2266 ¹)
239 2225 280 2256 In
306 2226 425 2256 eodem
451 2235 573 2266 genere
599 2235 665 2256 ton
689 2226 808 2257 dubito
825 2235 950 2266 ponere
970 2225 1032 2262 III,
1061 2229 1116 2262 48,
1148 2228 1181 2255 1:
1209 2223 1435 2254 decemvir
1461 2222 1565 2253 alie-

239 2294 366 2318 natus
401 2288 452 2318 ad
488 2288 720 2319 libidinem
754 2289 917 2326 animo,
944 2289 1018 2330 ipso
1043 2288 1224 2319 verborum
1251 2287 1369 2317 ordine
1396 2292 1428 2316 et
1453 2285 1564 2316 verbis

240 2351 287 2380 ad
314 2350 550 2381 libidinem
580 2351 731 2382 mendum
759 2351 998 2390 arguentibus,
1030 2352 1120 2391 quod
1150 2349 1343 2381 Gronovius
1369 2348 1464 2379 vidit.

192 2427 203 2459 )
241 2420 340 2451 Prius
365 2420 504 2451 verbum
539 2422 831 2452 accommodatum
868 2427 920 2452 est
954 2422 998 2452 ad
1031 2421 1200 2462 posterius
1231 2419 1322 2457 VII,
1350 2422 1412 2457 28,
1440 2422 1458 2449 9
1486 2418 1565 2458 (es-

241 2489 355 2520 sent,
383 2483 624 2513 traduntur
642 2493 704 2524 pro
731 2483 877 2524 esset).
928 2483 985 2514 Ex
1011 2483 1131 2514 eodem
1159 2492 1283 2523 genere
1309 2487 1375 2512 est.
1403 2481 1565 2512 adiuncto

241 2546 307 2576 alio
336 2555 469 2582 errore,
497 2545 587 2585 quod
613 2544 645 2577 Ι.
674 2548 725 2575 14.
752 2549 772 2575 4
798 2546 832 2575 in
858 2546 962 2583 Med„
990 2546 1081 2582 Pan,
1108 2545 1205 2577 Leid.
1234 2550 1378 2584 utroque
1407 2543 1567 2574 scribitur

239 2613 475 2639 vastantur
500 2606 592 2646 agri
622 2608 729 2646 quod
755 2614 816 2640 cet.
867 2607 954 2638 Nam
981 2608 1076 2648 agri
1102 2608 1315 2638 nominativo
1341 2616 1423 2637 casu
1446 2615 1567 2646 aecep-

240 2678 309 2702 tum
338 2676 399 2702 est.
