1811 2925
234 135 306 165 Lib.
327 134 452 165 XLIV.
904 136 926 169 5
933 135 953 170 6
960 136 981 168 0

235 258 352 294 tatis
394 257 437 293 in
476 262 725 305 posterum
771 255 893 292 diem
936 255 1128 295 animisq
1184 255 1453 291 maioribus
1494 254 1647 304 copiis

235 335 381 376 atquc
409 327 639 363 infestius
671 338 959 362 concursum
992 327 1047 362 ab
1078 325 1203 369 illis,
1247 326 1284 361 si
1314 325 1408 362 loci
1440 325 1559 361 satis
1591 325 1648 361 ad

235 398 579 448 explicandam
611 397 759 434 aciem
791 396 981 435 fuisset.
1047 396 1240 432 Vitiosum
1263 407 1647 432 esseconeursum

234 484 304 520 pro
336 481 620 505 concursum
655 474 803 513 esset,
835 467 900 503 alii
930 467 1217 511 intellexerunt3
1247 466 1360 514 plane
1390 467 1561 503 abundat
1591 467 1648 502 ab

236 541 339 577 illis
369 552 608 588 pravumque
639 551 851 587 pronomen
883 546 958 581 θεῖς
1003 538 1068 574 sed
1108 544 1294 586 praeterea
1336 550 1515 585 perverse
1556 550 1647 574 con-

235 612 442 659 iunguntur
487 611 532 649 in
579 615 826 658 posterum
876 608 999 643 diem
1044 609 1165 655 (quod
1197 621 1311 656 quum
1345 608 1493 651 dicitur„
1525 608 1651 656 agitur

236 683 283 718 de
309 681 439 730 priore
470 680 541 723 die,
569 679 675 716 cuius
705 691 837 728 pugna
855 685 1013 714 narrata
1039 678 1114 727 est)
1146 687 1182 716 et
1212 691 1449 716 concursu
1461 691 1497 714 m
1526 685 1651 714 esset

237 754 336 803 (ipso
368 758 524 801 postero
556 750 651 799 die);
682 757 785 786 recte
817 749 890 785 dici
921 748 1059 797 possit:
1102 748 1321 784 irritatis
1353 749 1545 792 animis,
1586 748 1649 784 in-

236 824 414 861 festius
455 827 652 871 postero
698 821 774 857 die
821 831 1103 856 concursum
1150 826 1294 863 esset3
1350 832 1448 855 nunc
1493 820 1565 854 hoc
1604 819 1650 854 in

237 901 480 944 posterum
513 893 633 928 diem
656 893 814 928 verbum
840 890 1024 940 postulat
1056 891 1158 937 quod
1188 890 1326 938 prioris
1356 890 1430 926 diei
1461 890 1650 926 actionem

238 966 434 1014 significet.
501 963 635 1000 Codex
674 963 756 1012 ipse
786 962 880 999 satis
911 961 1077 998 ostendit
1107 960 1210 996 aliud
1242 961 1423 1009 scriptum
1454 959 1582 1003 tuisse,
1612 960 1651 995 in

240 1050 314 1085 quo
348 1036 400 1072 sic
429 1035 625 1071 sclibitur:
659 1033 930 1070 maioxibus
974 1032 1130 1081 copiis
1162 1032 1320 1079 idque
1363 1018 1651 1067 infesiu'tius

239 1118 522 1143 concursum
553 1105 791 1141 abellisin
833 1105 928 1141 loci
959 1103 1082 1139 satis
1114 1103 1169 1138 ad
1202 1102 1323 1150 expl.
1367 1114 1430 1139 ac
1463 1102 1490 1140 f.
1550 1102 1652 1137 Hinc

240 1177 418 1215 efficitur:
441 1176 665 1213 Irritatis
687 1176 731 1212 in
752 1159 1150 1224 posterum'diem
1174 1173 1362 1217 animis,
1384 1172 1652 1208 maioribus

240 1249 395 1297 copiis
442 1254 588 1295 atque
634 1246 868 1282 infestius
915 1245 1205 1285 concursuri
1247 1244 1444 1287 abeunt,
1489 1242 1527 1277 si
1558 1242 1653 1278 loci

240 1320 358 1356 satis
381 1320 437 1356 ad
468 1317 804 1366 explicandam
851 1316 1003 1352 aciem
1034 1315 1223 1351 fuisset„
1294 1313 1474 1360 Sequitur
1504 1312 1551 1347 de
1581 1313 1653 1348 hac

239 1390 323 1438 ipsa
355 1389 509 1425 alterius
541 1388 615 1424 diei
644 1400 777 1436 pugna
806 1387 912 1423 locus
944 1388 980 1433 (ξ
1014 1388 1054 1422 6.
1097 1392 1304 1434 postquam
1336 1383 1553 1432 expositum
1584 1389 1653 1427 est,

239 1462 423 1497 maiorem
460 1465 609 1508 partem
655 1457 853 1506 copiarum
898 1458 1071 1493 locorum
1109 1463 1248 1492 natura
1277 1467 1449 1504 pugnare
1483 1453 1653 1502 prohibi-

239 1539 317 1567 tam
349 1533 465 1577 esse):
510 1530 653 1565 Levis
685 1538 936 1565 armatura
966 1523 1113 1564 etiam
1149 1540 1233 1575 per
1265 1526 1524 1562 anfractus
1554 1524 1654 1572 iugi

239 1613 559 1650 procuri-rere
591 1606 634 1635 et,
664 1600 719 1636 ab
750 1598 991 1635 lateribus
1022 1611 1120 1635 cum
1143 1598 1238 1634 levi
1268 1602 1519 1633 armatura
1550 1608 1653 1632 con·

241 1684 424 1718 serere,
454 1684 539 1719 per
569 1671 745 1718 iniqua
776 1677 921 1717 atque
950 1682 1082 1716 aequa
1112 1669 1219 1705 loca
1244 1680 1447 1716 pugnam
1469 1673 1653 1715 petere;

240 1755 292 1779 ac
323 1742 424 1789 (cod.
454 1748 622 1789 patere
655 1741 728 1783 ad)
768 1740 997 1788 pluribus
1029 1752 1080 1775 eo
1112 1740 1186 1776 die
1217 1737 1487 1775 vulneratis
1519 1749 1654 1784 quam

242 1812 539 1856 interfectis,
569 1802 814 1860 proelium
855 1817 996 1846 nocte
1027 1810 1316 1858 diremptum
1360 1816 1442 1846 est.
1517 1808 1656 1854 Neque

243 1896 504 1921 conserere
536 1882 711 1919 absolute
743 1882 817 1918 dici
851 1887 980 1930 potest
1009 1887 1077 1925 (-—
1111 1881 1241 1928 itaque
1272 1886 1338 1915 aut
1376 1891 1559 1914 manum
1590 1884 1657 1913 aut

242 1967 447 2004 pugnam
495 1953 711 1990 addendum
746 1959 812 1988 aut
852 1963 1146 1987 concurrere
1176 1949 1418 1986 scribendum
1448 1960 1531 1984 esse
1564 1959 1654 1982 con-

243 2026 366 2062 iicitur
399 2026 492 2072 -—-')‚
538 2037 662 2072 neque
702 2034 907 2072 pugnam
935 2028 1099 2069 petere
1126 2022 1172 2057 de
1203 2019 1514 2057 concurrentibus
1546 2017 1655 2053 Lati-

243 2110 331 2132 num
368 2102 436 2140 est,
469 2108 594 2143 neque
624 2093 832 2130 infinitivus
876 2092 1079 2128 historicus
1120 2093 1180 2128 hio
1222 2091 1349 2128 locum
1389 2089 1517 2132 habet,
1559 2099 1654 2135 prae-

244 2167 401 2203 cedente
430 2166 468 2201 in
499 2179 545 2201 ea
577 2164 783 2206 sententia,
826 2161 886 2197 cui
923 2162 1003 2196 haec
1033 2162 1250 2211 responden
1293 2159 1515 2209 imperfecto
1548 2159 1656 2206 (sta-

244 2237 388 2282 bant)7
433 2248 557 2283 neque
601 2248 671 2283 per
702 2246 753 2270 ac
798 2234 878 2268 haec
908 2239 1010 2268 recte
1041 2245 1126 2269 cum
1144 2232 1330 2281 proximis
1363 2230 1656 2277 coniunguntur,

246 2307 382 2356 quibus
413 2306 548 2355 proelii
579 2306 691 2341 huius
723 2303 797 2340 diei
829 2316 980 2338 summa
1007 2310 1044 2339 et*
1081 2310 1237 2339 eventus
1268 2302 1516 2350 significatur.
1575 2300 1657 2334 Ac-

246 2378 345 2415 cedit
372 2376 512 2414 codicis
533 2377 723 2425 scriptura
744 2374 819 2410 alio
841 2373 994 2409 ducens,
1045 2374 1108 2411 Sic
1139 2374 1238 2409 enim
1266 2373 1372 2408 locus
1402 2369 1657 2406 restituendus

247 2456 319 2485 est:
351 2447 495 2484 Levis
528 2452 776 2482 armatura
905 2456 1165 2480 conserere
1194 2457 1280 2492 per
1311 2442 1484 2488 iniqua
1514 2446 1658 2486 atque

247 2532 382 2568 aequa
412 2519 518 2554 loca
550 2528 753 2564 pugnam
785 2518 981 2567 poterat
1013 2512 1272 2563 (paterad).
1333 2511 1568 2548 Pluribus
1586 2515 1656 2544 etc.

359 2588 455 2636 Cap.
491 2590 525 2633 5,
558 2589 579 2623 9
616 2594 652 2622 et
689 2591 752 2622 10:
793 2586 858 2627 (de
895 2585 1081 2622 Romanis
1121 2587 1167 2631 Q.
1200 2584 1348 2620 Marcio
1379 2580 1533 2618 consule
1564 2580 1659 2614 duce

247 2674 314 2709 per
345 2666 492 2696 montes
523 2657 561 2693 in
581 2656 850 2693 Macedoniam
883 2655 1206 2704 penetrantibus):
1238 2655 1394 2691 Nocte
1429 2651 1486 2687 ad
1516 2648 1659 2686 modi-
