1811 2925
206 129 282 160 Lib.
305 127 418 160 XLII.
882 127 958 162 542

206 251 391 288 bendum:
423 248 586 298 Regiis
618 252 880 288 creverant
911 248 1060 284 animi
1091 246 1375 283 vastatione
1406 258 1487 284 c.s.
1521 259 1556 282 a.
1591 247 1628 284 h.

209 324 253 360 P.
278 303 325 359 ⁰3.
370 321 545 366 Itaque
589 347 625 355 ..
665 318 946 354 censebant.
1023 317 1125 363 Quid
1165 316 1247 363 regi
1285 317 1343 352 sui
1386 317 1424 352 in
1469 316 1630 353 consilio

207 391 407 433 suaserint,
453 393 652 433 narratum
706 388 833 435 regi,
878 388 1011 436 regis
1053 399 1123 435 pro
1170 386 1318 434 regii,
1356 386 1512 435 regiis
1561 398 1630 422 sae-

209 462 364 511 pissime
395 461 431 496 in
463 459 592 496 codice
624 459 813 501 scribitur,
844 465 883 494 ut
914 460 987 494 1100
1018 459 1145 506 capite
1176 460 1251 502 §11
1286 457 1388 505 regi
1423 469 1629 504 quoque.

210 547 242 569 ‹·.
277 533 339 570 58.
373 533 393 568 S
425 531 527 578 regi
558 530 765 577 equites,
801 531 843 565 11
885 529 954 565 sie
984 529 1104 576 regi.
1164 530 1256 566 Non
1289 528 1327 563 in
1359 526 1519 562 consilio
1552 526 1634 562 ani-

212 604 263 640 mi
297 608 520 643 creverunt,
557 601 624 636 sed
655 601 777 636 auctis
822 613 869 636 ex
910 612 950 636 re
981 600 1068 635 laeta
1100 599 1236 635 animis
1266 598 1305 634 in
1336 597 1536 633 consilium
1568 609 1632 632 ve-

212 678 360 709 nerunt.
439 671 640 719 Sequitur:
684 671 742 707 Et
781 669 985 707 Romani
1014 669 1305 713 censebant,
1346 667 1636 703 cunctatio-

212 756 310 779 nem
346 754 476 778 suam
506 741 732 777 infamem
776 740 902 788 apud
934 740 1095 775 socios
1127 751 1255 784 esse,
1300 738 1635 786 maximopere

214 813 416 861 indigne
445 811 681 857 ferentes,
713 823 806 847 non
838 810 988 846 latam
1021 809 1236 845 Plleraeis
1280 821 1432 857 opem.
1505 806 1637 844 Con-

216 883 523 920 sultantibus
558 888 627 918 cet.
698 883 966 928 Praeterquam
995 879 1098 927 quod
1118 879 1386 915 insuavissime
1416 878 1518 914 idem
1550 891 1637 913 ver-

224 956 311 991 bum
333 954 392 989 bis
422 953 578 1001 ponitur
600 953 896 999 (censebant.
927 951 985 987 Et
1010 949 1214 987 Romani
1241 948 1537 996 censebant),
1560 960 1636 985 non

222 1026 348 1074 agitur
377 1025 412 1059 h.
443 1024 488 1067 ].,
521 1023 611 1070 quid
645 1022 897 1069 (faciendum)
940 1021 1153 1057 censuerint
1191 1019 1378 1064 Romani,
1418 1020 1486 1055 sed
1532 1019 1638 1055 euius

218 1096 273 1131 rei
321 1095 509 1131 rationem
556 1093 774 1129 habendam
824 1104 905 1127 esse
951 1090 1219 1126 intellexerint,
1297 1090 1436 1137 Itaque
1466 1089 1640 1136 sequitur

219 1165 448 1202 consultatio
480 1177 603 1212 eaque
633 1163 718 1211 ipsa
748 1163 974 1210 interrupta,
1006 1168 1067 1199 ut,
1101 1161 1190 1209 quid
1222 1159 1449 1205 censuerint,
1481 1160 1638 1196 omnino

219 1249 295 1272 non
325 1241 515 1271 narretur.
588 1232 838 1269 Manifestum
872 1239 927 1268 est
959 1232 1086 1280 igitur,
1118 1232 1271 1268 Livium
1303 1230 1519 1279 scripsisse:
1551 1231 1640 1266 Ro-

220 1306 345 1342 mani
376 1305 680 1347 sentiebant,
714 1303 830 1350 idque
861 1315 945 1338 cum
976 1303 1206 1350 praecedenti
1237 1303 1357 1338 verbo
1390 1301 1504 1337 simili
1537 1313 1641 1337 com-

223 1382 409 1412 mutatum
463 1386 557 1410 esse.
637 1373 712 1410 Sed
758 1374 950 1422 particula
995 1374 1111 1410 etiam
1158 1373 1375 1409 necessario
1421 1372 1637 1407 omittenda

221 1452 278 1482 est,
307 1446 345 1481 in
376 1446 448 1481 hac
475 1445 681 1493 partitione
727 1442 1015 1491 (Consilium
1057 1450 1101 1479 et
1134 1456 1261 1480 cons.
1301 1449 1344 1479 et
1380 1455 1464 1478 rex
1493 1442 1639 1477 habu-

225 1521 373 1552 erunt.
432 1515 605 1563 Regiis
647 1545 653 1551 .
675 1543 682 1551 .
702 1526 709 1551 :
732 1514 936 1550 Romani
957 1542 964 1551 .
982 1541 992 1552 .
1012 1514 1060 1561 ..)
1123 1514 1327 1549 Postremo
1342 1525 1412 1561 pro
1444 1512 1641 1548 maxim-

225 1599 369 1635 opere
404 1586 644 1622 scribendum
679 1584 888 1620 maxime
934 1590 968 1619 et
1007 1584 1166 1632 propius
1211 1584 1258 1620 ad
1294 1583 1464 1619 codicem
1498 1584 1642 1628 (niax-

225 1660 400 1697 1101010)
434 1663 471 1692 et.
504 1655 552 1691 ad
587 1655 814 1691 sententiam
847 1654 1005 1693 rectius:
1036 1655 1109 1690 1100
1141 1655 1238 1690 0111111
1262 1660 1401 1702 praeter
1430 1659 1559 1689 cetera
1588 1653 1647 1688 in-

227 1728 341 1775 digne
372 1740 437 1763 eos
468 1727 599 1763 tulisse
630 1727 764 1762 Livius
795 1722 945 1768 (110101)

340 1798 436 1846 Cap.
471 1800 534 1840 58,
570 1801 587 1833 7
625 1797 681 1841 (in
713 1796 966 1843 descriptione
999 1794 1093 1830 aciei
1123 1794 1420 1840 Macedonium:
1451 1794 1504 1829 In
1541 1793 1649 1828 dex-

227 1877 302 1905 tro
361 1882 508 1905 cornu
574 1868 863 1904 Macedones
916 1872 1050 1901 erant
1107 1865 1315 1912 equites:
1368 1862 1649 1900 intermixti

227 1940 398 1975 turmis
444 1950 602 1975 eorum
649 1936 923 1973 Cretenses.
1003 1935 1126 1970 Huic
1175 1942 1432 1970 armaturae
1472 1933 1649 1969 Medon

234 2005 1057 2056 Beroeaeus((·od.Midonuereeius),
1077 2004 1326 2051 equitibus
1372 2010 1415 2039 et
1459 2014 1648 2039 summae

230 2080 389 2128 partis
435 2080 539 2116 eius
586 2078 724 2113 Meno
758 2075 1123 2123 Antigonensis
1168 2081 1383 2122 praeerat.
1443 2074 1651 2121 Nusquam

233 2163 356 2197 neque
388 2150 521 2185 Livius
552 2161 675 2195 neque
704 2147 768 2183 alii
801 2146 854 2181 sic
887 2159 907 2180 a
920 2158 980 2180 1-111
994 2150 1144 2179 atnrae
1177 2157 1315 2179 nomen
1360 2145 1407 2180 de
1448 2154 1553 2180 certa
1585 2156 1651 2179 ex-

234 2220 371 2255 ercitus
414 2225 523 2267 parte
566 2224 713 2265 ponunt
753 2217 884 2252 addito
928 2213 1154 2263 pronomine
1199 2215 1330 2262 (haze,
1372 2214 1461 2249 illa
1504 2226 1653 2249 arina-

234 2289 382 2336 tura);
429 2301 497 2324 nec
543 2288 619 2324 ulla
665 2294 909 2323 armatura
960 2291 1072 2320 antea
1114 2283 1312 2319 nominata
1355 2290 1451 2320 erat.
1521 2283 1654 2320 Livius

260 2516 291 2557 ¹)
327 2520 344 2558 ξ
373 2520 391 2550 S
419 2519 577 2558 quoniam
607 2518 639 2547 in
667 2518 783 2548 codiee
804 2517 978 2547 scribitur:
1007 2516 1205 2545 incertus
1232 2518 1389 2554 quanta
1415 2518 1531 2543 esset
1554 2512 1655 2542 duos

331 2580 436 2610 inde
463 2590 513 2609 ex
540 2580 712 2618 agmine
745 2585 828 2615 001..
857 2578 908 2607 cdi
936 2577 1052 2607 debet:
1081 2576 1167 2605 inc..
1196 2580 1358 2614 quanta
1383 2580 1502 2605 esset
1529 2573 1655 2614 [hosti-

334 2652 386 2671 um
415 2639 627 2680 multitudo}
679 2641 798 2670 Duas
828 2639 927 2668 inde
955 2647 1003 2667 cx
1033 2647 1051 2667 :1
1065 2647 1136 2676 gni.
