<?xml version="1.0" encoding="UTF-8"?>
<!DOCTYPE html PUBLIC "-//W3C//DTD XHTML 1.0 Transitional//EN"
    "http://www.w3.org/TR/xhtml1/DTD/xhtml1-transitional.dtd">
<html xmlns="http://www.w3.org/1999/xhtml" xml:lang="en" lang="en">
 <head>
  <title>
</title>
<meta http-equiv="Content-Type" content="text/html;charset=utf-8" />
  <meta name='ocr-system' content='tesseract 3.04.00' />
  <meta name='ocr-capabilities' content='ocr_page ocr_carea ocr_par ocr_line ocrx_word'/>
</head>
<body>
  <div class='ocr_page' id='page_1' title='image "./emendationeslivi00madvuoft_0611.png"; bbox 0 0 1811 2925; ppageno 0'>
   <div class='ocr_carea' id='block_1_1' title="bbox 821 114 1570 154">
    <p class='ocr_par' dir='ltr' id='par_1_1' title="bbox 821 114 1570 154">
     <span class='ocr_line' id='line_1_1' title="bbox 821 114 1570 154; baseline -0.012 -1"><span class='ocrx_word' id='word_1_1' title='bbox 821 119 898 154; x_wconf 84' lang='lat'>605</span> <span class='ocrx_word' id='word_1_2' title='bbox 1357 114 1433 146; x_wconf 83' lang='lat' dir='ltr'>Lib.</span> <span class='ocrx_word' id='word_1_3' title='bbox 1460 115 1570 145; x_wconf 76' lang='lat' dir='ltr'>va.</span> 
     </span>
    </p>
   </div>
   <div class='ocr_carea' id='block_1_2' title="bbox 141 236 1570 2320">
    <p class='ocr_par' dir='ltr' id='par_1_2' title="bbox 141 236 1570 2184">
     <span class='ocr_line' id='line_1_2' title="bbox 153 236 1570 285; baseline -0.001 -11"><span class='ocrx_word' id='word_1_4' title='bbox 153 247 273 275; x_wconf 81' lang='lat' dir='ltr'>runt.</span> <span class='ocrx_word' id='word_1_5' title='bbox 345 238 445 273; x_wconf 85' lang='lat' dir='ltr'>Tum</span> <span class='ocrx_word' id='word_1_6' title='bbox 479 241 496 282; x_wconf 70' lang='grc' dir='ltr'><strong>ξ</strong></span> <span class='ocrx_word' id='word_1_7' title='bbox 531 240 579 282; x_wconf 82' lang='grc'>7,</span> <span class='ocrx_word' id='word_1_8' title='bbox 615 237 678 274; x_wconf 92' lang='lat' dir='ltr'>ubi</span> <span class='ocrx_word' id='word_1_9' title='bbox 709 237 852 274; x_wconf 84' lang='lat' dir='ltr'>editur:</span> <span class='ocrx_word' id='word_1_10' title='bbox 901 249 956 273; x_wconf 89' lang='lat' dir='ltr'>ne</span> <span class='ocrx_word' id='word_1_11' title='bbox 1000 237 1152 273; x_wconf 88' lang='lat' dir='ltr'>maior</span> <span class='ocrx_word' id='word_1_12' title='bbox 1183 236 1400 285; x_wconf 87' lang='lat' dir='ltr'>repulsis</span> <span class='ocrx_word' id='word_1_13' title='bbox 1431 236 1570 284; x_wconf 87' lang='lat' dir='ltr'>igno-</span> 
     </span>
     <span class='ocr_line' id='line_1_3' title="bbox 151 306 1568 356; baseline -0.001 -12"><span class='ocrx_word' id='word_1_14' title='bbox 151 307 300 344; x_wconf 87' lang='lat' dir='ltr'>minia</span> <span class='ocrx_word' id='word_1_15' title='bbox 331 315 480 352; x_wconf 85' lang='lat' dir='ltr'>esset,</span> <span class='ocrx_word' id='word_1_16' title='bbox 516 307 698 356; x_wconf 87' lang='lat' dir='ltr'>quoniam</span> <span class='ocrx_word' id='word_1_17' title='bbox 728 307 766 342; x_wconf 90' lang='lat' dir='ltr'>in</span> <span class='ocrx_word' id='word_1_18' title='bbox 797 306 928 343; x_wconf 86' lang='lat' dir='ltr'>codice</span> <span class='ocrx_word' id='word_1_19' title='bbox 959 312 1032 342; x_wconf 86' lang='lat' dir='ltr'>cst:</span> <span class='ocrx_word' id='word_1_20' title='bbox 1063 319 1118 342; x_wconf 90' lang='lat' dir='ltr'>ne</span> <span class='ocrx_word' id='word_1_21' title='bbox 1162 306 1568 354; x_wconf 85' lang='lat' dir='ltr'>maiorapulsais-</span> 
     </span>
     <span class='ocr_line' id='line_1_4' title="bbox 151 376 1569 425; baseline 0 -12"><span class='ocrx_word' id='word_1_22' title='bbox 151 377 346 414; x_wconf 83' lang='lat' dir='ltr'>nomina</span> <span class='ocrx_word' id='word_1_23' title='bbox 382 385 531 424; x_wconf 85' lang='lat' dir='ltr'>esset,</span> <span class='ocrx_word' id='word_1_24' title='bbox 579 377 745 415; x_wconf 87' lang='lat' dir='ltr'>fortasse</span> <span class='ocrx_word' id='word_1_25' title='bbox 775 376 1041 413; x_wconf 88' lang='lat' dir='ltr'>scribendum:</span> <span class='ocrx_word' id='word_1_26' title='bbox 1083 388 1139 412; x_wconf 90' lang='lat' dir='ltr'>ne</span> <span class='ocrx_word' id='word_1_27' title='bbox 1169 376 1322 413; x_wconf 88' lang='lat' dir='ltr'>maior</span> <span class='ocrx_word' id='word_1_28' title='bbox 1363 376 1569 425; x_wconf 84' lang='lat' dir='ltr'>repulsae</span> 
     </span>
     <span class='ocr_line' id='line_1_5' title="bbox 150 445 1568 495; baseline 0 -13"><span class='ocrx_word' id='word_1_29' title='bbox 150 447 425 495; x_wconf 85' lang='lat' dir='ltr'>ignominia</span> <span class='ocrx_word' id='word_1_30' title='bbox 472 445 658 495; x_wconf 88' lang='lat' dir='ltr'>esset¹).</span> <span class='ocrx_word' id='word_1_31' title='bbox 790 447 977 484; x_wconf 81' lang='lat' dir='ltr'>Extremo</span> <span class='ocrx_word' id='word_1_32' title='bbox 1019 446 1144 495; x_wconf 89' lang='lat' dir='ltr'>capite</span> <span class='ocrx_word' id='word_1_33' title='bbox 1189 446 1223 495; x_wconf 67' lang='grc' dir='ltr'>(ξ</span> <span class='ocrx_word' id='word_1_34' title='bbox 1267 448 1353 494; x_wconf 78' lang='lat'>13),</span> <span class='ocrx_word' id='word_1_35' title='bbox 1400 459 1483 495; x_wconf 88' lang='lat' dir='ltr'>quae</span> <span class='ocrx_word' id='word_1_36' title='bbox 1521 447 1568 483; x_wconf 83' lang='lat' dir='ltr'>de</span> 
     </span>
     <span class='ocr_line' id='line_1_6' title="bbox 149 516 1568 566; baseline 0.001 -13"><span class='ocrx_word' id='word_1_37' title='bbox 149 517 312 554; x_wconf 87' lang='lat' dir='ltr'>Rhodiis</span> <span class='ocrx_word' id='word_1_38' title='bbox 334 518 484 555; x_wconf 85' lang='lat' dir='ltr'>sortiter</span> <span class='ocrx_word' id='word_1_39' title='bbox 501 518 657 556; x_wconf 84' lang='lat' dir='ltr'>Cariam</span> <span class='ocrx_word' id='word_1_40' title='bbox 687 517 927 566; x_wconf 84' lang='lat' dir='ltr'>Lyciamque</span> <span class='ocrx_word' id='word_1_41' title='bbox 951 516 1243 553; x_wconf 84' lang='lat' dir='ltr'>defendentibus</span> <span class='ocrx_word' id='word_1_42' title='bbox 1273 524 1491 563; x_wconf 83' lang='lat' dir='ltr'>narrantur,</span> <span class='ocrx_word' id='word_1_43' title='bbox 1523 530 1568 554; x_wconf 86' lang='lat' dir='ltr'>ea</span> 
     </span>
     <span class='ocr_line' id='line_1_7' title="bbox 148 587 1566 636; baseline 0.001 -13"><span class='ocrx_word' id='word_1_44' title='bbox 148 588 488 625; x_wconf 89' lang='lat' dir='ltr'>Weissenbornius</span> <span class='ocrx_word' id='word_1_45' title='bbox 530 597 566 625; x_wconf 87' lang='lat' dir='ltr'>et</span> <span class='ocrx_word' id='word_1_46' title='bbox 605 589 653 625; x_wconf 89' lang='lat' dir='ltr'>ad</span> <span class='ocrx_word' id='word_1_47' title='bbox 691 587 862 624; x_wconf 87' lang='lat' dir='ltr'>codicem</span> <span class='ocrx_word' id='word_1_48' title='bbox 905 587 1065 636; x_wconf 89' lang='lat' dir='ltr'>propius</span> <span class='ocrx_word' id='word_1_49' title='bbox 1095 594 1132 624; x_wconf 92' lang='lat' dir='ltr'>et</span> <span class='ocrx_word' id='word_1_50' title='bbox 1166 587 1286 624; x_wconf 89' lang='lat' dir='ltr'>multo</span> <span class='ocrx_word' id='word_1_51' title='bbox 1315 600 1385 636; x_wconf 92' lang='lat' dir='ltr'>per</span> <span class='ocrx_word' id='word_1_52' title='bbox 1415 601 1456 624; x_wconf 89' lang='lat' dir='ltr'>se</span> <span class='ocrx_word' id='word_1_53' title='bbox 1486 601 1566 625; x_wconf 87' lang='lat' dir='ltr'>rec-</span> 
     </span>
     <span class='ocr_line' id='line_1_8' title="bbox 148 657 1566 707; baseline 0.002 -14"><span class='ocrx_word' id='word_1_54' title='bbox 148 657 235 702; x_wconf 88' lang='lat' dir='ltr'>tius,</span> <span class='ocrx_word' id='word_1_55' title='bbox 266 670 382 706; x_wconf 91' lang='lat' dir='ltr'>quam</span> <span class='ocrx_word' id='word_1_56' title='bbox 415 666 514 704; x_wconf 80' lang='lat' dir='ltr'>ante,</span> <span class='ocrx_word' id='word_1_57' title='bbox 548 659 602 696; x_wconf 91' lang='lat' dir='ltr'>sic</span> <span class='ocrx_word' id='word_1_58' title='bbox 631 658 766 696; x_wconf 85' lang='lat' dir='ltr'>edidit:</span> <span class='ocrx_word' id='word_1_59' title='bbox 810 671 1027 707; x_wconf 82' lang='lat' dir='ltr'>propere</span> <span class='ocrx_word' id='word_1_60' title='bbox 1057 664 1101 695; x_wconf 86' lang='lat' dir='ltr'>et</span> <span class='ocrx_word' id='word_1_61' title='bbox 1131 657 1370 703; x_wconf 76' lang='lat' dir='ltr'>Caunios,</span> <span class='ocrx_word' id='word_1_62' title='bbox 1405 671 1566 707; x_wconf 85' lang='lat' dir='ltr'>quam-</span> 
     </span>
     <span class='ocr_line' id='line_1_9' title="bbox 148 727 1567 778; baseline 0.001 -14"><span class='ocrx_word' id='word_1_63' title='bbox 148 740 283 776; x_wconf 86' lang='lat' dir='ltr'>quam</span> <span class='ocrx_word' id='word_1_64' title='bbox 332 727 680 777; x_wconf 83' lang='lat' dir='ltr'>Cibyratarum</span> <span class='ocrx_word' id='word_1_65' title='bbox 726 729 1010 766; x_wconf 85' lang='lat' dir='ltr'>asciverant</span> <span class='ocrx_word' id='word_1_66' title='bbox 1047 728 1261 773; x_wconf 80' lang='lat' dir='ltr'>auxilia,</span> <span class='ocrx_word' id='word_1_67' title='bbox 1304 736 1567 778; x_wconf 84' lang='lat' dir='ltr'>coegerunt</span> 
     </span>
     <span class='ocr_line' id='line_1_10' title="bbox 147 798 1566 849; baseline 0.001 -15"><span class='ocrx_word' id='word_1_68' title='bbox 147 798 360 847; x_wconf 90' lang='lat' dir='ltr'>imperio</span> <span class='ocrx_word' id='word_1_69' title='bbox 421 812 596 848; x_wconf 89' lang='lat' dir='ltr'>parere</span> <span class='ocrx_word' id='word_1_70' title='bbox 655 807 692 836; x_wconf 90' lang='lat' dir='ltr'>et</span> <span class='ocrx_word' id='word_1_71' title='bbox 738 799 1048 849; x_wconf 86' lang='lat' dir='ltr'>Mylasenses</span> <span class='ocrx_word' id='word_1_72' title='bbox 1093 799 1566 848; x_wconf 84' lang='lat' dir='ltr'>Alabandenosque,</span> 
     </span>
     <span class='ocr_line' id='line_1_11' title="bbox 148 869 1566 919; baseline 0.001 -14"><span class='ocrx_word' id='word_1_73' title='bbox 148 869 228 917; x_wconf 90' lang='lat' dir='ltr'>qui</span> <span class='ocrx_word' id='word_1_74' title='bbox 259 869 632 906; x_wconf 88' lang='lat' dir='ltr'>Euromensium</span> <span class='ocrx_word' id='word_1_75' title='bbox 663 869 979 919; x_wconf 87' lang='lat' dir='ltr'>provinciam</span> <span class='ocrx_word' id='word_1_76' title='bbox 1012 869 1294 918; x_wconf 88' lang='lat' dir='ltr'>ademptum</span> <span class='ocrx_word' id='word_1_77' title='bbox 1331 870 1427 919; x_wconf 91' lang='lat' dir='ltr'>ipsi</span> <span class='ocrx_word' id='word_1_78' title='bbox 1457 883 1566 907; x_wconf 88' lang='lat' dir='ltr'>con-</span> 
     </span>
     <span class='ocr_line' id='line_1_12' title="bbox 147 939 1564 984; baseline 0.003 -10"><span class='ocrx_word' id='word_1_79' title='bbox 147 939 312 976; x_wconf 91' lang='lat' dir='ltr'>iuncto</span> <span class='ocrx_word' id='word_1_80' title='bbox 347 940 569 976; x_wconf 86' lang='lat' dir='ltr'>exercitu</span> <span class='ocrx_word' id='word_1_81' title='bbox 596 947 852 984; x_wconf 86' lang='lat' dir='ltr'>venerunt,</span> <span class='ocrx_word' id='word_1_82' title='bbox 893 940 1025 976; x_wconf 81' lang='lat' dir='ltr'>circa</span> <span class='ocrx_word' id='word_1_83' title='bbox 1055 939 1339 977; x_wconf 84' lang='lat' dir='ltr'>Orthosiam</span> <span class='ocrx_word' id='word_1_84' title='bbox 1371 942 1472 978; x_wconf 88' lang='lat' dir='ltr'>acie</span> <span class='ocrx_word' id='word_1_85' title='bbox 1502 942 1564 978; x_wconf 86' lang='lat' dir='ltr'>vi—</span> 
     </span>
     <span class='ocr_line' id='line_1_13' title="bbox 147 1010 1566 1060; baseline 0.003 -16"><span class='ocrx_word' id='word_1_86' title='bbox 147 1015 347 1052; x_wconf 78' lang='lat' dir='ltr'>cerunt3</span> <span class='ocrx_word' id='word_1_87' title='bbox 381 1010 567 1047; x_wconf 88' lang='lat' dir='ltr'>edebatur</span> <span class='ocrx_word' id='word_1_88' title='bbox 611 1011 729 1047; x_wconf 87' lang='lat' dir='ltr'>enim:</span> <span class='ocrx_word' id='word_1_89' title='bbox 776 1010 856 1058; x_wconf 89' lang='lat' dir='ltr'>qui</span> <span class='ocrx_word' id='word_1_90' title='bbox 902 1010 1266 1046; x_wconf 85' lang='lat' dir='ltr'>Euromensium</span> <span class='ocrx_word' id='word_1_91' title='bbox 1309 1012 1566 1060; x_wconf 79' lang='lat' dir='ltr'>provincia</span> 
     </span>
     <span class='ocr_line' id='line_1_14' title="bbox 146 1079 1565 1131; baseline 0.003 -16"><span class='ocrx_word' id='word_1_92' title='bbox 146 1079 373 1128; x_wconf 88' lang='lat' dir='ltr'>adempta</span> <span class='ocrx_word' id='word_1_93' title='bbox 403 1080 461 1116; x_wconf 88' lang='lat' dir='ltr'>ad</span> <span class='ocrx_word' id='word_1_94' title='bbox 490 1081 639 1129; x_wconf 88' lang='lat' dir='ltr'>ipsos.</span> <span class='ocrx_word' id='word_1_95' title='bbox 721 1081 767 1117; x_wconf 93' lang='lat' dir='ltr'>In</span> <span class='ocrx_word' id='word_1_96' title='bbox 799 1080 930 1116; x_wconf 88' lang='lat' dir='ltr'>codice</span> <span class='ocrx_word' id='word_1_97' title='bbox 965 1080 1018 1117; x_wconf 87' lang='lat' dir='ltr'>sic</span> <span class='ocrx_word' id='word_1_98' title='bbox 1058 1080 1256 1117; x_wconf 85' lang='lat' dir='ltr'>scribitur:</span> <span class='ocrx_word' id='word_1_99' title='bbox 1290 1082 1565 1131; x_wconf 86' lang='lat' dir='ltr'>mylassen-</span> 
     </span>
     <span class='ocr_line' id='line_1_15' title="bbox 145 1149 1562 1201; baseline 0.003 -16"><span class='ocrx_word' id='word_1_100' title='bbox 145 1149 211 1185; x_wconf 89' lang='lat' dir='ltr'>sis</span> <span class='ocrx_word' id='word_1_101' title='bbox 238 1149 636 1201; x_wconf 86' lang='lat' dir='ltr'>alabandenique</span> <span class='ocrx_word' id='word_1_102' title='bbox 663 1150 1129 1199; x_wconf 82' lang='lat' dir='ltr'>quialabandesium</span> <span class='ocrx_word' id='word_1_103' title='bbox 1164 1153 1562 1189; x_wconf 86' lang='lat' dir='ltr'>euroaemensium</span> 
     </span>
     <span class='ocr_line' id='line_1_16' title="bbox 145 1206 1562 1271; baseline 0.001 -15"><span class='ocrx_word' id='word_1_104' title='bbox 145 1219 406 1268; x_wconf 86' lang='lat' dir='ltr'>provincia</span> <span class='ocrx_word' id='word_1_105' title='bbox 437 1219 712 1270; x_wconf 86' lang='lat' dir='ltr'>ademptum</span> <span class='ocrx_word' id='word_1_106' title='bbox 736 1206 1461 1271; x_wconf 73' lang='lat' dir='ltr'>adipsiconiunctos&#39;exercitu</span> <span class='ocrx_word' id='word_1_107' title='bbox 1492 1228 1562 1258; x_wconf 85' lang='lat' dir='ltr'>cet.</span> 
     </span>
     <span class='ocr_line' id='line_1_17' title="bbox 146 1290 1564 1341; baseline 0 -13"><span class='ocrx_word' id='word_1_108' title='bbox 146 1290 223 1328; x_wconf 87' lang='lat' dir='ltr'>Sed</span> <span class='ocrx_word' id='word_1_109' title='bbox 253 1290 291 1326; x_wconf 92' lang='lat' dir='ltr'>in</span> <span class='ocrx_word' id='word_1_110' title='bbox 337 1290 562 1339; x_wconf 81' lang='lat' dir='ltr'>praefatione</span> <span class='ocrx_word' id='word_1_111' title='bbox 592 1292 656 1330; x_wconf 85' lang='lat' dir='ltr'>W.</span> <span class='ocrx_word' id='word_1_112' title='bbox 707 1305 730 1328; x_wconf 88' lang='lat' dir='ltr'>a</span> <span class='ocrx_word' id='word_1_113' title='bbox 760 1304 801 1328; x_wconf 86' lang='lat' dir='ltr'>se</span> <span class='ocrx_word' id='word_1_114' title='bbox 836 1291 1050 1328; x_wconf 85' lang='lat' dir='ltr'>desciscens</span> <span class='ocrx_word' id='word_1_115' title='bbox 1081 1292 1499 1341; x_wconf 84' lang='lat' dir='ltr'>Alabandenique</span> <span class='ocrx_word' id='word_1_116' title='bbox 1545 1306 1564 1328; x_wconf 84' lang='lat' dir='ltr'>e</span> 
     </span>
     <span class='ocr_line' id='line_1_18' title="bbox 146 1360 1565 1410; baseline 0.002 -14"><span class='ocrx_word' id='word_1_117' title='bbox 146 1360 278 1397; x_wconf 85' lang='lat' dir='ltr'>codice</span> <span class='ocrx_word' id='word_1_118' title='bbox 324 1361 585 1410; x_wconf 89' lang='lat' dir='ltr'>recipiendum</span> <span class='ocrx_word' id='word_1_119' title='bbox 627 1361 747 1398; x_wconf 86' lang='lat' dir='ltr'>fuisse</span> <span class='ocrx_word' id='word_1_120' title='bbox 780 1362 934 1407; x_wconf 90' lang='lat' dir='ltr'>scribit,</span> <span class='ocrx_word' id='word_1_121' title='bbox 982 1375 1058 1410; x_wconf 94' lang='lat' dir='ltr'>quo</span> <span class='ocrx_word' id='word_1_122' title='bbox 1104 1362 1344 1399; x_wconf 87' lang='lat' dir='ltr'>nominativo</span> <span class='ocrx_word' id='word_1_123' title='bbox 1375 1363 1565 1399; x_wconf 86' lang='lat' dir='ltr'>sententia.</span> 
     </span>
     <span class='ocr_line' id='line_1_19' title="bbox 143 1430 1562 1477; baseline 0.001 -10"><span class='ocrx_word' id='word_1_124' title='bbox 143 1430 314 1467; x_wconf 87' lang='lat' dir='ltr'>funditus</span> <span class='ocrx_word' id='word_1_125' title='bbox 344 1431 490 1467; x_wconf 87' lang='lat' dir='ltr'>tollitur</span> <span class='ocrx_word' id='word_1_126' title='bbox 519 1439 557 1468; x_wconf 86' lang='lat' dir='ltr'>et</span> <span class='ocrx_word' id='word_1_127' title='bbox 587 1432 781 1469; x_wconf 88' lang='lat' dir='ltr'>evertitur.</span> <span class='ocrx_word' id='word_1_128' title='bbox 841 1432 1094 1470; x_wconf 69' lang='lat' dir='ltr'>scribendum</span> <span class='ocrx_word' id='word_1_129' title='bbox 1126 1439 1221 1477; x_wconf 86' lang='lat' dir='ltr'>erat,</span> <span class='ocrx_word' id='word_1_130' title='bbox 1251 1434 1428 1470; x_wconf 83' lang='lat' dir='ltr'>restituta</span> <span class='ocrx_word' id='word_1_131' title='bbox 1458 1441 1562 1470; x_wconf 85' lang='lat' dir='ltr'>recta</span> 
     </span>
     <span class='ocr_line' id='line_1_20' title="bbox 143 1501 1562 1552; baseline 0.001 -15"><span class='ocrx_word' id='word_1_132' title='bbox 143 1501 468 1538; x_wconf 87' lang='lat' dir='ltr'>nominisforma:</span> <span class='ocrx_word' id='word_1_133' title='bbox 500 1501 1408 1552; x_wconf 78' lang='lat' dir='ltr'>MylasensisAlabandensisque,qui,</span> <span class='ocrx_word' id='word_1_134' title='bbox 1457 1504 1562 1540; x_wconf 80' lang='lat' dir='ltr'>Nam</span> 
     </span>
     <span class='ocr_line' id='line_1_21' title="bbox 142 1563 1562 1624; baseline -0.001 -13"><span class='ocrx_word' id='word_1_135' title='bbox 142 1563 447 1624; x_wconf 66' lang='grc' dir='ltr'><em>Ἀλαβανὸέῖς</em></span> <span class='ocrx_word' id='word_1_136' title='bbox 481 1579 569 1609; x_wconf 84' lang='lat' dir='ltr'>sunt</span> <span class='ocrx_word' id='word_1_137' title='bbox 598 1579 639 1609; x_wconf 91' lang='lat' dir='ltr'>ut</span> <span class='ocrx_word' id='word_1_138' title='bbox 671 1570 903 1617; x_wconf 64' lang='lat' dir='ltr'>stleccerg</span> <span class='ocrx_word' id='word_1_139' title='bbox 943 1579 980 1610; x_wconf 90' lang='lat' dir='ltr'>et</span> <span class='ocrx_word' id='word_1_140' title='bbox 1006 1566 1271 1624; x_wconf 68' lang='grc' dir='ltr'><em>Εὐρωμεῑς,</em></span> <span class='ocrx_word' id='word_1_141' title='bbox 1318 1587 1388 1610; x_wconf 84' lang='lat' dir='ltr'>nec</span> <span class='ocrx_word' id='word_1_142' title='bbox 1428 1575 1562 1611; x_wconf 81' lang='lat' dir='ltr'>Livius</span> 
     </span>
     <span class='ocr_line' id='line_1_22' title="bbox 144 1642 1560 1693; baseline 0.001 -15"><span class='ocrx_word' id='word_1_143' title='bbox 144 1642 242 1678; x_wconf 90' lang='lat' dir='ltr'>inter</span> <span class='ocrx_word' id='word_1_144' title='bbox 286 1642 382 1679; x_wconf 89' lang='lat' dir='ltr'>duas</span> <span class='ocrx_word' id='word_1_145' title='bbox 429 1643 575 1679; x_wconf 84' lang='lat' dir='ltr'>formas</span> <span class='ocrx_word' id='word_1_146' title='bbox 620 1656 668 1679; x_wconf 84' lang='lat' dir='ltr'>ex</span> <span class='ocrx_word' id='word_1_147' title='bbox 699 1644 813 1680; x_wconf 85' lang='lat' dir='ltr'>rectis</span> <span class='ocrx_word' id='word_1_148' title='bbox 845 1644 992 1682; x_wconf 76' lang='lat' dir='ltr'>Graccis</span> <span class='ocrx_word' id='word_1_149' title='bbox 1024 1644 1073 1681; x_wconf 86' lang='lat' dir='ltr'>ad</span> <span class='ocrx_word' id='word_1_150' title='bbox 1103 1644 1276 1693; x_wconf 83' lang='lat' dir='ltr'>regulam</span> <span class='ocrx_word' id='word_1_151' title='bbox 1309 1644 1348 1680; x_wconf 91' lang='lat' dir='ltr'>in</span> <span class='ocrx_word' id='word_1_152' title='bbox 1380 1644 1560 1681; x_wconf 85' lang='lat' dir='ltr'>Latinum</span> 
     </span>
     <span class='ocr_line' id='line_1_23' title="bbox 142 1707 1560 1766; baseline 0.004 -18"><span class='ocrx_word' id='word_1_153' title='bbox 142 1712 338 1749; x_wconf 86' lang='lat' dir='ltr'>traductas</span> <span class='ocrx_word' id='word_1_154' title='bbox 383 1726 498 1750; x_wconf 84' lang='lat' dir='ltr'>unam</span> <span class='ocrx_word' id='word_1_155' title='bbox 540 1726 703 1762; x_wconf 86' lang='lat' dir='ltr'>pravam</span> <span class='ocrx_word' id='word_1_156' title='bbox 741 1714 1035 1763; x_wconf 86' lang='lat' dir='ltr'>interpositurus</span> <span class='ocrx_word' id='word_1_157' title='bbox 1077 1721 1183 1759; x_wconf 82' lang='lat' dir='ltr'>erat3</span> <span class='ocrx_word' id='word_1_158' title='bbox 1213 1728 1301 1751; x_wconf 86' lang='lat' dir='ltr'>nam</span> <span class='ocrx_word' id='word_1_159' title='bbox 1334 1707 1560 1766; x_wconf 70' lang='grc' dir='ltr'><em>Ἀλαράν-</em></span> 
     </span>
     <span class='ocr_line' id='line_1_24' title="bbox 143 1775 1561 1833; baseline 0.001 -13"><span class='ocrx_word' id='word_1_160' title='bbox 143 1775 308 1833; x_wconf 44' lang='grc' dir='ltr'><em>ὠμούς</em></span> <span class='ocrx_word' id='word_1_161' title='bbox 338 1796 451 1820; x_wconf 90' lang='lat' dir='ltr'>nemo</span> <span class='ocrx_word' id='word_1_162' title='bbox 482 1784 588 1820; x_wconf 84' lang='lat' dir='ltr'>dixit.</span> <span class='ocrx_word' id='word_1_163' title='bbox 647 1784 869 1829; x_wconf 82' lang='lat' dir='ltr'>Librarius,</span> <span class='ocrx_word' id='word_1_164' title='bbox 914 1797 1031 1833; x_wconf 90' lang='lat' dir='ltr'>quum</span> <span class='ocrx_word' id='word_1_165' title='bbox 1063 1785 1213 1822; x_wconf 90' lang='lat' dir='ltr'>duabus</span> <span class='ocrx_word' id='word_1_166' title='bbox 1244 1785 1378 1821; x_wconf 85' lang='lat' dir='ltr'>litteris</span> <span class='ocrx_word' id='word_1_167' title='bbox 1410 1786 1561 1822; x_wconf 86' lang='lat' dir='ltr'>omissis</span> 
     </span>
     <span class='ocr_line' id='line_1_25' title="bbox 142 1853 1559 1904; baseline 0.001 -14"><span class='ocrx_word' id='word_1_168' title='bbox 142 1853 561 1903; x_wconf 84' lang='lat' dir='ltr'>Alabandcnique</span> <span class='ocrx_word' id='word_1_169' title='bbox 601 1854 817 1904; x_wconf 86' lang='lat' dir='ltr'>scripsisset</span> <span class='ocrx_word' id='word_1_170' title='bbox 860 1862 897 1892; x_wconf 89' lang='lat' dir='ltr'>et</span> <span class='ocrx_word' id='word_1_171' title='bbox 938 1856 1169 1893; x_wconf 86' lang='lat' dir='ltr'>vocabulum</span> <span class='ocrx_word' id='word_1_172' title='bbox 1221 1856 1362 1892; x_wconf 84' lang='lat' dir='ltr'>rectius</span> <span class='ocrx_word' id='word_1_173' title='bbox 1393 1857 1559 1893; x_wconf 84' lang='lat' dir='ltr'>scribere</span> 
     </span>
     <span class='ocr_line' id='line_1_26' title="bbox 141 1920 1559 1973; baseline 0.003 -14"><span class='ocrx_word' id='word_1_174' title='bbox 141 1920 270 1969; x_wconf 81' lang='lat' dir='ltr'>vellet,</span> <span class='ocrx_word' id='word_1_175' title='bbox 299 1931 341 1960; x_wconf 91' lang='lat' dir='ltr'>ut</span> <span class='ocrx_word' id='word_1_176' title='bbox 373 1937 486 1973; x_wconf 78' lang='lat' dir='ltr'>saepe,</span> <span class='ocrx_word' id='word_1_177' title='bbox 515 1925 554 1961; x_wconf 91' lang='lat' dir='ltr'>in</span> <span class='ocrx_word' id='word_1_178' title='bbox 584 1938 727 1962; x_wconf 77' lang='lat' dir='ltr'>novum</span> <span class='ocrx_word' id='word_1_179' title='bbox 772 1938 939 1962; x_wconf 86' lang='lat' dir='ltr'>errorem</span> <span class='ocrx_word' id='word_1_180' title='bbox 981 1926 1131 1971; x_wconf 87' lang='lat' dir='ltr'>incidit,</span> <span class='ocrx_word' id='word_1_181' title='bbox 1182 1933 1223 1963; x_wconf 87' lang='lat' dir='ltr'>ut</span> <span class='ocrx_word' id='word_1_182' title='bbox 1269 1926 1559 1963; x_wconf 87' lang='lat' dir='ltr'>Alabande-</span> 
     </span>
     <span class='ocr_line' id='line_1_27' title="bbox 142 1993 1557 2046; baseline 0.004 -17"><span class='ocrx_word' id='word_1_183' title='bbox 142 1993 260 2030; x_wconf 87' lang='lat' dir='ltr'>sium</span> <span class='ocrx_word' id='word_1_184' title='bbox 298 1994 483 2032; x_wconf 87' lang='lat' dir='ltr'>scriberet</span> <span class='ocrx_word' id='word_1_185' title='bbox 511 2003 669 2045; x_wconf 89' lang='lat' dir='ltr'>propter</span> <span class='ocrx_word' id='word_1_186' title='bbox 709 1996 1090 2033; x_wconf 84' lang='lat' dir='ltr'>Euromensium.</span> <span class='ocrx_word' id='word_1_187' title='bbox 1151 1997 1254 2033; x_wconf 85' lang='lat' dir='ltr'>Tum</span> <span class='ocrx_word' id='word_1_188' title='bbox 1288 2010 1335 2034; x_wconf 86' lang='lat' dir='ltr'>ex</span> <span class='ocrx_word' id='word_1_189' title='bbox 1376 1999 1434 2034; x_wconf 89' lang='lat' dir='ltr'>ad</span> <span class='ocrx_word' id='word_1_190' title='bbox 1464 1999 1557 2046; x_wconf 88' lang='lat' dir='ltr'>ipsi</span> 
     </span>
     <span class='ocr_line' id='line_1_28' title="bbox 141 2062 1560 2116; baseline 0.003 -16"><span class='ocrx_word' id='word_1_191' title='bbox 141 2062 371 2109; x_wconf 69' lang='lat' dir='ltr'>faciendum,</span> <span class='ocrx_word' id='word_1_192' title='bbox 404 2066 504 2114; x_wconf 87' lang='lat' dir='ltr'>quod</span> <span class='ocrx_word' id='word_1_193' title='bbox 537 2067 726 2103; x_wconf 86' lang='lat' dir='ltr'>sententia</span> <span class='ocrx_word' id='word_1_194' title='bbox 755 2066 926 2114; x_wconf 79' lang='lat' dir='ltr'>requirit,</span> <span class='ocrx_word' id='word_1_195' title='bbox 954 2073 997 2103; x_wconf 88' lang='lat' dir='ltr'>et</span> <span class='ocrx_word' id='word_1_196' title='bbox 1026 2066 1121 2115; x_wconf 86' lang='lat' dir='ltr'>ipsi</span> <span class='ocrx_word' id='word_1_197' title='bbox 1167 2066 1224 2116; x_wconf 88' lang='lat' dir='ltr'>(ut</span> <span class='ocrx_word' id='word_1_198' title='bbox 1254 2066 1392 2104; x_wconf 86' lang='lat' dir='ltr'>Caunii</span> <span class='ocrx_word' id='word_1_199' title='bbox 1429 2077 1467 2105; x_wconf 87' lang='lat' dir='ltr'>et</span> <span class='ocrx_word' id='word_1_200' title='bbox 1496 2068 1560 2106; x_wconf 74' lang='lat' dir='ltr'>(Ji-</span> 
     </span>
     <span class='ocr_line' id='line_1_29' title="bbox 141 2135 1530 2184; baseline 0.002 -12"><span class='ocrx_word' id='word_1_201' title='bbox 141 2135 322 2184; x_wconf 79' lang='lat' dir='ltr'>byratae);</span> <span class='ocrx_word' id='word_1_202' title='bbox 369 2143 566 2184; x_wconf 82' lang='lat' dir='ltr'>postremo</span> <span class='ocrx_word' id='word_1_203' title='bbox 601 2142 838 2173; x_wconf 85' lang='lat' dir='ltr'>venerant</span> <span class='ocrx_word' id='word_1_204' title='bbox 881 2137 1122 2174; x_wconf 81' lang='lat' dir='ltr'>scribendum</span> <span class='ocrx_word' id='word_1_205' title='bbox 1161 2143 1203 2174; x_wconf 80' lang='lat' dir='ltr'>ut</span> <span class='ocrx_word' id='word_1_206' title='bbox 1237 2138 1530 2176; x_wconf 84' lang='lat' dir='ltr'>asciverant.</span> 
     </span>
    </p>

    <p class='ocr_par' dir='ltr' id='par_1_3' title="bbox 141 2205 1559 2320">
     <span class='ocr_line' id='line_1_30' title="bbox 254 2205 1559 2256; baseline 0.003 -14"><span class='ocrx_word' id='word_1_207' title='bbox 254 2205 349 2254; x_wconf 86' lang='lat' dir='ltr'>Cap.</span> <span class='ocrx_word' id='word_1_208' title='bbox 385 2207 451 2252; x_wconf 83' lang='lat'>26,</span> <span class='ocrx_word' id='word_1_209' title='bbox 482 2207 519 2252; x_wconf 83' lang='lat'>3,</span> <span class='ocrx_word' id='word_1_210' title='bbox 548 2206 614 2243; x_wconf 91' lang='lat' dir='ltr'>ubi</span> <span class='ocrx_word' id='word_1_211' title='bbox 643 2206 784 2243; x_wconf 91' lang='lat' dir='ltr'>editur:</span> <span class='ocrx_word' id='word_1_212' title='bbox 827 2207 911 2243; x_wconf 89' lang='lat' dir='ltr'>ubi</span> <span class='ocrx_word' id='word_1_213' title='bbox 950 2207 1105 2256; x_wconf 86' lang='lat' dir='ltr'>prima</span> <span class='ocrx_word' id='word_1_214' title='bbox 1143 2208 1371 2245; x_wconf 86' lang='lat' dir='ltr'>Phanota</span> <span class='ocrx_word' id='word_1_215' title='bbox 1409 2209 1450 2245; x_wconf 93' lang='lat' dir='ltr'>ei</span> <span class='ocrx_word' id='word_1_216' title='bbox 1480 2210 1559 2246; x_wconf 91' lang='lat' dir='ltr'>de-</span> 
     </span>
     <span class='ocr_line' id='line_1_31' title="bbox 141 2275 1558 2320; baseline 0.004 -9"><span class='ocrx_word' id='word_1_217' title='bbox 141 2275 260 2320; x_wconf 77' lang='lat' dir='ltr'>dita,</span> <span class='ocrx_word' id='word_1_218' title='bbox 308 2283 413 2313; x_wconf 87' lang='lat' dir='ltr'>tota</span> <span class='ocrx_word' id='word_1_219' title='bbox 461 2276 771 2313; x_wconf 86' lang='lat' dir='ltr'>multitudine</span> <span class='ocrx_word' id='word_1_220' title='bbox 817 2289 916 2313; x_wconf 88' lang='lat' dir='ltr'>cum</span> <span class='ocrx_word' id='word_1_221' title='bbox 961 2276 1131 2314; x_wconf 83' lang='lat' dir='ltr'>infulis</span> <span class='ocrx_word' id='word_1_222' title='bbox 1163 2278 1354 2315; x_wconf 83' lang='lat' dir='ltr'>obviam</span> <span class='ocrx_word' id='word_1_223' title='bbox 1387 2280 1558 2320; x_wconf 79' lang='lat' dir='ltr'>effusa,</span> 
     </span>
    </p>
   </div>
   <div class='ocr_carea' id='block_1_3' title="bbox 144 2390 284 2395">
    <p class='ocr_par' dir='ltr' id='par_1_4' title="bbox 144 2390 284 2395">
     <span class='ocr_line' id='line_1_32' title="bbox 144 2390 284 2395; baseline 0 0"><span class='ocrx_word' id='word_1_224' title='bbox 144 2390 284 2395; x_wconf 95' lang='lat' dir='ltr'> </span> 
     </span>
    </p>
   </div>
   <div class='ocr_carea' id='block_1_4' title="bbox 165 2443 1559 2674">
    <p class='ocr_par' dir='ltr' id='par_1_5' title="bbox 165 2443 1559 2674">
     <span class='ocr_line' id='line_1_33' title="bbox 165 2443 1556 2491; baseline 0.001 -14"><span class='ocrx_word' id='word_1_225' title='bbox 165 2443 195 2488; x_wconf 79' lang='lat'>¹)</span> <span class='ocrx_word' id='word_1_226' title='bbox 231 2447 344 2478; x_wconf 79' lang='lat' dir='ltr'>Etiam</span> <span class='ocrx_word' id='word_1_227' title='bbox 371 2446 540 2484; x_wconf 80' lang='lat' dir='ltr'>XXXIX,</span> <span class='ocrx_word' id='word_1_228' title='bbox 567 2450 633 2483; x_wconf 85' lang='lat'>32,</span> <span class='ocrx_word' id='word_1_229' title='bbox 681 2452 699 2478; x_wconf 85' lang='grc'>8</span> <span class='ocrx_word' id='word_1_230' title='bbox 738 2458 813 2479; x_wconf 90' lang='lat' dir='ltr'>cum</span> <span class='ocrx_word' id='word_1_231' title='bbox 841 2446 1018 2479; x_wconf 75' lang='lat' dir='ltr'>Gronovio</span> <span class='ocrx_word' id='word_1_232' title='bbox 1061 2448 1279 2479; x_wconf 83' lang='lat' dir='ltr'>scribendum</span> <span class='ocrx_word' id='word_1_233' title='bbox 1306 2455 1405 2491; x_wconf 86' lang='lat' dir='ltr'>puto:</span> <span class='ocrx_word' id='word_1_234' title='bbox 1448 2458 1488 2481; x_wconf 79' lang='lat' dir='ltr'>ct</span> <span class='ocrx_word' id='word_1_235' title='bbox 1516 2451 1556 2481; x_wconf 90' lang='lat' dir='ltr'>hi</span> 
     </span>
     <span class='ocr_line' id='line_1_34' title="bbox 235 2507 1557 2551; baseline 0.002 -11"><span class='ocrx_word' id='word_1_236' title='bbox 235 2508 426 2550; x_wconf 88' lang='lat' dir='ltr'>repulsis</span> <span class='ocrx_word' id='word_1_237' title='bbox 452 2507 492 2538; x_wconf 90' lang='lat' dir='ltr'>in</span> <span class='ocrx_word' id='word_1_238' title='bbox 519 2518 635 2549; x_wconf 87' lang='lat' dir='ltr'>spem</span> <span class='ocrx_word' id='word_1_239' title='bbox 661 2509 932 2550; x_wconf 85' lang='lat' dir='ltr'>impetrandi</span> <span class='ocrx_word' id='word_1_240' title='bbox 958 2510 1131 2541; x_wconf 83' lang='lat' dir='ltr'>tandem</span> <span class='ocrx_word' id='word_1_241' title='bbox 1159 2510 1403 2551; x_wconf 81' lang='lat' dir='ltr'>aliquando</span> <span class='ocrx_word' id='word_1_242' title='bbox 1429 2512 1557 2543; x_wconf 89' lang='lat' dir='ltr'>hono-</span> 
     </span>
     <span class='ocr_line' id='line_1_35' title="bbox 235 2568 1559 2613; baseline 0.002 -12"><span class='ocrx_word' id='word_1_243' title='bbox 235 2570 293 2601; x_wconf 89' lang='lat' dir='ltr'>ris</span> <span class='ocrx_word' id='word_1_244' title='bbox 319 2569 458 2600; x_wconf 81' lang='lat' dir='ltr'>dilati.</span> <span class='ocrx_word' id='word_1_245' title='bbox 510 2568 596 2600; x_wconf 82' lang='lat' dir='ltr'>Nam</span> <span class='ocrx_word' id='word_1_246' title='bbox 622 2570 833 2602; x_wconf 87' lang='lat' dir='ltr'>incommode</span> <span class='ocrx_word' id='word_1_247' title='bbox 861 2571 907 2602; x_wconf 91' lang='lat' dir='ltr'>ibi</span> <span class='ocrx_word' id='word_1_248' title='bbox 933 2571 1054 2602; x_wconf 87' lang='lat' dir='ltr'>modus</span> <span class='ocrx_word' id='word_1_249' title='bbox 1080 2578 1113 2602; x_wconf 85' lang='lat' dir='ltr'>et</span> <span class='ocrx_word' id='word_1_250' title='bbox 1138 2581 1240 2604; x_wconf 81' lang='lat' dir='ltr'>causa</span> <span class='ocrx_word' id='word_1_251' title='bbox 1265 2573 1437 2604; x_wconf 82' lang='lat' dir='ltr'>dilationis</span> <span class='ocrx_word' id='word_1_252' title='bbox 1454 2574 1559 2613; x_wconf 68' lang='lat' dir='ltr'>signi-</span> 
     </span>
     <span class='ocr_line' id='line_1_36' title="bbox 231 2631 1149 2674; baseline 0.002 -12"><span class='ocrx_word' id='word_1_253' title='bbox 231 2631 352 2662; x_wconf 84' lang='lat' dir='ltr'>ficatur</span> <span class='ocrx_word' id='word_1_254' title='bbox 373 2631 481 2661; x_wconf 81' lang='lat' dir='ltr'>altero</span> <span class='ocrx_word' id='word_1_255' title='bbox 507 2631 684 2672; x_wconf 80' lang='lat' dir='ltr'>participio</span> <span class='ocrx_word' id='word_1_256' title='bbox 711 2631 902 2672; x_wconf 85' lang='lat' dir='ltr'>(repulsi)</span> <span class='ocrx_word' id='word_1_257' title='bbox 936 2633 1149 2674; x_wconf 85' lang='lat' dir='ltr'>interposito.</span> 
     </span>
    </p>
   </div>
  </div>
 </body>
</html>
