1811 2925
198 146 274 181 Lib.
286 145 417 177 XXIX.
867 148 888 183 3
895 149 914 183 —1
921 147 942 183 2

197 269 320 305 monis
357 269 490 317 regula
533 281 649 317 quam
678 275 908 305 nostrorum.
972 268 1221 306 Soribendum
1263 270 1397 318 igitur:
1440 271 1493 307 In
1524 271 1609 307 ali-

199 346 422 388 quantum
454 340 547 376 iam
578 339 876 384 altitudinis;
912 339 1104 376 intercidit
1131 341 1351 389 praepositio
1382 342 1430 378 ob
1461 354 1606 390 praece-

198 410 290 446 dens
311 410 586 456 voluerunt3
617 410 825 458 itidemque
847 410 980 454 XLII,
1016 412 1076 454 15,
1101 413 1121 446 5
1146 411 1395 456 retinendum,
1424 412 1527 459 quod
1550 419 1606 448 cst

197 479 234 515 in
265 479 413 516 codice:
453 481 499 517 in
542 481 848 529 aliquantum
891 480 1170 517 altitudinis
1212 482 1369 519 diruta
1406 489 1529 528 erat,
1570 491 1606 519 et

197 551 298 599 apud
331 550 504 588 Curtium
535 551 606 597 VI,
644 554 704 596 17,
736 553 810 587 21:
841 551 943 587 Iam
974 551 1020 586 in
1051 550 1352 599 aliquantum
1383 553 1604 589 altitudi-

195 621 267 657 nis
298 634 416 670 opus
447 619 724 668 creverat.¹)
826 621 872 657 In
891 621 1077 670 proximis
1098 622 1224 658 verbis
1241 623 1275 667 (ξ
1297 623 1381 669 18);
1412 629 1604 659 nostras

197 691 404 728 iniurias
423 705 506 729 nec
526 698 687 741 potest
707 704 791 728 nec
812 692 971 741 possit
1000 692 1123 728 alius
1144 692 1319 729 ulcisci
1348 705 1482 740 quam
1506 706 1604 739 vos,

195 774 242 797 ne
277 763 367 810 quid
389 776 436 799 ex
455 776 578 812 prava
607 763 849 799 enarratione
866 764 1063 799 turbarum
1092 769 1282 804 nascatur,
1316 763 1515 799 dicendum
1537 770 1607 809 est,

196 833 356 881 possit
385 834 556 883 optative
584 833 676 883 poni
707 834 877 881 (atque
907 834 1087 870 utinam
1114 846 1169 869 ne
1197 834 1378 882 possit,
1424 834 1604 881 quoniam

195 916 278 940 eam
309 909 538 953 potestatem
568 917 679 941 nemo
705 904 905 940 habiturus
926 910 983 940 est
1010 904 1083 940 nisi
1112 905 1247 941 vestris
1279 905 1415 953 opibus
1437 903 1606 953 fractis);

194 973 330 1011 Graece
360 975 564 1012 diceretur:
603 969 706 1015 οὔτε
738 970 924 1014 δύναται
954 968 1070 1027 μήτε
1103 968 1319 1017 δύναιτο).

309 1044 404 1095 Cap.
440 1047 503 1092 22,
539 1049 584 1083 10
618 1046 699 1096 (ubi
733 1045 947 1095 exponitur,
982 1046 1071 1094 quid
1105 1045 1262 1082 Clodius
1294 1046 1448 1082 Licinus
1479 1047 1525 1082 de
1559 1049 1607 1093 Q.

195 1115 382 1153 Pleminio
415 1117 665 1161 narraverim:
694 1116 945 1166 patefacto
977 1117 1084 1153 dein
1120 1117 1302 1153 scelere
1333 1116 1604 1165 delegatum

194 1186 238 1223 in
269 1187 548 1224 Tullianum
579 1201 634 1224 ex
665 1187 704 1225 S.
735 1186 778 1224 C.
837 1187 939 1235 Quid
981 1187 1223 1236 significetur,
1267 1192 1417 1223 constat
1448 1194 1484 1222 et
1516 1187 1605 1223 dicit

196 1257 354 1306 proprio
384 1259 503 1294 verbo
537 1258 671 1295 Livius
700 1258 905 1302 XXXIV,
938 1261 1007 1294 -142
1049 1258 1093 1294 in
1123 1258 1406 1294 inferiorem
1436 1257 1607 1293 demis-

194 1340 274 1364 sus
305 1340 547 1364 carcerem
578 1335 649 1364 est
678 1334 994 1377 necatusque,
1026 1341 1102 1376 quo
1133 1329 1222 1364 item
1254 1327 1371 1363 utitur
1402 1327 1605 1365 Sallustius

194 1398 240 1434 de
275 1398 439 1435 Lentulo
471 1398 579 1444 (Cat.
615 1402 684 1435 55:
714 1400 759 1436 in
790 1412 890 1435 eum
919 1399 1093 1443 locum,
1136 1400 1172 1435 h.
1206 1412 1235 1435 e.
1267 1400 1501 1443 Tullianum7
1532 1399 1604 1434 de—

194 1468 397 1519 missus).
462 1469 538 1506 Sed
568 1470 795 1518 delegare
824 1483 894 1518 pro
926 1469 1178 1506 demittere
1208 1470 1288 1506 sine
1318 1470 1394 1505 ullo
1425 1470 1601 1518 exemplo

195 1539 350 1585 dicitur3
393 1541 495 1588 quod
540 1547 667 1576 autem
699 1541 942 1590 suspicantur
971 1540 1148 1588 quidam,
1193 1540 1344 1576 Livium
1374 1540 1412 1576 id
1442 1541 1600 1577 verbum

193 1623 216 1646 a
248 1609 383 1647 Clodio
414 1611 633 1659 sumpsisse,
669 1612 738 1647 etsi
755 1611 887 1647 Livius
914 1611 1131 1647 huiusmodi
1162 1611 1336 1647 obsoleta
1363 1611 1483 1646 verba
1515 1623 1602 1646 ver-

192 1681 406 1728 borumque
445 1680 740 1729 significationes
784 1688 932 1718 tantum
988 1683 1023 1718 iu
1073 1681 1325 1717 formularum
1369 1682 1600 1719 carminibus

192 1750 378 1786 interdum
412 1751 570 1796 retinet„
611 1765 687 1788 non
726 1753 764 1789 in
807 1753 1022 1793 narrandO,
1065 1752 1137 1788 dici
1180 1758 1308 1787 tamen
1346 1765 1429 1788 cum
1471 1753 1600 1800 aliqua

192 1820 318 1868 specie
347 1828 489 1869 posset,
516 1823 546 1858 si
578 1823 693 1859 ullum
726 1830 825 1860 esset
855 1823 1058 1871 vestigium
1088 1822 1199 1858 huius
1232 1823 1339 1859 verbi
1370 1823 1471 1871 apud
1502 1823 1598 1858 anti—

192 1891 343 1939 quiores
389 1892 443 1928 sio
487 1894 577 1942 poni
621 1894 745 1938 soliti;
792 1894 859 1929 sed
902 1894 1046 1929 nullum
1092 1899 1158 1928 est.
1236 1893 1368 1929 Livius
1402 1893 1598 1941 scripsisse

190 1961 343 1998 videtur
373 1962 628 2007 deiectum:
674 1978 722 2001 ex
749 1977 794 2001 eo
824 1964 982 2009 factum,
1012 1970 1053 2000 ut
1082 1962 1307 2011 saepissima
1349 1963 1597 2003 delectum,

215 2126 243 2167 ¹)
282 2129 391 2160 Paulo
417 2134 494 2159 ante
519 2128 555 2170 (ξ
586 2128 640 2169 14)
666 2130 798 2160 mirifici
824 2130 982 2170 loquendi
1003 2129 1144 2168 generis,
1172 2139 1237 2169 quo
1264 2128 1450 2159 Pleminius
1477 2129 1598 2159 dicitur

282 2191 434 2221 tribunos
461 2190 603 2221 militum
630 2192 828 2223 omnibus
855 2190 1095 2233 suppliciis
1130 2191 1372 2221 trucidatos
1400 2191 1596 2221 crucian-

282 2252 333 2282 do
367 2252 609 2289 occidisse,
653 2252 777 2284 frustra
821 2254 933 2285 socius
973 2254 1156 2283 advocatur
1193 2252 1320 2283 Seneca
1367 2252 1496 2289 rhetor,
1539 2253 1595 2292 qui

282 2314 426 2344 hominis
459 2313 638 2344 crudeliter
673 2315 776 2345 occisi
817 2314 891 2355 ipsa
923 2314 1072 2345 membra
1115 2314 1269 2353 (sensim)
1306 2315 1473 2345 trucidata
1499 2314 1593 2344 dixit.

281 2373 397 2404 Nihilo
425 2380 537 2405 tamen
563 2376 693 2413 melius,
722 2378 813 2417 quod
839 2376 1030 2407 Gronovius
1056 2375 1163 2414 finxit,
1191 2375 1454 2405 trucidando
1481 2375 1594 2405 occi-

281 2436 391 2473 dere,
418 2437 514 2476 quasi
540 2436 660 2476 aliquis
687 2437 887 2468 trucidando
913 2447 980 2468 non
1007 2438 1114 2467 occidi
1146 2438 1261 2478 possit.
1312 2436 1405 2467 Unus
1433 2436 1593 2475 Sigonius

280 2506 393 2527 verum
420 2497 524 2535 vidit,
563 2499 618 2538 qui
646 2499 845 2540 simpliciter
871 2499 1100 2530 cruciatos
1127 2499 1296 2529 occidit
1321 2499 1471 2539 scripsit3
1516 2508 1592 2528 nam

280 2568 381 2600 quum
408 2569 518 2590 errore
545 2561 796 2592 trucidatos
833 2561 994 2601 scripturn
1021 2565 1108 2591 esset
1144 2566 1177 2591 et
1201 2560 1300 2591 simul
1325 2569 1403 2590 vera
1429 2559 1594 2599 scriptura

280 2620 453 2658 adnotata,
478 2622 645 2661 posterior
670 2632 737 2652 vox
770 2627 940 2662 utcunque
975 2623 1016 2652 ad
1051 2622 1213 2662 reliquam
1247 2622 1431 2652 orationem
1458 2630 1597 2651 accom-

278 2682 415 2712 modata
440 2688 499 2712 est.
