1811 2925
305 142 381 174 Lib.
397 141 534 173 XXIV.
942 141 1020 176 272

897 274 910 297 1

272 278 434 360 etffros
465 317 639 368 procul
680 317 748 353 eis
781 330 904 366 quae
934 316 1290 354 habitabantur
1320 316 1692 365 sedecim(sex?)

1073 400 1085 422 1

271 445 404 482 milia
448 444 620 481 aberat
673 444 719 480 in
764 443 881 480 urbe
926 442 1095 478 nobile
1141 444 1369 492 templum
1419 444 1526 492 ipsa
1575 443 1694 479 urbe

271 522 374 553 erat
404 521 475 552 eet.
538 514 789 561 (Gronovius
820 526 923 559 sex,
966 514 1068 562 quod
1099 513 1137 549 in
1170 515 1400 552 editionibus
1431 514 1694 563 superioribus

270 593 353 624 erat
392 592 452 631 et,
507 586 538 622 si
568 586 719 622 silentio
751 585 942 630 creditur,
982 585 1021 620 in
1056 585 1213 633 reliquis
1244 586 1369 631 codd„
1411 585 1533 622 codici
1562 586 1596 621 P
1626 583 1693 620 tri-

270 657 386 693 buere
416 656 569 693 videtur
609 663 646 693 et
687 656 734 692 de
764 656 877 692 huius
909 656 1030 704 ipsius
1062 657 1210 692 numeri
1241 656 1500 706 discrepantia
1530 669 1553 692 a
1584 656 1693 693 Stra-

268 728 379 777 bonis
422 728 512 773 (VI,
558 731 567 764 l
615 741 652 777 p.
685 729 763 765 262
798 726 862 776 C.)
905 739 1086 763 mensura
1129 726 1317 775 disputat3
1354 725 1693 764 VVeissenbornius

269 800 477 836 sedecim
524 799 636 847 quasi
684 812 704 835 e
749 799 784 835 P
831 797 977 844 edidit.)
1052 798 1104 834 Et
1145 810 1256 834 aros
1303 799 1456 846 quidem
1497 810 1567 846 pro
1608 809 1694 832 arx

270 872 385 908 etiam
413 870 529 919 paulo
560 876 650 918 post
680 870 738 917 (8)
770 869 808 905 in
840 870 874 905 P
906 869 1095 906 scribitur.
1164 868 1241 906 Sed
1279 869 1356 905 alia
1394 869 1557 905 molesta
1593 874 1693 904 sunt.

269 943 444 979 Primum
474 941 512 977 in
543 941 615 977 illis
647 941 774 978 verbis
815 946 860 976 et
893 953 979 976 arx
1009 940 1182 989 procul
1222 940 1288 976 eis
1323 947 1410 977 cett.
1443 940 1694 976 vitiosissima

269 1019 327 1049 est
356 1013 498 1057 01-ati03
520 1025 590 1048 arx
605 1013 703 1048 enim
723 1018 856 1060 aperte
873 1011 1170 1060 praeterfluxisse
1187 1011 1342 1056 dicitur3
1370 1024 1457 1048 nam
1482 1024 1605 1059 neque
1624 1023 1695 1060 per

269 1097 309 1121 se
326 1084 403 1120 ullo
440 1084 555 1119 modo
592 1083 805 1131 (quodiam
826 1095 944 1131 supra
956 1083 1177 1131 p.24S110t.
1193 1082 1390 1129 admonui)
1419 1082 1580 1118 verbum
1600 1082 1692 1118 sub-

268 1155 477 1192 stantivum
514 1155 637 1190 omitti
683 1159 833 1203 potest,
879 1152 943 1188 ubi
980 1164 1051 1200 pro
1089 1152 1298 1199 praedicato
1342 1153 1562 1201 adiungitur
1591 1164 1693 1201 prae-

267 1226 407 1275 positio
454 1225 510 1273 (ut
552 1238 638 1262 arx
680 1223 855 1273 procul
903 1223 971 1259 eis
1015 1222 1271 1271 intelligatur:
1319 1237 1404 1260 arx
1445 1229 1550 1259 erat
1587 1236 1691 1272 pro-

268 1297 342 1333 cul
388 1297 486 1343 eis),
537 1296 770 1343 minimeque
802 1293 972 1330 omnium
1016 1293 1055 1329 id
1095 1294 1176 1330 fieri
1219 1300 1346 1342 potest
1388 1295 1425 1330 iu
1467 1294 1534 1330 tali
1574 1307 1692 1343 copu-

267 1368 426 1403 latione:
495 1365 677 1402 flumen
727 1396 733 1402 .
778 1391 786 1400 .
851 1370 993 1400 extra
1042 1363 1329 1411 frequentia
1379 1365 1522 1401 tectis
1585 1365 1693 1401 loca

269 1436 657 1486 praeterfluebat,
706 1442 747 1472 et
791 1449 878 1472 arx
922 1435 1093 1484 procul
1137 1435 1207 1470 eis
1260 1442 1345 1471 cett.
1419 1435 1570 1472 Deinde
1608 1435 1692 1471 vio-

269 1509 390 1545 lenter
439 1507 525 1556 pro*
563 1507 608 1543 in
661 1507 775 1542 urbe
832 1506 1074 1543 substituitur
1124 1505 1179 1540 ab
1233 1506 1366 1550 urbe,
1425 1506 1528 1554 quod
1579 1519 1696 1554 quum

268 1578 607 1616 Weissenbornius
637 1577 907 1622 intellexisset,
947 1577 1060 1624 louge
1091 1575 1311 1611 coniectura
1343 1577 1550 1615 aberravit.
1616 1578 1695 1614 Po-

270 1657 411 1687 stremo
452 1662 572 1698 prave
619 1648 832 1693 divellitur,
878 1660 995 1696 quam
1044 1647 1168 1683 codex
1214 1647 1404 1695 integram
1437 1646 1569 1694 offert,
1618 1649 1693 1685 ele-

269 1733 366 1770 gans
397 1720 562 1768 augendi
593 1720 740 1756 forma:
773 1719 816 1755 in
849 1720 965 1755 urbe
997 1718 1153 1756 nobili
1184 1718 1411 1766 templum
1443 1719 1549 1767 ipsa
1581 1720 1695 1756 urbe

270 1791 508 1835 nobilius,
551 1791 759 1827 substituta
799 1801 923 1838 prava
958 1790 997 1825 in
1035 1790 1107 1825 hac
1145 1789 1340 1825 sententiae
1386 1788 1513 1826 forma
1551 1803 1694 1838 paren-

270 1863 378 1900 thesi.
446 1863 584 1910 Itaque
625 1861 811 1897 tentanda
853 1861 934 1895 haec
980 1860 1144 1908 cuipiam
1185 1860 1306 1896 videri
1348 1860 1472 1908 possit
1510 1861 1693 1896 orationis

270 1934 480 1970 distinctio:
512 1939 556 1968 et
589 1945 674 1968 arx
703 1930 878 1980 procul
910 1930 1002 1975 eis,
1037 1943 1135 1978 quae
1166 1931 1294 1975 hab.,
1326 1930 1535 1967 sedecim
1571 1930 1692 1980 (sex)

270 2005 403 2041 milia
434 2005 622 2047 aberat;
666 2003 710 2038 in
755 2001 871 2037 urbe
911 2006 981 2036 cet.
1049 2000 1125 2037 Sed
1162 2014 1285 2048 neque
1316 2002 1488 2050 procul
1522 2008 1624 2038 reete
1654 2002 1692 2037 in

270 2076 404 2111 eadem
438 2073 626 2111 sententia
671 2071 917 2119 coniungitur
947 2083 1032 2107 cum
1068 2076 1171 2106 certo
1202 2084 1361 2108 numero
1401 2085 1524 2120 neque
1564 2085 1692 2109 arcem

269 2158 337 2181 sex
359 2145 474 2189 milia,
497 2145 570 2180 hoc
596 2150 666 2187 cst,
683 2143 832 2178 miliare
847 2141 1121 2178 Germanicum
1141 2155 1225 2178 cuin
1246 2143 1379 2190 quinta
1394 2150 1518 2191 parte,
1533 2143 1691 2186 (nedum

270 2215 501 2264 sedecim)
535 2215 583 2250 ab
615 2213 723 2249 tectis
756 2212 861 2248 urbis
888 2218 1076 2248 remotam
1108 2212 1224 2248 fuisse
1255 2219 1321 2249 aut
1350 2226 1419 2261 per
1449 2226 1489 2249 se
1510 2213 1691 2250 credibile

270 2291 327 2322 est
348 2292 414 2321 aut
434 2292 593 2334 propter
614 2284 802 2331 reliquam
825 2282 1088 2318 narrationem
1111 2285 1157 2328 (c.
1179 2284 1214 2327 2,
1243 2286 1288 2319 10
1313 2290 1348 2319 et
1375 2284 1503 2331 ll),et
1523 2283 1690 2320 sedecim

269 2356 414 2392 milium
446 2368 646 2391 numerum
678 2354 822 2392 Strabo
856 2352 1022 2388 ostendit
1066 2353 1114 2388 ad
1154 2353 1338 2401 templum
1382 2354 1541 2390 Iunonis
1572 2354 1689 2403 perti-

270 2440 371 2470 nere,
399 2426 501 2473 quod
525 2426 556 2461 is
586 2427 751 2461 150000
774 2424 985 2460 stadiorum
1010 2423 1110 2471 (plus
1133 2436 1246 2471 quam
1276 2425 1321 2460 18
1354 2423 1459 2459 milia
1488 2423 1688 2472 passuum)

270 2497 319 2532 ab
350 2497 444 2532 urbe
474 2497 616 2532 distare
642 2495 743 2533 dicit.
806 2494 1062 2541 Relinquitur,
1093 2499 1145 2539 ut,
1177 2494 1325 2531 adscita
1358 2495 1395 2530 in
1419 2494 1492 2529 illis
1525 2500 1689 2529 etaros

268 2567 398 2615 priore
430 2566 620 2603 Gronovii
651 2566 884 2610 coniectura,
917 2578 940 2600 a
971 2578 1049 2613 qua
1078 2577 1154 2600 nou
1185 2572 1287 2601 recte
1318 2563 1490 2608 descivit,
1520 2563 1558 2599 iu
1589 2569 1688 2598 cete—

268 2638 320 2673 ris
348 2637 488 2673 codicis
519 2637 651 2685 primae
697 2648 833 2672 manus
864 2635 1094 2684 scripturam
1128 2641 1344 2679 teneamus,
1383 2634 1558 2670 oratione
1605 2639 1688 2669 tan-

270 2714 347 2744 tum
385 2708 517 2744 melius
548 2706 744 2742 distincta:
900 2712 1041 2742 extra
1072 2705 1352 2753 frequentia
1393 2704 1541 2740 tectis
1582 2703 1689 2739 loca
