1811 2925
787 169 858 204 ‘281
1270 166 1344 197 Lib.
1357 165 1487 197 xxtv.

232 289 328 339 Cap.
362 292 438 336 42,
487 291 507 326 3
554 294 779 338 (postquam
822 290 869 325 de
909 289 1056 338 proelio
1099 290 1148 325 ad
1178 289 1364 326 Mundam
1396 295 1433 326 et
1466 288 1536 328 Cn.

122 361 314 410 Scipionis
331 361 488 397 vnlnere
519 360 660 396 dictum
680 361 773 407 est.):
796 359 1018 397 Ceterum
1051 360 1173 396 haud
1204 360 1394 397 dubium
1434 359 1535 406 fuit,

121 431 246 480 quin,
276 431 369 468 nisi
398 444 450 468 ea
482 444 609 468 mora
640 431 1006 475 intervenisset,
1049 435 1209 466 castra
1250 444 1301 468 eo
1336 431 1409 467 die
1439 432 1534 468 I'u-

122 502 228 539 nica
266 502 374 551 capi
416 501 681 552 potuerint.
755 502 853 538 Iam
898 514 987 537 non
1031 501 1210 537 milites
1251 501 1425 547 solum,
1457 502 1537 538 sed

122 573 365 622 elephanti
398 573 538 609 etiam
570 584 716 620 usque
754 572 809 608 ad
840 572 1017 608 vallum
1049 572 1143 608 acti
1175 578 1331 617 erant,
1373 584 1537 621 super-

122 656 209 691 que
239 644 390 692 ipsum
429 643 524 690 (PM
555 641 666 679 Cant.
702 643 1035 692 superqipsas)
1067 655 1232 679 novem
1265 649 1307 679 et
1337 642 1538 691 triginta

121 713 366 762 elephanti
397 713 510 762 pilis
545 712 740 750 confixi.
810 713 1009 751 Particula
1043 713 1133 749 iam
1174 712 1388 761 significare
1429 713 1538 750 vide-

122 790 184 820 tur
214 785 502 820 conversionem
548 785 717 832 aliquam
756 797 882 821 rerum
915 789 1258 821 commemoratum
1290 784 1352 827 iri;
1383 785 1449 820 sed
1480 796 1538 820 se-

122 855 251 902 quitur
293 855 501 903 superioris
545 854 674 891 iudicii
717 855 956 891 confirmatio
1004 867 1082 891 una
1111 855 1184 891 hac
1217 855 1405 890 sententia
1435 867 1538 891 com-

122 926 330 974 prehensa:
360 925 490 974 itaque
522 925 782 962 scribendum:
816 926 931 962 Nam
964 939 1056 962 non
1093 932 1161 963 cet.
1222 925 1385 969 Deinde,
1405 925 1537 961 etiam-

122 996 154 1031 si
185 996 335 1032 codices
368 997 644 1040 consentirent,
677 995 848 1031 nonnihil
882 996 1066 1033 molestiae
1113 995 1439 1044 dubitationisquc
1469 997 1538 1032 ha-

122 1067 211 1102 bere
243 1066 334 1102 mihi
365 1066 584 1102 viderentur
624 1065 816 1114 elephanti
854 1078 997 1115 snper
1036 1067 1214 1103 vallum
1247 1067 1410 1112 confixiq
1443 1080 1538 1115 quo-

122 1137 237 1177 niam,
270 1137 464 1184 quomodo
503 1137 540 1172 in
571 1136 673 1172 vallo
706 1137 828 1185 (quod
867 1138 915 1173 ab
947 1149 1090 1185 aggere
1120 1137 1311 1173 diversum
1345 1137 1417 1186 est)
1449 1150 1539 1174 con-

122 1208 254 1244 sistere
285 1207 496 1256 potuerint.
542 1208 745 1244 obscurum
778 1215 851 1252 est;
897 1220 1133 1257 quamquam
1164 1208 1203 1243 in
1235 1208 1407 1253 XXVI,
1440 1212 1484 1253 (ὅ,
1521 1212 1532 1245 l

121 1279 314 1327 elephanti
355 1278 778 1326 transgredientes
821 1279 865 1314 in
906 1279 1014 1327 ipso
1054 1279 1184 1316 vallo
1216 1278 1378 1316 confecti
1410 1279 1540 1316 dicun-

121 1355 201 1391 tur,
241 1350 343 1397 quod
381 1356 508 1386 tamen
551 1350 674 1397 magis
705 1349 751 1384 de
782 1362 1030 1397 perrumpere
1060 1350 1267 1387 nitentibus
1301 1349 1374 1386 diei
1404 1350 1540 1398 potuit.

124 1419 199 1456 Sed
232 1433 279 1456 ex
310 1421 483 1456 codicum
522 1420 694 1469 vestigiis
726 1420 824 1456 effici
856 1419 1029 1466 videtur,
1079 1422 1180 1469 quod
1208 1421 1334 1471 aptius
1364 1421 1431 1457 sit:
1463 1433 1541 1457 su-

123 1503 305 1539 perque
345 1490 534 1538 fossas,
576 1493 649 1527 hoc
680 1497 763 1535 est,
810 1503 926 1539 super
962 1492 1155 1541 margines
1186 1492 1391 1529 fossarum.
1454 1492 1542 1538 (Ad

123 1560 302 1597 vallum
335 1574 386 1597 ac
419 1560 609 1605 fossas,
640 1561 790 1606 XXV,
842 1564 911 1607 14,
956 1564 1005 1608 1).
1132 1563 1280 1599 Eodem
1313 1562 1437 1611 capite
1468 1565 1486 1607 ξ
1520 1565 1541 1600 6

126 1631 274 1668 iniuria.
307 1632 810 1680 opinor,Weissenbornius
843 1632 889 1668 de
919 1632 1067 1669 Dukeri
1099 1638 1136 1668 et
1161 1631 1331 1669 Creverit
1363 1634 1542 1670 emenda-

124 1702 237 1737 tionis
272 1702 321 1738 ad
352 1703 514 1750 vestigia
535 1703 676 1739 codicis
706 1704 740 1739 P
761 1703 976 1739 accedentis
1007 1708 1044 1738 et
1077 1702 1125 1738 ab
1154 1702 1238 1751 ipso
1261 1710 1423 1752 receptae
1442 1704 1541 1741 veri-

125 1778 202 1808 tate
219 1772 424 1817 dubitavit3
447 1773 708 1822 Hispanorum
742 1780 894 1821 gentem
927 1772 1135 1821 significari
1166 1780 1267 1809 recte
1298 1774 1461 1819 indicam
1497 1788 1542 1812 ea

124 1842 208 1878 sola
238 1843 445 1878 exercitum
480 1844 693 1891 explevisse
725 1843 951 1891 animosque
981 1844 1278 1891 imperatoribus
1297 1844 1540 1894 Carthagini-

125 1913 280 1949 ensibus
310 1913 444 1949 i'ecisse
475 1914 523 1950 ad
557 1920 748 1950 certamen
792 1914 838 1950 de
865 1914 1012 1962 integro
1039 1914 1261 1950 tentandum
1299 1916 1372 1952 dici
1402 1924 1541 1964 potest.

126 1983 202 2019 Sed
235 1996 300 2021 ea.
335 1996 419 2031 quae
449 1985 701 2020 subiiciuntur
731 1985 777 2020 de
807 1997 918 2020 novae
948 1997 1086 2033 pugnae
1131 1991 1268 2020 eventu
1301 1987 1335 2030 (ξ
1367 1988 1416 2032 7),
1447 1999 1540 2022 non-

126 2054 214 2090 dum
252 2055 431 2103 expedita
462 2062 558 2092 sunt.
638 2055 697 2091 Ea
729 2055 765 2090 in
796 2056 829 2091 1’
874 2055 928 2091 sic
971 2055 1209 2091 scribuntur:
1256 2056 1340 2091 alii
1384 2057 1541 2105 pleriq

125 2124 308 2160 milites
353 2125 493 2172 sique
533 2125 602 2172 (sic
633 2125 746 2162 etiam
787 2126 840 2170 M,
872 2126 1004 2170 Voss„
1055 2125 1139 2170 alii3
1186 2126 1223 2161 in
1267 2127 1541 2163 recentioribus

219 2340 436 2370 extundendi.
487 2339 594 2378 Nam,
623 2345 657 2370 ut
685 2340 847 2381 proximis
874 2340 1038 2381 exemplis
1066 2346 1160 2372 utar.
1186 2342 1285 2372 etiam
1314 2353 1341 2372 c.
1370 2345 1424 2380 37,
1453 2345 1471 2373 6
1498 2343 1539 2372 ad

789 2401 826 2432 lc

218 2447 362 2486 vestigia
404 2448 527 2479 codicis
567 2449 683 2489 optimi
734 2448 973 2489 (patuerat)
1014 2449 1122 2490 Lipsii
1150 2449 1347 2481 coniectura
1385 2450 1539 2491 (palam

219 2508 331 2547 crat)
359 2509 541 2548 aptissimis
568 2510 676 2541 verbis
702 2510 840 2551 propius
869 2510 1002 2542 aceedit
1028 2521 1129 2551 quam
1168 2520 1242 2551 quae
1276 2520 1383 2552 nuper
1408 2511 1541 2552 prodita

219 2574 269 2599 cst
293 2568 461 2609 (aperte
488 2572 600 2611 rati),
645 2578 676 2602 et
703 2582 729 2602 e.
759 2574 824 2603 38,
872 2575 959 2602 lex
985 2573 1245 2604 convocatio
1284 2573 1385 2613 quib
1418 2573 1539 2604 melius

220 2628 410 2661 Gronovius
436 2630 610 2663 effecerat:
639 2633 896 2663 convocatis
930 2634 1022 2665 suis
1049 2644 1150 2675 quam
1177 2633 1356 2664 Bettcher:
1383 2643 1540 2665 convo-

220 2697 286 2723 cat
311 2702 424 2726 suos,
453 2694 622 2735 quibus.
