1811 2925
821 130 895 166 237
1301 127 1374 160 Lib.
1402 127 1513 158 xxn.

158 258 214 294 (ut
252 266 366 301 quum
408 252 644 301 perditum
688 252 761 288 iam
807 251 943 299 aliquis
985 251 1118 286 iterum
1160 251 1361 299 perdere
1409 251 1562 297 dicitur)

158 332 224 361 aut
255 331 355 360 recte
385 323 528 372 gradus
559 322 719 358 actionis
750 322 1032 369 distinguuntur
1074 328 1130 360 (ut
1168 333 1282 369 quum
1321 322 1457 370 aliquis
1486 323 1561 371 pri-

158 408 258 432 mum
294 395 552 443 prolapsus
591 394 726 430 deinde
770 404 926 441 prorsus
973 391 1208 428 cecidisse
1253 393 1426 439 di(·itm·);
1472 394 1560 441 quid

158 467 204 502 de
235 479 280 502 eo
312 466 449 506 dicam,
481 465 581 513 quod
615 463 838 501 Gronovius
869 463 1026 499 datum
1059 463 1171 499 dare
1212 463 1293 499 vult
1331 476 1413 499 esse
1443 477 1562 501 nunc

157 543 316 573 votum
358 542 530 585 postea
572 535 710 572 dare?
767 541 831 570 aut
878 534 979 582 quod
1020 534 1354 571 Weissenbornius
1403 536 1559 572 datum

159 606 366 655 (donum)
408 608 523 643 dare
564 612 765 655 comparat
807 618 890 641 cum
933 618 990 645 eo,
1036 604 1138 652 quod
1184 605 1320 640 dicitur
1369 605 1562 642 facinus

160 676 349 714 facere?
380 677 500 713 simile
518 678 614 714 enim
639 683 750 720 esset,
784 675 814 711 si
846 675 1033 711 diceretur
1062 674 1241 711 factum
1274 675 1465 712 facinus
1498 677 1561 713 fa-

157 761 275 784 cere.
343 747 418 783 Sed
450 761 524 784 non
563 748 684 784 solum
725 748 885 783 datum
933 758 1093 794 pravum
1129 753 1202 791 est,
1247 746 1313 782 sed
1345 753 1379 782 et
1411 747 1447 783 in
1479 747 1562 783 vul-

155 825 247 867 gata
278 819 393 854 totius
423 818 496 854 loci
526 818 714 866 scriptura
743 824 779 854 et
809 817 926 853 multo
958 817 1091 865 magis,
1137 817 1311 853 restituto
1342 825 1445 854 recto
1477 830 1561 854 sen-

157 889 358 925 tentiarum
392 889 536 930 ordine,
567 889 698 925 deesse
735 888 878 936 aliquid
910 888 1095 923 admoniti
1125 888 1286 923 sentient
1315 889 1443 936 periti;
1474 902 1561 925 nam

156 960 191 995 in
238 960 296 995 his
340 967 538 999 votorum.
583 959 848 1002 iurisiurandi,
892 958 1154 1007 precationum
1201 958 1393 1002 fot-inuiis,
1437 960 1565 1008 posita

156 1030 327 1079 pluribus
358 1031 484 1067 verbis
516 1031 758 1069 condicione.
802 1030 921 1078 ipsius
952 1029 1031 1065 voti
1060 1041 1266 1077 precumve
1301 1029 1444 1066 initium
1477 1043 1560 1067 cum

155 1102 345 1150 gravitate
377 1101 546 1149 quadam
580 1108 617 1137 et
647 1101 889 1150 simplicitate
919 1106 1074 1136 notatur
1103 1099 1292 1148 particula
1313 1107 1419 1143 tum,
1453 1109 1490 1137 ut
1525 1102 1560 1138 in

155 1174 227 1209 hoc
258 1173 342 1221 ipso
370 1173 468 1209 libro
501 1184 533 1208 c.
569 1174 632 1214 53,
670 1175 728 1216 10,
771 1172 840 1208 etsi
870 1170 922 1207 ibi
955 1170 1151 1219 prebrevis
1185 1177 1242 1206 est
1272 1171 1464 1216 condicio,
1498 1172 1561 1211 lib.

155 1243 187 1287 I,
219 1244 282 1280 24.
317 1244 339 1279 8
371 1250 408 1279 et
439 1244 487 1278 32
523 1247 557 1286 7,
588 1243 798 1287 XXXVI,
830 1243 866 1287 ⁶2,
912 1245 956 1287 4,
1003 1241 1066 1289 qui
1098 1241 1202 1277 locus
1233 1242 1320 1278 huic
1351 1243 1564 1280 simillimus

155 1322 222 1351 est.
288 1314 350 1350 Ex
383 1313 449 1350 illa
482 1314 670 1362 particula
703 1321 834 1350 natum
878 1320 934 1349 est
973 1312 1234 1361 participium3
1275 1314 1407 1350 Livius
1445 1314 1563 1363 scrip-

156 1391 276 1421 serat:
312 1405 358 1410 —
393 1384 476 1433 qui
508 1384 574 1420 cis
605 1384 755 1433 Alpes
786 1391 916 1429 sunt,
959 1388 1047 1423 tuln
1086 1382 1254 1420 donum
1288 1384 1409 1429 duit,
1441 1385 1563 1433 quod

154 1468 237 1491 ver
267 1451 380 1503 cet.¹)

267 1524 362 1574 Cap.
401 1526 458 1569 13,
490 1528 530 1561 6:
569 1538 653 1574 per
683 1525 955 1562 Allifanum
989 1524 1360 1572 Calatinumque
1394 1532 1437 1562 et
1469 1525 1565 1563 Ca-

154 1595 316 1632 lenum
347 1609 508 1645 agrum
561 1596 787 1643 (Hannibal)
833 1597 876 1633 in
925 1608 1138 1644 campum
1182 1594 1436 1632 Stellatem
1485 1597 1563 1632 de-

180 1798 210 1840 ¹)
246 1800 413 1842 Cap.12.
443 1806 460 1832 6
488 1801 543 1841 (ct
569 1803 847 1843 prudentiam
877 1805 1076 1845 quidem,
1103 1815 1187 1836 non
1215 1806 1297 1835 vim
1325 1803 1564 1835 dictatoris

248 1864 464 1905 extemplo
492 1865 656 1903 timuit;
685 1867 985 1897 constantiam
1013 1867 1224 1897 hauddum
1252 1870 1494 1907 expertus.

249 1932 463 1967 temptare
504 1927 685 1958 animum
735 1937 807 1959 coe
823 1930 896 1969 pit)
943 1934 1033 1959 cci-ta
1076 1936 1125 1959 est
1159 1927 1319 1960 Gronovii
1365 1927 1563 1958 coniectura

247 1989 346 2018 novi
373 1999 434 2029 pro
460 1999 540 2019 non
566 1990 656 2021 vim.
720 1989 807 2020 Nam
835 1990 897 2020 vis
923 1989 1020 2020 Fabii
1049 1991 1158 2031 inepte
1186 1989 1370 2030 excipitur,
1399 1989 1558 2030 quoniam

248 2050 319 2082 eius
357 2060 467 2090 neque
506 2050 576 2081 ulla
609 2056 682 2081 erat
710 2052 801 2091 ,apud
840 2051 1068 2083 Hannibalem
1104 2051 1314 2092 exspectatio
1349 2060 1457 2090 neque
1491 2051 1562 2081 ulla

246 2113 335 2153 apud
371 2113 502 2144 Livium
535 2113 569 2143 in
606 2113 834 2153 superioribus
873 2113 1074 2153 significatio
1116 2118 1182 2151 cst3
1222 2122 1329 2153 neque
1367 2112 1430 2143 vis
1462 2112 1561 2143 Fabii

247 2183 322 2204 cum
361 2174 540 2215 prudentia
579 2175 674 2214 quasi
721 2175 823 2205 animi
864 2175 1010 2216 qualitas
1054 2175 1167 2214 aliqua
1206 2175 1394 2215 comparari
1432 2179 1559 2215 potest;

249 2244 418 2275 quumque
455 2242 486 2266 et
519 2245 561 2266 ex
597 2242 667 2266 tota
693 2238 861 2268 sententia
897 2243 929 2267 ct
955 2246 997 2267 ex
1023 2236 1104 2277 ipsis
1131 2236 1241 2266 verbis
1268 2230 1558 2277 (prudentiam

249 2298 534 2338 extemplo..
564 2321 570 2327 .
600 2322 606 2328 .
639 2298 932 2329 constantiam
960 2298 1174 2329 hauddum
1205 2295 1426 2338 expertus)
1454 2296 1559 2326 mani-

248 2358 368 2390 festum
396 2359 450 2396 sit,
477 2368 550 2400 quae
576 2359 661 2389 iuter
679 2368 713 2390 se
741 2360 909 2390 contraria
935 2359 1132 2397 referantur,
1160 2369 1197 2390 ea
1213 2359 1457 2391 contrariorum
1475 2358 1561 2388 rela-

247 2420 293 2450 tio
318 2419 448 2451 tollitur
481 2427 513 2451 et
538 2421 752 2462 perturbatur
776 2421 842 2452 illis
879 2431 960 2452 nou
987 2422 1073 2452 vim.
1135 2421 1200 2453 Sed
1241 2421 1330 2462 quod
1369 2419 1559 2452 Gronovius

247 2487 407 2522 praeteroa
441 2482 641 2513 ductoris
674 2483 771 2514 scribi
802 2483 891 2518 vult,
930 2484 1020 2524 quod
1053 2484 1136 2515 nulli
1164 2485 1351 2525 superiores
1379 2482 1560 2512 dictatores

248 2543 334 2576 sint.
374 2543 572 2584 quibuscum
600 2544 725 2575 Fabius
763 2545 949 2586 comparari
976 2544 1099 2585 possit,
1135 2554 1201 2574 non
1228 2549 1308 2585 puto
1334 2542 1557 2575 necessarium

246 2614 328 2636 esse.
394 2605 540 2636 Novus
575 2606 663 2636 enim
695 2606 841 2636 dictator
874 2606 921 2636 sic
947 2606 1069 2636 dicitur
1088 2615 1195 2646 nuper
1220 2612 1361 2643 creatus7
1397 2610 1432 2636 ut
1457 2605 1557 2636 simul

247 2666 353 2696 subsit
379 2666 580 2705 significatio
607 2677 667 2708 pro
695 2667 770 2698 aliis
795 2667 1051 2707 magistratibus
1077 2667 1257 2697 substituti,
