1811 2925
213 106 290 137 Lib.
310 104 421 136 XLlI.
890 104 911 138 5
917 103 939 138 2
946 104 967 138 0

214 233 398 277 corrupta
432 226 557 264 oratio
589 230 647 261 est
674 227 693 269 ς
718 225 762 271 8;
795 223 920 260 editur
950 223 1074 259 enim:
1108 224 1288 272 Regem
1319 224 1376 260 ad
1406 237 1459 261 ea
1488 225 1641 273 primo

217 310 470 336 accensum
511 297 585 332 ira
623 294 951 332 inclementer
990 293 1234 339 locutum,
1277 295 1543 332 avaritiam
1573 307 1643 331 su-

216 369 537 419 perbiamque
558 365 798 404 Romanis
835 364 1151 401 obiicientem
1172 363 1486 414 frequenter,
1518 367 1644 415 quod

217 440 308 476 alii
347 451 491 487 super
535 438 664 475 alios
700 435 860 485 legati
896 435 1129 471 venirent
1171 437 1483 485 speculatum
1514 437 1645 474 dieta

215 510 451 557 factaque
501 522 614 554 sua.
658 507 783 556 quod
814 518 864 542 se
896 506 953 542 ad
984 512 1149 542 nutum
1180 506 1543 556 imperiumque
1570 520 1645 545 eo-

214 594 314 618 rum
347 579 507 616 omnia
537 579 700 615 dicere
730 589 782 613 ac
814 576 978 614 facere
1009 589 1192 625 aequum
1232 584 1515 623 censerent,
1558 583 1646 615 cett.

212 652 265 688 Et
278 652 398 696 locus,
433 663 509 699 quo
541 649 698 699 ponitur
715 647 942 684 adverbium
962 646 1191 696 frequent
1203 661 1255 693 er,
1286 654 1506 697 suspectum
1523 648 1562 684 id
1587 647 1646 685 fa—

214 723 276 768 cit,
308 729 345 759 et
375 721 584 764 sententia3
615 732 740 768 neque
772 718 885 764 enim,
917 718 1009 767 quid
1039 718 1262 767 frequenter
1296 733 1367 756 rex
1397 719 1549 765 dixerit.
1580 732 1647 756 ex-

215 794 392 843 ponitur.
424 793 491 830 sed
524 792 616 841 quid
648 791 687 827 in
718 802 795 826 una
827 790 1002 827 oratione
1036 791 1223 839 primum,
1259 791 1350 839 quid
1380 796 1647 839 postremum3

215 878 339 913 neque
372 870 498 910 recte,
530 875 615 912 quae
645 867 858 910 sequuntur
888 858 1037 911 (quod
1076 861 1161 898 alii
1192 874 1344 911 super
1375 861 1500 898 alios
1532 864 1649 906 cett.),

217 931 393 972 avaritiae
424 935 692 984 superbiaeque
723 931 972 969 accusatione
1000 933 1391 981 comprehenduntur.
1453 933 1499 969 In
1516 932 1648 970 codice

218 1020 289 1056 pro
320 1007 610 1055 frequenter
641 1004 822 1041 scribitur
854 1003 1178 1051 frequentem.
1244 1004 1372 1041 Nemo
1408 1003 1554 1052 peritus
1583 1016 1650 1040 ne-

218 1078 350 1127 gabit„
396 1077 548 1114 Livium
580 1075 798 1124 scripsisse:
848 1074 1113 1111 avaritiam
1147 1075 1530 1123 superbiamque
1561 1076 1651 1112 Ro-

217 1149 375 1186 manis
428 1147 746 1184 obiicientem
797 1147 1212 1197 querentcmque,
1273 1145 1397 1193 quod
1445 1145 1534 1181 alii
1579 1151 1652 1183 cet.

218 1221 320 1267 Que
352 1219 494 1256 excidit
525 1225 613 1254 ante
654 1218 791 1265 quod.
865 1216 1178 1266 Speculatum
1223 1216 1472 1265 Kreyssigius
1510 1217 1653 1265 posuit,

219 1304 334 1339 quum
365 1291 403 1327 iu
429 1289 560 1326 codice
593 1294 694 1325 esset
715 1289 974 1337 speculati.
1009 1287 1152 1335 (Οτι-γη.
1177 1294 1213 1323 et
1234 1287 1349 1323 ceteri
1373 1287 1651 1336 speculari.)

218 1362 386 1410 Propius
417 1360 533 1409 paulo
568 1366 625 1396 est
662 1359 984 1408 speculaturi.
1043 1358 1155 1401 XLI.
1197 1359 1255 1402 19.
1294 1360 1338 1394 ‘10
1370 1371 1441 1406 pro
1476 1371 1655 1408 expug-

218 1432 382 1469 naturi
423 1432 547 1468 codex
587 1433 703 1469 habet
746 1430 1038 1480 expugnari3
1085 1429 1238 1473 XLIV,
1271 1431 1315 1474 9,
1351 1431 1397 1465 10
1431 1430 1515 1468 cod.
1546 1442 1654 1478 pro-

218 1516 434 1552 gressus3
476 1503 669 1553 Grynaeus
700 1510 804 1540 recte
835 1513 1204 1551 progressurus.
1264 1500 1395 1537 Etiam
1428 1500 1581 1542 XLIV,
1615 1504 1652 1537 4.

228 1577 269 1611 11
291 1575 633 1612 lVeissenbornius
655 1582 758 1611 recte
779 1582 1184 1622 transgressurus
1201 1584 1272 1620 pro
1294 1578 1654 1619 transgressus,

221 1646 347 1683 Paulo
395 1653 484 1695 post
530 1649 548 1691 ξ
593 1648 634 1682 11
679 1645 923 1682 scribendum
957 1650 1033 1680 est:
1083 1642 1130 1678 Si
1162 1655 1336 1678 novum
1372 1641 1547 1679 foedus
1578 1654 1650 1679 se—

222 1731 325 1754 cum
358 1718 525 1754 facere
556 1716 764 1764 vellent,
797 1714 1064 1751 convenire
1094 1714 1229 1763 prius
1261 1713 1316 1749 de
1347 1712 1653 1750 condicioni-

222 1790 308 1825 bus
356 1790 554 1826 debere:
602 1789 691 1833 (hoc
736 1786 945 1836 separatim
989 1792 1176 1833 tanquam
1218 1791 1333 1833 caput
1374 1784 1428 1821 rei
1462 1784 1654 1833 poniturg)

224 1861 260 1896 si
292 1861 336 1897 in
369 1861 576 1896 animum
608 1859 919 1895 inducerent.
954 1864 999 1892 ut
1039 1869 1095 1892 ex
1126 1869 1255 1904 aequo
1286 1855 1463 1892 foedus
1494 1854 1653 1897 fieret,

223 1938 267 1967 et
298 1945 347 1968 sc.
378 1931 595 1968 visurum
629 1936 699 1966 cet.
766 1927 878 1975 (Cod.
912 1928 1124 1967 deberet.
1158 1927 1243 1964 edd.
1275 1927 1466 1968 debere,
1494 1932 1549 1968 et,
1581 1925 1653 1973 si.)

223 2004 412 2039 Extremo
448 2001 572 2050 capite
604 1999 699 2050 (14)
722 2013 856 2048 nuper,
887 1999 1029 2035 codicis
1061 1998 1201 2034 mendo
1234 2003 1431 2038 revoc-am,
1462 1996 1652 2033 sententia

225 2081 261 2109 et
295 2074 420 2110 oratio
453 2074 506 2109 sic
530 2079 711 2119 corrupta
741 2077 815 2107 est:
847 2070 1046 2106 litteras
1078 2069 1205 2105 mitti
1235 2066 1522 2104 consulibus
1553 2067 1654 2115 pla-

224 2144 337 2188 enit,
369 2151 429 2187 utqv
461 2150 571 2179 uter
601 2155 716 2178 eoru
732 2155 767 2177 m
801 2148 928 2177 esset
961 2139 1135 2183 (conqu
1169 2145 1233 2175 aut
1268 2136 1418 2187 quidsi),
1449 2138 1651 2174 Romam

225 2214 279 2250 ad
323 2215 646 2262 magistratus
685 2213 925 2248 creandos
963 2211 1169 2247 veniret.
1262 2211 1380 2246 Recte
1427 2208 1653 2246 Gronovius

225 2284 418 2333 ceterique
444 2290 626 2333 posset.
692 2283 811 2319 Esse
842 2296 913 2331 pro
944 2294 1089 2331 posse
1119 2281 1298 2318 scribitur
1320 2280 1356 2316 in
1388 2280 1519 2316 codice
1536 2280 1652 2316 etiam

224 2369 254 2391 c.
293 2357 351 2394 12.
384 2356 421 2399 2,
453 2361 579 2390 esset
608 2366 678 2402 pro
710 2361 874 2402 posset
907 2367 938 2391 c.
971 2355 1035 2397 36„
1069 2354 1104 2390 3.

337 2424 433 2474 Cap.
466 2426 528 2461 26.
590 2425 635 2460 In
674 2426 747 2461 hoc
786 2425 912 2473 capite
953 2423 1151 2471 complura
1183 2421 1424 2458 emendanda
1455 2426 1555 2466 suut,
1586 2421 1656 2457 mi-

225 2509 321 2532 nora
350 2495 446 2533 alia.
494 2495 569 2531 alia
600 2495 717 2544 paulo
750 2495 910 2531 maiora.
988 2494 1161 2531 Primum
1199 2492 1323 2541 ipsum
1355 2491 1503 2528 initium
1538 2491 1655 2528 attin-

225 2566 390 2615 gendum
429 2573 483 2602 est
518 2566 554 2613 (ξ
592 2568 603 2601 1
644 2572 680 2601 ct
713 2564 783 2613 2):
822 2566 983 2614 Magis
1015 2577 1034 2600 c
1067 2576 1162 2612 rep.
1194 2563 1353 2599 visum
1386 2567 1505 2606 crat,
1536 2574 1655 2598 com-

226 2636 366 2685 primi
399 2649 451 2673 ac
483 2636 661 2673 sedari
694 2642 1029 2683 exasperatos
1065 2634 1288 2682 Ligure-S,
1321 2645 1461 2681 quum
1501 2633 1654 2670 Mace-
