1811 2925
857 150 906 186 73
1375 146 1450 177 Lib.
1480 145 1543 175 111.

284 273 414 322 *Cap.
450 275 512 319 23,
542 277 576 310 7.
638 274 826 310 Extrema
856 272 967 308 huius
1004 271 1140 320 capitis
1171 282 1262 319 pars
1304 270 1357 306 sic
1398 269 1592 317 interpun—

171 345 298 393 genda
351 352 424 380 est:
483 344 661 381 Eodem
715 356 838 380 anno
894 342 1110 378 descisse
1160 341 1409 383 Antiates,
1470 339 1594 388 apud

171 415 434 464 plerosque
465 422 689 451 auctores
720 413 934 450 invenio:
967 413 1011 449 L.
1030 411 1307 449 Cornelium
1340 412 1384 448 id
1416 410 1591 447 bellum

171 486 385 535 gessisse
415 486 741 535 oppidumque
775 484 976 533 cepisse.
1039 482 1231 519 Certum
1263 482 1517 518 affirmare
1542 502 1594 506 ———

172 569 262 592 non
294 556 458 592 ausim.
519 556 660 593 Omnia
689 557 770 592 haee
801 555 903 604 apud
933 555 1138 603 plerosque
1170 555 1257 597 (hoc
1288 558 1356 595 est.
1387 558 1427 588 ut
1462 551 1593 588 Livius

171 627 244 663 hoc
276 627 467 663 vocabulo
498 627 635 672 utitur,
666 640 742 663 non
773 629 936 675 paucos)
969 632 1146 662 auctores
1176 625 1393 666 invenerat3
1435 622 1481 657 de
1512 634 1593 658 om-

171 698 283 734 nibus
319 705 461 734 certam
494 697 789 733 affirmationem
822 696 992 740 cohibet,
1032 696 1134 744 quod
1167 695 1229 731 alii
1262 695 1467 742 scriptores
1497 706 1594 742 prae-

171 769 447 806 tex—mittebant.
520 768 650 815 Vulgo
681 767 734 803 sic
766 767 956 812 scribitur7
987 774 1171 815 tanquam
1204 765 1455 802 defectionem
1491 764 1593 813 apud

172 847 349 876 auctores
383 845 725 875 commemoratam
758 838 964 882 invenerit„
1007 838 1054 873 de
1088 838 1132 875 L.
1166 836 1346 874 Cornelio
1385 843 1419 871 et
1451 835 1594 884 oppido

171 917 286 959 capto
319 916 422 958 (quae
452 909 517 945 ubi
548 907 792 957 inveneratJ)
823 908 1019 944 affirmare
1050 921 1126 944 non
1153 908 1305 943 audeat.
1356 908 1432 944 Res
1455 906 1595 955 pusilla

172 988 247 1026 est3
278 981 345 1017 sed
377 981 557 1029 quoniam
584 979 678 1016 talia
708 980 818 1016 nobis
849 980 1077 1028 corrigenda
1100 979 1231 1015 relicta
1253 985 1352 1022 sunt,
1383 991 1430 1014 nc
1452 977 1490 1013 in
1511 977 1594 1013 aliis

171 1053 324 1101 quidem
364 1052 458 1088 loeis
501 1051 630 1099 magni
670 1050 852 1099 ponderis
893 1062 975 1086 esse
1014 1051 1148 1095 debet.
1194 1049 1297 1097 quod
1327 1061 1438 1085 nemo
1470 1049 1594 1085 adhuc

170 1119 385 1168 offenditl).

283 1193 378 1242 Cap.
398 1194 461 1235 27.
486 1195 516 1236 1,
547 1192 619 1227 uisi
647 1192 745 1240 quis'
762 1191 1096 1236 demonstraverit.
1128 1191 1294 1233 Livium.
1327 1191 1373 1226 de
1393 1190 1593 1238 Quinctiis,

172 1264 324 1307 Fabiis,
357 1263 530 1306 Manliis.
568 1262 695 1298 Furiis
727 1269 968 1308 narrantem,
998 1262 1199 1311 patriciam
1233 1261 1417 1309 originem
1450 1261 1594 1297 bellieae

171 1335 303 1371 virtuti
333 1334 566 1370 contrariam
592 1339 761 1381 putasse.
792 1334 944 1382 negabo
970 1346 1055 1369 euni
1089 1333 1142 1368 ita
1168 1333 1384 1380 scripsisse:
1418 1333 1462 1370 L.
1480 1334 1514 1369 'l'
1526 1346 1547 1368 a
1559 1346 1594 1368 r—

174 1406 397 1454 quitium.
445 1404 664 1453 patriciae
701 1404 879 1452 gentis.
922 1403 1003 1439 sed
1036 1404 1133 1451 qui.
1180 1416 1318 1450 quum
1349 1404 1595 1452 stipendia

172 1476 376 1525 pedibus
406 1482 609 1524 propter
640 1481 980 1523 paupertatem
1011 1474 1232 1510 fecisset.
1279 1475 1407 1510 bello
1436 1482 1594 1511 tamen

173 1547 353 1594 primus
394 1547 535 1594 longe
567 1547 788 1582 Romanae
830 1545 1101 1581 iuventutis
1144 1545 1341 1580 habitus
1373 1552 1520 1586 esset.
1560 1552 1595 1581 et

172 1616 264 1652 illud
294 1616 533 1664 gentisset
567 1616 635 1661 (sic
667 1616 765 1651 enim
797 1615 833 1651 iu
866 1615 996 1652 codice
1026 1616 1236 1663 archetypo
1267 1616 1523 1663 scribebatur)
1547 1628 1595 1651 ex

171 1686 331 1735 gentis
365 1694 405 1723 et
437 1687 571 1722 littei-ze
602 1700 618 1723 s
652 1687 910 1733 geminatione
934 1693 1060 1722 ortum
1081 1687 1219 1732 dicam,
1252 1687 1354 1735 quod
1381 1687 1417 1722 in
1435 1687 1551 1722 Voss.
1576 1689 1586 1721 1

173 1757 330 1805 legitur.
377 1765 477 1793 recte
515 1757 770 1792 emendatum.
850 1757 996 1802 Video.
1043 1771 1119 1806 quo
1150 1765 1306 1794 utantur
1337 1757 1516 1793 artificio.
1556 1763 1595 1792 ut

173 1828 255 1864 sed
288 1828 427 1864 dietum
460 1834 615 1875 putetur
644 1835 803 1875 propter
831 1828 1058 1876 interposita
1089 1828 1153 1864 illa
1178 1828 1224 1864 de
1249 1828 1415 1877 pedestri
1441 1827 1594 1871 militia3

174 1899 239 1934 sed
258 1912 380 1947 neque
402 1900 437 1935 id
460 1899 496 1934 iu
519 1899 591 1934 lna(-
614 1899 799 1934 orationis
821 1899 947 1934 forma
963 1898 1065 1946 (sed
1097 1899 1196 1947 qui,
1229 1911 1366 1946 quum
1391 1920 1452 1936 —.
1479 1898 1594 1946 pede-

174 1970 261 2005 stris
305 1970 446 2006 militiae
488 1970 681 2005 mentione
723 1977 807 2017 post
849 1970 1001 2005 demum
1047 1969 1301 2017 interposita.)
1346 1969 1518 2017 procedit
1559 1976 1592 2004 et

174 2040 303 2076 onmia
335 2040 384 2075 ab
414 2039 521 2076 initio
561 2040 750 2088 pertinent
783 2040 831 2076 ad
862 2040 1154 2078 declarandum.
1202 2039 1293 2087 quid
1322 2039 1358 2074 in
1390 2039 1594 2087 Tarquitio

174 2111 328 2159 dignum
362 2118 467 2146 tanto
499 2112 644 2147 honore
674 2110 798 2155 fuerit.
831 2124 905 2146 nou
934 2111 982 2146 ad
1004 2111 1054 2153 id.
1085 2110 1187 2157 quod
1216 2110 1449 2146 eontrarium
1472 2111 1593 2146 videri

267 2302 447 2332 indicativo
474 2302 632 2338 haberet,
672 2309 850 2342 peccate
877 2302 1018 2342 scripsit.
1093 2301 1297 2332 Pecectis
1334 2303 1366 2332 iu
1400 2302 1594 2343 simpliciter

269 2364 415 2394 iubendo
449 2364 728 2405 exhortandoque
763 2374 871 2404 neque
905 2373 965 2404 per
996 2373 1031 2393 se
1062 2363 1183 2394 Latine
1223 2364 1345 2394 dieitur
1377 2373 1485 2403 neque
1523 2364 1593 2394 ullo

268 2426 368 2456 modo
394 2426 466 2456 haec
493 2426 644 2467 copulari
672 2433 827 2466 possunt:
860 2425 1092 2455 imitamini
1122 2443 1159 2446 —
1190 2431 1228 2455 et
1253 2426 1458 2466 peccetis.

200 2499 232 2542 ¹)
268 2503 317 2533 De
347 2515 374 2533 e.
404 2507 463 2533 ⁶24.
495 2506 534 2532 10
562 2503 632 2532 dixi
660 2501 785 2542 Opuse.
813 2502 923 2532 Acad.
951 2500 986 2531 II
1020 2511 1051 2541 p.
1080 2505 1141 2531 221
1173 2502 1346 2542 secutique
1381 2507 1457 2532 sunt
1482 2500 1593 2531 XVeis-

269 2565 468 2596 senbornius
495 2571 527 2595 et
553 2564 723 2595 Hertzius.
765 2563 819 2593 ille
847 2570 959 2593 tamen
987 2567 1116 2593 tentata
1146 2563 1261 2603 aliqua
1288 2563 1464 2604 pravitatis
1491 2572 1594 2593 excu-

269 2627 415 2658 satione.
443 2628 483 2657 dc
510 2636 576 2667 qua
602 2626 671 2656 dixi
699 2626 731 2655 in
763 2624 960 2666 praesatione
987 2625 1216 2663 grammaticae
1244 2624 1373 2655 Latinae
1400 2625 1532 2655 tertium
1561 2625 1593 2654 in

269 2688 449 2719 Germania
475 2687 573 2718 editae
598 2698 628 2728 p.
655 2687 733 2718 XII.
