1811 2925
799 156 870 192 169
1292 153 1366 184 Lib.
1395 153 1491 184 vlu.

122 283 296 332 legimuS‚
326 281 387 318 hic
409 278 616 317 Publilium
634 279 821 315 habemus
849 277 940 314 iam
971 276 1294 313 imminentem
1327 278 1537 314 hostium

123 353 273 390 muris
316 364 402 388 cum
440 361 524 398 spe
555 348 804 397 capiendae
847 347 1006 384 indies
1053 347 1204 386 urbis,
1286 348 1419 395 Atque
1466 348 1539 384 hoc

123 436 240 473 quum
271 428 407 472 sponte
451 419 723 457 intellexissem
754 420 809 456 ita
840 430 943 463 esse,
982 418 1108 455 codex
1146 418 1315 455 omnium
1360 418 1539 466 optimus,

123 494 341 538 Mefficeus,
381 491 585 529 manifesto
631 497 667 527 ct
697 490 800 527 haud
845 489 962 526 dubio
993 489 1133 526 indicio
1163 502 1244 526 rem
1275 489 1539 534 confirmavit3

122 578 211 602 nam
242 565 280 601 in
311 577 369 609 eo,
389 562 541 600 omissis
559 561 688 598 verbis
721 561 881 598 ituros
911 572 1020 596 esse
1050 560 1444 609 respondissent,
1487 560 1540 596 sic

122 636 244 672 verba
284 635 364 671 sine
406 634 485 670 ulla
514 640 607 670 nota
637 632 924 669 continuantur:
966 643 1059 679 quo
1097 630 1422 679 imperatores
1466 630 1540 667 sui

123 705 377 742 duxissent
425 705 515 741 iam
554 702 821 747 Publilium
873 703 911 739 in
950 701 1124 751 margine
1165 713 1302 738 manus
1352 701 1542 737 recentior

123 776 326 825 adscripsit
358 776 516 812 ituros
548 787 595 811 se
626 774 1019 823 respondissent.
1089 772 1193 819 Quid
1223 784 1315 820 ergo
1347 771 1430 808 est?
1494 772 1538 808 In

123 847 255 884 codice
290 847 501 896 archetypo
531 845 664 882 folium
697 844 961 889 interciderat,
1003 844 1041 880 in
1073 856 1150 892 quo
1181 849 1218 880 et
1248 850 1420 880 extrema
1449 854 1540 892 pars

122 918 272 966 periodi
302 931 326 954 a
354 917 481 953 verbis
512 915 685 965 Legati
732 916 1058 952 Romanorum
1090 927 1226 962 quum
1258 914 1471 962 incipientis
1504 920 1541 950 et

123 990 294 1038 reliqua,
337 1001 422 1037 quae
451 986 662 1024 desiderari
693 985 798 1030 dixi,
842 985 1058 1035 perscripta
1102 991 1229 1029 erant3
1275 984 1324 1021 ad
1356 984 1540 1021 orationis

121 1061 268 1098 hiatum
312 1067 503 1107 utcunque
545 1057 814 1094 occultandum
848 1056 923 1093 tria
951 1055 1017 1092 illa
1046 1056 1167 1092 verba
1197 1055 1236 1091 in
1266 1055 1407 1092 codicis
1457 1055 1541 1091 Me-

122 1131 219 1168 dicei
249 1133 303 1177 (et
333 1130 499 1167 fortasse
529 1128 607 1165 iam
637 1128 676 1164 in
705 1127 826 1176 ipsius
856 1127 1079 1176 archetypi,
1120 1125 1225 1163 facto
1266 1124 1348 1162 folii
1379 1125 1541 1175 damno)

122 1203 295 1251 margine
326 1201 512 1238 adnotata
542 1206 641 1243 sunt,
671 1199 709 1234 in
740 1198 871 1234 codice
901 1206 1029 1234 autem
1059 1198 1094 1234 P
1115 1203 1153 1233 et
1184 1196 1319 1233 ceteris
1349 1197 1388 1233 in
1417 1197 1539 1246 ipsam

123 1273 335 1310 orationem
362 1277 529 1320 recepta.
595 1270 641 1306 In
678 1269 777 1305 tristi
805 1269 962 1305 invento
993 1268 1059 1315 (ad
1092 1269 1196 1316 quod
1227 1269 1389 1304 alterum
1419 1268 1542 1305 simile

121 1344 160 1381 in
193 1343 291 1380 libro
321 1342 385 1379 IX
417 1343 526 1382 039,
548 1343 570 1377 4
591 1338 827 1388 adiungitur)
845 1340 918 1375 hoc
948 1339 1083 1376 saltem
1117 1345 1174 1376 est
1207 1339 1318 1384 boni,
1348 1339 1451 1386 quod
1480 1338 1542 1375 hic

123 1427 278 1463 quoque
309 1412 574 1462 cognoscitur5
618 1418 801 1459 quantum
834 1408 968 1446 ceteris
1002 1408 1197 1446 codicibus
1228 1408 1342 1444 etiam
1374 1408 1539 1444 auctori-

126 1492 205 1522 tate
235 1484 421 1533 proximis
459 1483 501 1519 M
530 1478 739 1531 praestet.¹)

240 1554 337 1603 Cap.
380 1555 452 1594 24,
496 1556 514 1589 7
558 1553 640 1595 (ubi
671 1551 888 1590 Alexandri
926 1551 1096 1599 Epirotae
1126 1549 1300 1585 interitus
1330 1550 1546 1596 narratur):

130 1626 316 1663 Imbres
355 1623 575 1661 continui
613 1624 795 1672 campis
826 1622 1048 1659 omnibus
1078 1621 1374 1657 inundantes
1406 1632 1548 1668 quum

129 1695 534 1733 interclusissent
568 1694 818 1731 trifariam
864 1692 1134 1730 exercitum
1166 1698 1238 1727 cet.
1296 1692 1447 1727 Arnum
1477 1691 1547 1727 flu-

129 1768 232 1804 vium
264 1767 491 1811 inundasse,
523 1767 595 1802 hoc
629 1773 698 1811 est,
729 1766 834 1814 ripas
865 1771 1146 1812 transgressum
1189 1768 1390 1810 stagnasse
1421 1761 1548 1809 (inun-

130 1838 323 1875 dationem
355 1837 530 1884 fecisse),
576 1837 708 1874 Livius
740 1836 915 1872 absolute
945 1834 1042 1871 dixit
1086 1834 1241 1876 XXII,
1273 1833 1318 1876 23
1366 1833 1549 1881 campis

130 1909 366 1945 inundare
395 1921 466 1956 pro
501 1921 572 1945 eo.
606 1907 709 1956 quod
742 1914 799 1943 est
829 1917 1023 1954 campos
1066 1904 1304 1941 inundare
1342 1903 1463 1951 (quod
1491 1903 1549 1939 bis

157 2127 188 2171 ²)
224 2130 355 2162 Eodem
384 2140 456 2171 cap.
483 2130 501 2170 ξ
531 2134 570 2161 15
598 2130 843 2161 restituendum
877 2128 1091 2165 necessario,
1130 2126 1219 2167 quod
1262 2136 1368 2167 usque
1411 2127 1453 2157 ad
1486 2124 1548 2157 Al-

227 2192 436 2224 schefskium
469 2192 596 2222 editum
633 2197 684 2222 est
724 2191 1020 2232 (confirmantibus
1060 2190 1143 2221 PHl
1179 2189 1403 2220 deterioribus
1429 2188 1548 2229 pleris-

228 2253 307 2296 que)
334 2254 547 2294 scriptum
574 2262 688 2290 esse,
724 2263 784 2294 pro
819 2262 886 2292 quo
923 2261 1011 2283 nunc
1042 2251 1152 2281 editur
1181 2251 1395 2291 scriptum
1439 2257 1551 2282 essct

228 2314 346 2355 (MLl.
373 2315 456 2346 Lov.
483 2319 513 2350 2,
542 2319 573 2351 4,
599 2313 722 2354 fragm.
749 2313 921 2354 Haverc.).
972 2312 1055 2343 Tria
1080 2313 1207 2344 tribuni
1235 2313 1278 2343 ad
1305 2322 1470 2353 augurum
1494 2313 1552 2343 de-

230 2383 356 2407 cretum
394 2377 426 2407 iu
455 2377 682 2418 suspicionem
717 2382 749 2407 et
775 2377 898 2407 crimen
925 2375 1114 2405 vocandum
1141 2373 1349 2410 afferebant,
1377 2374 1468 2415 quod
1494 2383 1554 2415 per

230 2448 264 2470 sc
289 2439 427 2469 omuino
467 2437 602 2468 difficle
638 2437 759 2470 fuisset
790 2439 907 2469 vitium
935 2436 1128 2467 huiusmodi
1154 2436 1269 2467 nosci.
1305 2435 1396 2476 quod
1435 2434 1553 2466 consul

229 2500 314 2531 nihil
340 2501 380 2530 de
407 2509 448 2530 ea
474 2509 508 2530 re
535 2500 748 2541 scripsisset.
776 2499 865 2540 quod
892 2508 993 2530 nemo
1021 2498 1106 2529 alius
1131 2498 1224 2529 testis
1250 2503 1348 2527 esset.
1413 2494 1552 2526 Nosci

231 2563 272 2592 ad
309 2562 416 2603 ipsam
442 2562 475 2592 in
502 2562 714 2592 observando
752 2560 1080 2591 animadversionem
1118 2559 1284 2600 pertinet.
1319 2567 1387 2588 non
1414 2557 1456 2588 ad
1482 2565 1552 2587 rem

232 2624 415 2663 auguribus
440 2625 642 2660 indicatam;
668 2622 816 2663 alioquin
830 2621 1044 2652 scribendum
1061 2620 1180 2652 fuisset
1199 2620 1321 2651 etiam:
1341 2629 1417 2651 nec
1444 2619 1554 2660 quis-

233 2695 354 2726 quam
381 2684 639 2716 mortalium
665 2688 866 2714 exstaret
890 2689 954 2714 cet.
