1811 2925
877 135 954 170 364

208 254 412 302 permulta.
472 254 615 290 Nescio
638 259 767 290 tamen
799 268 847 291 an
877 256 970 291 nihil
999 257 1047 292 ad
1078 262 1198 292 totam
1239 270 1317 293 rem
1351 257 1622 293 declarandam

208 325 321 360 etad
353 324 652 369 ostendendum,
698 338 813 373 quam
858 338 906 361 ex
949 326 1089 373 pusilla
1129 327 1274 374 origine
1315 340 1422 363 error
1451 338 1551 375 saepe
1585 328 1623 363 in

207 395 417 443 archetypo
449 395 747 443 Bambergensis
779 403 815 432 et
845 396 1059 444 vulgarium
1092 402 1196 432 ortus
1225 403 1469 445 pervagetur„
1500 398 1624 445 magis

206 465 448 513 perspicuum
484 466 532 501 sit
564 478 677 512 quam
711 467 813 514 qnod
844 467 881 502 in
912 467 1115 511 XXXIV,
1159 469 1220 511 57,
1255 468 1275 503 8
1308 468 1458 504 accidit.
1518 470 1622 505 Nam

208 547 324 582 quum
356 535 488 571 Livius
521 536 746 584 scripsisset,
779 538 881 585 quod
910 537 948 572 in
979 536 1207 584 Moguntino
1236 543 1430 574 servatum
1463 545 1536 575 est:
1568 552 1623 575 ex

206 604 521 642 FORMULA
552 606 693 650 iuris„
726 620 773 643 ex
809 609 841 644 F
872 614 1002 643 natum
1035 613 1104 650 est,
1134 613 1175 642 ut
1205 607 1424 655 saepissime,
1455 609 1489 645 E
1522 610 1622 645 duae-

207 688 281 723 que
328 675 464 711 littcrae
504 677 713 724 separatim
755 684 933 726 acceptae„
974 690 1044 721 θος
1087 683 1166 712 tum
1211 690 1258 712 ex
1301 678 1473 723 rmula,
1520 680 1622 726 quod

205 746 390 789 restabat,
422 745 565 781 factum
591 752 648 782 est
678 747 816 783 simul
850 760 883 786 at
910 749 1010 795 qnod
1045 749 1114 794 (ex
1145 760 1199 783 eo
1230 747 1370 783 simul
1402 748 1441 796 a)
1472 750 1623 785 codices

206 815 374 852 Palatini
417 822 455 851 et
499 817 666 864 quinque
706 818 1016 854 Drakenborchii
1064 818 1229 863 liabent3
1283 819 1443 854 accessit
1487 819 1624 855 deinde

207 886 435 922 emendandi
466 893 637 931 conatus,
680 901 734 923 ex
766 900 896 936 aequo
939 894 1012 925 (ex
1044 887 1196 936 equo),
1248 887 1371 924 deleto
1404 900 1443 932 εις
1482 889 1623 924 codicis

208 957 503 1003 Bambergensis
535 957 734 1004 librarius,
777 965 818 994 ut
857 959 946 994 alibi
989 971 1141 1007 quoquc
1183 957 1276 993 facit
1308 958 1511 1004 interdurm
1550 972 1622 1007 pro

206 1026 395 1074 corruptis
437 1039 600 1063 vacuum
645 1029 810 1076 spatium
852 1029 1015 1076 reliquit.
1095 1030 1227 1076 Atque
1267 1028 1327 1065 hic
1357 1029 1464 1065 locus
1495 1035 1623 1065 tamen

205 1097 317 1132 simul
366 1097 427 1133 vel
476 1110 572 1133 nnus
616 1099 709 1134 satis
753 1099 989 1143 declararet,
1035 1099 1215 1148 vulgares
1260 1099 1409 1135 codices
1454 1112 1530 1135 non
1576 1113 1623 1136 ex

206 1167 484 1215 Bambergensi
526 1168 609 1216 ipso
653 1175 757 1205 ortos
806 1170 1076 1218 degeneras-sm
1135 1181 1259 1216 neque
1290 1169 1387 1205 enim
1421 1183 1469 1205 ex
1498 1183 1621 1206 vacuo

205 1238 330 1286 spatio
365 1238 431 1274 illa
467 1251 521 1274 ex
553 1251 604 1273 eo
637 1239 777 1274 simul
819 1252 841 1275 a
873 1246 937 1275 aut
969 1252 1025 1276 ex
1057 1252 1176 1287 equo
1208 1240 1346 1276 simul
1375 1240 1483 1276 nasci
1510 1246 1622 1288 potu-

206 1316 333 1353 erunt;
365 1309 431 1344 sed
462 1309 562 1344 idem
594 1309 791 1345 declarant
830 1314 986 1357 (praeter
1017 1309 1261 1345 omissionem
1293 1310 1377 1346 libri
1408 1310 1620 1352 XXXIII)

206 1379 445 1426 apertissime
489 1392 563 1414 non
607 1379 719 1427 plura
759 1380 796 1415 in
839 1379 1062 1427 vulgaribus
1111 1392 1226 1427 quam
1266 1379 1303 1415 in
1342 1381 1620 1429 Bambergensi

207 1449 349 1484 omissa
398 1453 505 1493 (nam
549 1462 594 1485 ea
631 1456 720 1498 post
750 1450 925 1485 excidere
955 1448 1182 1497 potuerunt)
1221 1455 1286 1485 aut-
1324 1450 1473 1486 adiecta
1506 1451 1623 1486 inter-

206 1519 352 1567 polatio
387 1526 446 1561 (ut
479 1520 682 1565 XXXIV,
715 1521 778 1564 22,
811 1521 832 1555 2
865 1533 935 1568 pro
967 1520 1116 1555 ceteri
1154 1520 1331 1555 omisso
1362 1520 1490 1556 bello
1521 1520 1558 1556 in
1590 1521 1623 1556 R

207 1590 384 1626 scribitur
419 1590 567 1626 ceteri
607 1591 772 1635 misso,
815 1591 853 1626 in
886 1590 1110 1638 vulgaribus
1142 1590 1291 1626 ceteri
1323 1590 1513 1632 omnes).
1545 1591 1623 1634 sed,

207 1673 254 1696 ne
286 1660 361 1696 alia
392 1661 592 1696 corradani
625 1661 777 1705 indicia,
807 1661 998 1708 permulta
1018 1661 1056 1696 in
1078 1660 1110 1696 B
1132 1660 1192 1695 hic
1222 1660 1297 1695 illic
1320 1661 1463 1697 omissa
1492 1662 1623 1701 verba.

208 1743 292 1777 quae
323 1731 501 1778 vulgares
531 1737 633 1766 recte
675 1737 824 1775 tenent5
855 1738 896 1766 ut
926 1731 1129 1770 XXXIV,
1181 1734 1239 1768 14.
1288 1732 1308 1766 3
1344 1728 1453 1779 (feci
1498 1732 1625 1767 inter

206 1801 331 1848 spatio
365 1813 489 1836 vacuo
522 1801 693 1848 relicto),
735 1803 797 1845 27,
847 1803 866 1837 8
911 1801 1098 1845 (citui-Q
1148 1802 1251 1837 nullo
1286 1802 1451 1849 spatio),
1503 1803 1567 1838 29.
1602 1805 1620 1838 7

208 1871 349 1913 (eius,
393 1871 518 1918 spatio
570 1870 731 1917 relicto),
780 1873 843 1914 31,
897 1874 938 1907 17
989 1871 1170 1917 (nihil),
1215 1872 1278 1914 32,
1315 1873 1336 1907 9
1389 1872 1622 1919 (eduntur.

206 1940 332 1988 spatio
363 1941 529 1984 relicto).
577 1942 646 1982 39,
684 1942 705 1976 2
739 1942 883 1987 (decem
916 1942 1047 1981 verba,
1082 1941 1185 1976 nullo
1217 1941 1372 1988 spatio).
1432 1943 1622 1990 Apparet,

206 2010 348 2046 codicis
380 2012 676 2059 Bambergensis
708 2012 895 2057 scribam,
941 2023 1057 2058 quum
1089 2011 1257 2046 codicem
1290 2024 1374 2047 cum
1405 2013 1622 2060 vulgarium

207 2079 379 2128 principe
411 2089 616 2128 cognatum
649 2088 714 2118 aut
748 2082 828 2118 eius
865 2094 1018 2129 qnoque
1050 2087 1245 2129 parentem
1279 2088 1513 2129 sequeretur,
1547 2083 1623 2118 alia

207 2162 319 2197 saepe,
353 2162 435 2197 quae
466 2152 592 2199 legere
623 2165 698 2188 non
730 2159 872 2200 posset,
904 2152 1089 2188 omisisse.
1120 2158 1254 2187 notata
1284 2152 1503 2194 omissione,
1535 2152 1622 2190 alia.

207 2227 248 2256 ut
285 2222 344 2259 fit,
382 2221 659 2269 imprudentem
706 2223 932 2271 praeterisse,
982 2234 1064 2269 quae
1109 2222 1145 2257 in
1191 2222 1405 2269 vulgarium
1452 2221 1623 2269 principe

206 2297 361 2326 servata
392 2292 476 2328 sint.
545 2292 691 2329 Contra
722 2293 759 2328 in
790 2292 1007 2341 vulgarium
1051 2292 1222 2340 principe
1257 2292 1385 2327 nescio
1424 2303 1500 2339 quo
1531 2303 1622 2327 casu

207 2361 398 2397 intercidit
428 2368 530 2398 totus
561 2363 656 2399 liber
701 2362 908 2399 XXXIII.
990 2360 1123 2397 Codex
1162 2361 1278 2409 igitur
1324 2361 1621 2408 Bambergensis

207 2432 352 2480 origine
383 2444 405 2467 a
434 2433 662 2481 Moguntino
693 2432 885 2469 seiunctus
927 2437 964 2466 et
1005 2443 1089 2466 cum
1135 2431 1357 2479 vulgaribus
1399 2430 1622 2466 coniunctus

206 2514 276 2537 nec
306 2503 355 2537 ab
385 2503 488 2538 omni
517 2503 614 2539 labis
659 2503 772 2538 etiam
819 2501 949 2548 gravis
996 2513 1079 2536 cum
1121 2501 1179 2536 his
1217 2501 1484 2536 communione
1514 2500 1622 2542 liber,

207 2583 442 2619 quamquam
473 2572 511 2607 in
544 2572 762 2607 universum
795 2572 1024 2620 Moguntino
1071 2571 1189 2613 cedit,
1233 2577 1383 2614 tamen,
1416 2570 1518 2617 quod
1562 2582 1622 2604 re-

208 2642 418 2677 centiorum
449 2640 553 2677 illam
587 2642 903 2689 depravationem
935 2640 1084 2679 vitavit,
1127 2640 1328 2688 locupletis
1358 2640 1465 2677 testis
1494 2640 1621 2676 locum
