1811 2925
266 137 341 169 Lib.
356 136 527 170 XXXIV.
932 136 1008 171 396

377 260 472 309 Cap.
506 262 542 304 4,
580 259 624 295 18
656 257 711 307 (in
742 256 1099 303 eademoratione):
1132 256 1267 293 Nunc
1297 256 1446 305 vulgo
1484 256 1674 292 alienos

266 332 398 367 istros
428 334 604 378 rogant
636 334 690 373 en
721 327 845 376 quod
875 327 1026 364 nudus
1057 327 1390 375 esmlegeuicn
1420 325 1676 374 suffragia

266 407 464 449 rogant,
513 406 554 437 et
596 413 619 436 a
650 398 1250 448 quibusdaniirnpetrant,
1289 397 1524 434 adversus
1557 403 1602 434 te
1632 404 1676 433 et

266 485 360 508 rem
391 477 517 508 tuam
549 477 593 508 et
624 471 810 507 liberos
838 477 945 506 tuos
975 467 1329 505 inexorabiles.
1388 468 1508 504 Plura
1537 468 1612 516 hie,
1644 467 1676 503 si

267 543 351 591 quis
381 543 582 591 diligenter
622 540 845 581 attenderit,
893 539 976 575 iure
1005 538 1220 583 offendent,
1257 538 1402 574 subitus
1442 538 1607 586 primum
1637 539 1675 575 in

268 614 402 651 eadem
448 613 607 662 periodo
647 612 695 648 ad
728 623 844 648 unum
877 610 1066 658 aliquem,
1098 609 1162 657 qui
1193 615 1306 645 antea
1337 608 1570 657 significatus
1599 622 1676 646 non

268 691 335 729 est,
367 683 640 732 alloquendum
674 681 868 725 transitus7
899 681 965 716 sed
987 680 1105 716 multo
1124 680 1246 728 magis
1266 680 1352 728 ipsa
1374 680 1578 725 sententia3
1610 693 1678 717 cur

268 755 366 791 enim
398 752 740 790 inexorabiles
766 752 943 788 mulieres
960 751 1213 800 appellantur,
1245 763 1328 798 quae
1358 750 1450 786 nihil
1479 758 1677 799 rogantur7

267 826 360 875 ipsae
378 825 474 862 alios
491 829 631 873 rogant
660 829 697 859 et
727 823 915 870 quosdam
947 821 1163 858 exorabiles
1178 820 1450 869 experiuntur?
1470 828 1507 857 et
1524 834 1590 858 cur
1610 822 1677 857 ad-

267 909 399 934 versos
414 897 568 941 liberos,
583 906 746 942 quorum
763 893 874 929 nullae
892 905 1024 942 preces
1045 893 1267 941 significatae
1282 898 1380 937 suut,
1394 891 1679 928 inexorabiles?

267 968 390 1016 Atqui
407 974 527 1003 totum
543 967 616 1002 hoc
649 964 987 1001 inexorabiles
1018 965 1055 1000 in
1074 963 1219 1012 optimo
1245 963 1375 999 codice
1397 963 1428 999 B
1446 976 1522 998 non
1546 969 1614 1007 est,
1640 962 1678 998 in

269 1052 345 1087 quo
360 1038 536 1074 omnibus
552 1036 725 1085 apicibus
740 1035 793 1071 sic
807 1035 1002 1071 scribitur:
1041 1064 1050 1073 ,
1069 1064 1078 1073 .
1104 1041 1149 1070 et,
1174 1047 1197 1070 a
1222 1033 1510 1081 quibusdam
1534 1033 1678 1081 impe-

268 1116 411 1147 trant.
466 1108 719 1146 Adversus
750 1113 793 1142 te
818 1112 862 1142 et
891 1119 984 1142 rem
1015 1112 1138 1141 tuam
1171 1111 1215 1140 et
1243 1104 1427 1140 liberos
1458 1111 1564 1139 tuos
1595 1116 1680 1139 ex—

270 1180 475 1217 orabilis
509 1191 570 1215 eS.
614 1179 829 1225 Postquam
861 1190 883 1212 a
914 1176 1142 1224 quibusdam
1161 1174 1258 1212 Cato
1292 1174 1467 1211 mulieres
1498 1175 1680 1223 impetra-

271 1265 325 1295 re,
357 1252 458 1299 quod
486 1255 642 1299 petant,
671 1248 779 1292 dixit,
810 1248 936 1284 subito
968 1247 1180 1283 orationem
1216 1246 1352 1282 avertit
1383 1246 1433 1281 ad
1462 1258 1578 1281 unum
1610 1244 1679 1281 ali-

271 1334 383 1370 quem
415 1333 462 1356 ex
491 1320 550 1356 his
581 1320 672 1356 viris
703 1318 881 1355 facilibus
904 1325 941 1353 et·
971 1317 1244 1361 exorabilibus,
1275 1317 1362 1352 etin
1375 1329 1482 1353 suum
1501 1329 1676 1352 suorum-

271 1405 344 1440 que
374 1393 555 1427 damnum
586 1390 821 1426 exorabilem
853 1401 938 1424 eum
971 1400 1054 1424 esse
1088 1387 1264 1427 ostendit.
1336 1387 1459 1423 Miror
1498 1393 1576 1422 tam
1614 1399 1679 1422 ne-

272 1462 491 1501 cessariam.
524 1468 601 1497 tam
634 1467 832 1509 apertam7
863 1468 942 1496 tam
973 1457 1166 1507 egregiam
1208 1458 1437 1506 scripturam
1467 1456 1681 1504 neglectam

272 1529 412 1578 esse.¹)

384 1602 480 1652 Cap.
514 1606 550 1651 5,
585 1605 606 1639 9
640 1603 693 1649 (in
725 1602 899 1639 oratione
930 1602 976 1639 L.
1010 1599 1169 1641 Valerii,
1199 1598 1407 1643 suadentis7
1439 1603 1479 1634 ut
1507 1597 1571 1633 lex
1602 1596 1683 1645 Op-

272 1676 337 1724 pia
366 1672 562 1723 tollatur):
602 1675 701 1710 Iam
734 1674 850 1709 urbe
881 1678 1024 1721 capta
1055 1684 1078 1706 a
1108 1669 1273 1707 Gallis
1308 1681 1397 1716 quo
1428 1668 1683 1716 redempta

274 1746 387 1782 urbs
418 1745 511 1782 est?
589 1745 769 1792 Nempe
800 1756 963 1779 aurum
993 1748 1219 1778 matronae
1360 1739 1405 1775 in
1434 1739 1682 1788 publicum

273 1815 601 1853 contulerunt.
671 1815 779 1851 Nihil
815 1813 988 1850 similiter
1018 1812 1200 1860 scriptum
1244 1823 1366 1858 neque
1397 1808 1499 1858 apud
1530 1808 1682 1845 Livium

273 1899 397 1935 neque
428 1886 530 1935 apud
561 1898 792 1933 quemquam
822 1885 963 1920 bonum
988 1883 1212 1931 scriptorem
1243 1881 1340 1929 legi,
1369 1886 1408 1916 ut
1439 1879 1477 1915 in
1504 1878 1683 1914 brevissi-

275 1971 337 1994 mo
377 1964 414 1994 et
452 1956 636 1993 facillimo
671 1955 855 1992 orationis
894 1954 1037 1990 ambitu
1073 1953 1282 1989 subiectum
1323 1950 1516 1987 sententiae
1558 1950 1683 1997 ipsum

276 2029 407 2064 eadem
440 2027 669 2063 substantivi
715 2025 842 2062 forma
884 2025 1101 2061 includatur
1146 2023 1184 2058 in
1228 2021 1419 2058 ablativos
1469 2020 1685 2057 absolutos:

276 2098 396 2134 urbe
439 2106 580 2147 capta
609 2098 721 2134 urbs
751 2092 1068 2139 redituum-2).
1107 2094 1262 2130 Certum
1294 2098 1375 2137 est,
1399 2092 1552 2128 Livium
1565 2090 1684 2139 scrip-

276 2169 371 2205 sisse
402 2168 688 2205 tantummodo:
750 2168 848 2203 Iam
884 2172 1027 2215 capt-a
1058 2178 1081 2201 a
1113 2164 1274 2201 Gallis
1306 2176 1395 2211 quo
1432 2162 1686 2211 redempta

279 2241 394 2276 urbs
425 2238 525 2275 est?

305 2478 337 2522 ¹)
364 2481 419 2514 W.
455 2481 489 2512 in
524 2480 632 2511 altera
659 2480 739 2512 edit.
776 2479 1067 2512 inexorabilis
1093 2477 1244 2518 scripsit,
1272 2476 1398 2507 omisso
1425 2484 1480 2513 es,
1507 2474 1690 2505 nominati-

374 2553 521 2584 vumque
549 2543 625 2584 (pro
652 2541 972 2581 inexorabiles)
1001 2550 1072 2573 esse
1097 2539 1220 2570 voluit!

304 2602 336 2646 ²)
373 2604 427 2636 W.
452 2604 586 2642 XXXI,
613 2608 644 2641 2,
672 2607 710 2641 6,
739 2604 926 2644 comparari
954 2603 1065 2640 iubet,
1103 2602 1161 2632 ubi
1188 2600 1269 2640 quid
1294 2609 1336 2630 ex
1361 2599 1501 2630 minima
1525 2602 1621 2639 parte
1644 2597 1689 2627 si-

376 2666 453 2698 mile
479 2667 530 2704 sit,
558 2666 683 2697 nescio.
