1811 2925
807 158 884 193 417
1293 155 1368 189 Lib.
1388 155 1554 188 XXXVI.

142 278 377 326 Philippo
409 285 453 314 et
485 277 771 323 Ptolemaeo,
807 279 1001 315 Romam
1033 285 1290 324 venerunt3
1321 279 1556 328 Philippo

140 348 408 397 pollicente
430 351 517 396 (per
537 347 701 395 legatos)
725 348 781 384 ad
803 348 979 385 bellum
1003 348 1193 385 auxilia
1223 356 1268 385 et
1299 349 1556 398 pecuniam

141 425 184 454 et
215 417 524 463 frumentum,
571 418 626 454 ab
657 418 920 455 Ptolcmaeo
964 419 1112 455 etiam
1145 424 1419 467 (praeterquam
1454 420 1557 468 quod

140 487 274 524 eadem
306 487 574 536 pollicebatur)
623 487 753 524 mille
801 489 959 537 pondo
1005 489 1112 525 auri
1276 489 1449 534 allata,
1492 498 1558 526 aut

140 558 267 606 potius
298 557 609 606 intelligendum,
654 569 769 606 quum
799 559 853 595 ita
883 559 1017 595 Livius
1055 559 1290 608 scripsisset,
1332 566 1373 596 ut
1403 560 1559 596 nomina

141 640 273 677 regum
305 641 380 664 non
411 628 539 664 statim
572 628 774 665 coniuncta
793 636 965 678 poneret,
1000 630 1066 666 sed
1095 629 1304 678 separatim
1335 629 1559 666 subiiceret:

141 699 293 747 legati
324 700 378 735 ab
413 699 598 736 duobus
628 699 826 748 regibus
855 700 1050 737 Romam
1085 707 1335 745 venerunt3
1374 699 1558 749 Philip-

141 782 198 818 po
234 769 503 818 pollicente
533 770 590 806 ad
621 769 800 806 bellum
833 782 867 806 a.
901 783 932 806 e.
964 783 1000 819 p.
1032 784 1064 807 e.
1095 770 1165 816 fn,
1207 771 1263 808 ab
1294 770 1558 807 Ptolemaeo

142 840 287 876 etiam
319 848 403 876 etc..
438 860 483 865 —
519 852 635 887 quum
666 840 741 884 sic,
782 839 960 888 inquam,
1003 841 1135 877 Livius
1165 841 1392 890 scripsisset,
1433 840 1560 876 aliena

143 922 258 946 manu
301 909 350 945 ad
388 909 480 946 illud
524 910 720 959 regibus
767 922 850 946 eum
892 912 1038 947 minore
1080 912 1265 948 orationis
1302 910 1437 947 formae
1467 923 1560 947 cura

143 980 377 1028 adscriptum
410 992 510 1016 esse:
553 980 784 1029 Philippo
822 988 865 1016 et
901 981 1164 1018 Ptolemaeo
1199 981 1403 1030 AEgypti
1435 993 1557 1029 rege.

144 1050 233 1086 Vid.
265 1049 313 1085 ad
344 1049 549 1093 XXXIV,
582 1051 646 1090 23,
681 1046 767 1093 2.¹)

255 1118 352 1168 Cap.
390 1122 424 1163 7,
457 1123 476 1156 4
512 1120 572 1165 (in
593 1119 768 1155 oratione
792 1120 1040 1169 Hannibalis)
1071 1123 1193 1159 verba
1222 1122 1276 1158 sic
1309 1121 1561 1157 describenda

95 1217 101 1223 .
143 1198 253 1235 sunt,
295 1198 335 1226 ut
364 1197 564 1238 appareat,
615 1189 706 1237 quid
751 1196 890 1238 agatur
932 1199 1203 1241 quaeraturque
1241 1192 1290 1229 ad
1319 1191 1559 1240 propositam

143 1273 237 1305 rem,
269 1260 359 1308 quid
390 1273 460 1309 pro
493 1267 721 1309 argumento
753 1260 1038 1309 interponatur:
1076 1263 1196 1300 Nam
1228 1261 1353 1312 quod
1385 1261 1445 1297 ad
1474 1261 1561 1297 Eu-

143 1331 311 1367 boeam
345 1331 664 1379 Boeotosque
694 1336 738 1366 et
769 1330 1038 1367 Thessalos
1070 1332 1274 1377 attinet,
1319 1332 1393 1369 eui
1430 1331 1560 1368 dubi-

145 1413 218 1436 um
249 1407 342 1445 est,
374 1401 485 1448 quin
517 1405 583 1447 (ut
618 1400 793 1449 quibus
824 1400 966 1437 nullae
995 1413 1087 1438 suae
1125 1401 1254 1438 vires
1295 1402 1409 1448 sint,
1449 1414 1561 1451 prae-

145 1471 362 1507 sentibus
395 1471 644 1507 adulando
676 1482 877 1519 semper,
909 1484 1043 1519 quem
1077 1478 1246 1509 met-um
1276 1472 1321 1508 in
1352 1471 1560 1508 consilio

171 1693 198 1732 ¹)
236 1694 321 1736 Cap,
341 1698 372 1735 6,
391 1697 408 1724 5
436 1697 524 1722 recte
542 1690 720 1721 Bekkerus
741 1700 758 1721 e
783 1691 828 1722 B:
854 1692 931 1723 sub
958 1692 1052 1724 leni
1078 1694 1306 1725 verborum
1331 1701 1561 1736 praetextu.

240 1755 390 1787 Lenibus
422 1760 453 1784 et
484 1752 621 1782 mitibus
657 1751 767 1783 verbis
803 1762 918 1784 verum
958 1755 1084 1785 decreti
1120 1764 1259 1786 sensum
1286 1755 1443 1787 Thebani
1479 1766 1563 1797 prae-

241 1816 391 1847 texuisse
430 1821 461 1845 et
500 1813 683 1844 involvisse
721 1813 893 1853 dicuntur;
931 1815 1093 1846 levitas
1129 1816 1222 1847 nulla
1248 1824 1336 1856 erat3
1377 1827 1485 1849 causae
1515 1819 1564 1858 (in

243 1886 340 1916 quem
379 1876 606 1916 significatum
645 1875 745 1905 credo
779 1876 959 1908 nonnullos
1001 1877 1135 1907 levem
1173 1876 1266 1908 illum
1303 1884 1562 1920 praetextum

241 1938 432 1976 deflexisse)
475 1938 508 1967 in
552 1937 686 1967 decreto
727 1946 796 1967 non
838 1936 1067 1968 afferebantur
1108 1947 1217 1978 neque
1254 1940 1287 1969 in
1320 1941 1430 1971 verbis
1457 1948 1561 1972 erant.

241 1999 259 2039 ξ
289 2002 307 2029 6
335 2008 460 2034 vereor,
487 2007 529 2027 ne
555 2007 616 2038 pro
641 1997 688 2027 ad
715 1997 825 2028 diem
852 1998 1064 2030 indictum
1098 2000 1197 2030 scribi
1232 2001 1354 2033 debeat
1378 2003 1428 2033 ad
1454 2003 1562 2034 diem

241 2061 408 2091 dictum.
476 2059 563 2090 Nam
598 2058 808 2096 indicuntur,
846 2069 920 2101 quae
945 2059 1017 2090 fieri
1041 2061 1263 2102 praestarique
1297 2063 1423 2094 debent
1447 2064 1563 2103 (etiam

242 2121 486 2159 exercitus,
528 2121 592 2151 hoc
631 2126 701 2157 cst,
744 2120 816 2151 eius
859 2121 1115 2161 congregati0);
1159 2127 1292 2163 tempus
1333 2125 1379 2155 rei
1423 2126 1564 2166 agendae

242 2181 406 2212 dicitur
451 2180 578 2222 (Gron.
617 2187 650 2212 et
683 2181 859 2213 Drakenb.
902 2183 944 2213 ad
983 2181 1134 2220 XXXV,
1173 2186 1204 2222 3,
1232 2183 1269 2224 2)
1295 2192 1353 2217 aut
1377 2187 1566 2218 edicitur

243 2242 430 2283 (Drakenb.
459 2242 501 2273 ad
530 2242 664 2280 XXXI,
702 2245 756 2280 49,
798 2243 867 2282 12).
925 2243 1015 2280 Nec,
1055 2244 1219 2283 quih.1.
1259 2251 1382 2286 tacent,
1419 2249 1565 2280 editores

243 2313 270 2334 c.
299 2306 330 2341 8,
359 2307 376 2334 2
406 2303 555 2335 tulerunt
579 2313 596 2334 e
622 2304 659 2335 M
685 2305 864 2346 scriptum:
901 2304 991 2336 dies
1029 2305 1079 2336 ad
1115 2308 1461 2340 conveniendum
1500 2319 1567 2340 ex-

244 2365 400 2396 ercitui
429 2366 506 2405 (scr.
534 2374 609 2395 cum
639 2365 741 2396 Gron.
771 2375 857 2396 cum
886 2366 1098 2406 exercitu)
1132 2366 1297 2399 Pheras
1329 2376 1392 2400 cst
1429 2370 1568 2401 indic-

244 2432 328 2464 tus,
356 2426 415 2457 sed
442 2435 459 2456 e
486 2426 513 2456 B
537 2432 569 2457 et
596 2428 714 2458 ceteris
746 2433 963 2458 revocarunt:
987 2433 1053 2459 est
1078 2428 1234 2460 dictus.
1279 2429 1400 2461 Obstat
1413 2431 1566 2464 XXVII.

245 2490 299 2524 30,
328 2489 362 2517 6:
400 2487 679 2529 concilioque
706 2493 745 2518 et
770 2488 894 2518 locus
927 2494 967 2518 et
991 2487 1080 2519 dies
1108 2496 1225 2520 certa
1250 2491 1427 2522 indicta.
1478 2492 1565 2523 Nam

244 2547 288 2586 X,
335 2551 396 2586 27,
436 2552 456 2579 3
494 2549 708 2580 scribendum
751 2549 885 2580 videtur
928 2550 1135 2582 necessario:
1179 2552 1271 2584 dies
1311 2553 1409 2584 inde
1451 2554 1567 2585 dieta

245 2618 395 2648 pngnae
431 2619 508 2651 pro:
546 2610 640 2641 dies
670 2610 835 2641 indicta
870 2621 1039 2652 pugnae;
1066 2611 1277 2644 desideratur
1313 2614 1402 2644 enim
1429 2615 1568 2645 omniuo

246 2679 321 2707 vox,
350 2679 423 2710 quae
451 2671 584 2701 transiri
612 2671 653 2701 ad
681 2681 800 2702 novam
828 2681 897 2703 rem
925 2672 1101 2712 significet.

228 2739 368 2762 nubum!
388 2741 592 2764 Pus-nulus.
1258 2751 1299 2780 2⁷
