1811 2925
799 126 877 163 389
1281 122 1359 154 Lib.
1378 122 1552 153 xxxm.

133 259 238 290 recte
270 264 318 288 ex
347 249 668 287 nominabant
713 248 867 285 auditur
908 247 946 284 in
981 246 1240 284 declaratione
1277 246 1461 282 adiuncta
1490 245 1553 281 di-

135 324 329 368 cebant;
383 332 474 357 nam
515 319 620 368 quod
662 319 728 356 alii
770 320 851 356 sine
895 317 1203 367 interpunctione
1241 316 1295 353 sic
1338 316 1552 353 orationem

136 394 378 431 continuant:
409 391 723 428 nominabant
754 390 899 427 etiam
931 389 1155 426 tribunos
1299 387 1553 425 cecidisse.

134 469 177 500 ut
231 463 548 500 nominabant
599 462 809 510 accipiatur
860 473 931 510 pro
973 458 1255 496 nominatim
1299 458 1554 502 dicebant,

135 534 218 570 iure
248 534 510 583 improbatum
541 539 731 581 repugnat
761 532 861 569 enim
892 543 982 568 usus
1011 530 1205 579 loquendi.

249 603 344 653 Cap.
378 606 442 650 25,
485 607 551 641 11:
601 604 658 640 Et
703 604 753 640 T.
800 602 1061 650 Quinctius
1106 601 1409 638 Flamininus
1451 613 1551 637 cum

136 674 324 711 duabus
354 674 634 724 legionibus
675 674 981 723 provinciam
1022 673 1184 710 eodem
1221 672 1445 710 exercitu
1477 671 1553 708 ob·

136 745 294 781 tinere
323 745 496 784 iussus.
569 745 704 782 Posito
748 745 940 794 legionum
983 756 1142 781 numero
1184 743 1312 792 inepte
1345 742 1553 792 superaddi

137 815 304 851 eodem
339 817 576 858 exercitu,
607 814 811 853 Creverius
832 815 1036 859 intellexit;
1070 821 1189 857 (recte
1218 814 1424 851 diceretur:
1455 826 1554 850 cum

137 886 327 922 duabus
356 886 828 935 legionibusiisdem
859 886 937 922 vel:
969 897 1089 934 quas
1110 883 1347 933 haberet).
1393 883 1556 933 Opinor,v

139 970 160 992 a
180 957 291 994 Livio
313 957 495 1005 scriptum
517 956 652 993 fuisse:
683 958 848 994 eodem
882 957 1125 993 sociorum
1158 956 1391 992 exercitu.
1451 956 1557 992 Nam

137 1028 261 1064 minus
306 1027 507 1076 probabile
537 1027 688 1063 videtur
731 1028 843 1064 illud:
901 1040 1000 1064 cum
1045 1028 1230 1063 duabus
1276 1026 1555 1074 legionibus

139 1098 264 1134 aliena
292 1110 409 1134 manu
441 1098 612 1134 additum
645 1110 728 1135 esse
758 1099 867 1135 huic:
899 1099 1063 1135 eodem
1097 1096 1329 1134 exercitu.

249 1168 342 1217 Cap.
375 1169 451 1213 28,
498 1170 520 1205 9
565 1164 650 1218 (ubi
692 1169 738 1206 de
782 1170 1057 1218 quaestionibus
1100 1170 1238 1219 agitur,
1283 1180 1366 1216 quae
1410 1168 1556 1204 Thebis

136 1239 276 1276 habitae
307 1245 395 1275 sunt
425 1239 471 1275 de
501 1239 559 1283 iis,
594 1239 659 1287 qui
690 1241 739 1277 ob
762 1241 902 1278 caedem
926 1240 1142 1289 Brachyllis
1168 1240 1207 1276 in
1237 1239 1365 1276 vincla
1395 1238 1557 1275 coniecti

138 1312 288 1357 crant):
319 1309 461 1347 Torti
491 1315 600 1358 post
630 1310 775 1358 paulo
806 1311 1047 1355 insonte&
1074 1322 1212 1358 quum
1244 1311 1430 1346 scirent
1460 1309 1559 1358 ipsi

137 1381 279 1425 nihil,
310 1381 544 1430 opinione
578 1381 783 1417 omnium
813 1394 898 1430 pro
929 1381 1114 1418 indicio
1148 1381 1219 1417 usi
1259 1381 1556 1429 Zeuxippum

136 1458 181 1488 et
210 1452 533 1490 Pisistratum
572 1452 956 1488 nominaverunt.
1036 1452 1099 1489 Sic
1139 1464 1239 1488 nunc
1272 1451 1411 1495 edunt3
1454 1450 1492 1486 in
1523 1450 1556 1486 B

137 1531 267 1560 tamen
297 1535 373 1558 non
405 1530 459 1558 est
490 1523 582 1565 usi,
626 1522 728 1570 quod
771 1523 810 1558 in
840 1522 929 1559 edit.
960 1523 1066 1571 Mog.
1108 1522 1314 1559 manifesta
1343 1521 1556 1570 interpola-

137 1594 242 1631 tione
291 1593 460 1629 additum
507 1600 582 1632 est:
627 1594 681 1630 sic
721 1593 819 1629 enim
866 1594 919 1630 ibi
960 1593 1155 1630 scribitur:
1206 1606 1344 1641 quum
1375 1593 1558 1629 scirent

139 1665 236 1714 ipsi
266 1664 542 1713 opinionem
573 1665 798 1709 omnium,
829 1678 882 1702 ea
914 1678 999 1714 pro
1030 1664 1211 1701 indicio
1243 1664 1315 1700 usi
1345 1670 1416 1702 cet.
1484 1665 1558 1700 At-

139 1735 218 1783 qui,
259 1735 322 1783 qui
353 1734 425 1783 ipsi
453 1734 545 1770 torti
574 1734 743 1772 indicant
771 1736 939 1784 aliquid,
980 1748 1105 1784 neque
1149 1736 1330 1772 indicio
1357 1741 1560 1772 utuntur

138 1818 261 1853 neque
306 1818 391 1854 pro
436 1805 576 1841 indicio
619 1805 749 1854 aliqua
781 1807 978 1856 opinione3
1023 1806 1062 1842 in
1106 1806 1184 1845 illa.
1230 1819 1346 1855 quam
1393 1807 1558 1843 editores

140 1875 238 1912 effici
268 1876 485 1921 voluerunt7
516 1875 706 1912 sententia
731 1876 934 1913 dicendum
965 1883 1066 1914 erat:
1099 1877 1374 1926 opinionem
1413 1876 1559 1913 omni-

139 1961 209 1984 um
242 1946 402 1984 secuti
431 1959 515 1996 pro
545 1946 729 1983 indicio
760 1942 1062 1997 Zeuxippum
1095 1955 1164 1985 etc.
1243 1949 1346 1985 Nam
1377 1960 1462 1996 pro
1493 1947 1559 1983 in-

139 2018 266 2055 dicio
309 2017 517 2065 aliquem
559 2017 812 2054 nominare
853 2019 988 2056 eodem
1035 2032 1194 2069 prorsus
1242 2019 1358 2055 modo
1411 2017 1559 2061 dicitur,

140 2101 216 2137 quo
259 2101 344 2138 pro
386 2088 673 2125 testimonio
717 2089 905 2137 aliquid
946 2091 1126 2136 dicere7
1170 2103 1240 2127 nec
1282 2095 1446 2139 possunt
1477 2089 1559 2125 haec

140 2159 281 2198 divelli.
342 2159 417 2197 Sed
445 2159 579 2196 Livius
608 2159 708 2195 idem
739 2159 852 2205 illud,
895 2160 997 2208 quod
1039 2161 1242 2210 participio
1287 2160 1442 2197 secuti
1479 2160 1562 2208 ple-

140 2231 226 2267 nius
257 2230 466 2279 signifieari
494 2236 659 2279 poterat,
689 2230 844 2266 brevius
866 2230 963 2266 dixit
992 2230 1076 2266 solo
1106 2230 1296 2267 ablativo:
1327 2230 1560 2280 opinione

139 2301 346 2337 omnium
488 2300 879 2337 nominaverunt.

253 2370 348 2420 Cap.
383 2374 449 2416 30,
481 2372 502 2408 8
550 2370 615 2419 (de
655 2383 751 2419 pace
790 2371 973 2420 Philippo
1016 2371 1098 2420 regi
1139 2371 1267 2419 data):
1326 2371 1560 2408 Valerius

142 2442 319 2479 Antias
351 2449 638 2492 quaternum
669 2441 848 2478 milium
878 2442 1034 2490 pondo
1058 2442 1485 2491 argentivectigal
1515 2443 1559 2479 in

142 2511 302 2549 decem
339 2524 492 2549 annos
537 2511 820 2560 impositum
870 2512 971 2561 regi
1017 2513 1187 2558 tradit;
1234 2512 1468 2550 Claudius
1514 2514 1561 2549 in

144 2593 298 2618 annos
342 2582 550 2631 triginta
590 2589 830 2630 quaterna
868 2583 1001 2620 milia
1043 2584 1199 2633 pondo
1247 2590 1294 2621 et
1330 2584 1561 2621 ducenta.

143 2664 357 2700 praesens
400 2653 577 2702 viginti
619 2653 756 2690 milia
803 2654 977 2702 pondo.
1051 2654 1297 2701 Necessario,
1337 2655 1496 2703 opinor,
1525 2654 1564 2690 in

145 2722 219 2759 hac
267 2724 451 2760 orationis
492 2723 619 2761 forma
669 2724 870 2761 dicendum
921 2731 1022 2761 erat:
1071 2725 1333 2774 praesentia
1381 2725 1560 2774 viginti
