1811 2925
788 156 808 190 3
820 157 830 191 t
844 157 864 191 5
1267 151 1340 182 Lib.
1356 149 1488 181 xxv1.

120 286 246 315 ortum
279 279 365 325 est),
399 277 614 325 scripseris:
660 277 730 321 Si,
762 275 885 324 quod
916 275 1171 323 iniungere
1201 274 1426 310 inferiori
1458 286 1530 310 ve-

119 348 199 393 lis,
228 326 275 384 id
306 347 443 396 prius
483 346 528 382 in
571 354 613 382 te
654 359 707 383 ac
748 354 860 383 tuos
890 346 994 395 ipse
1023 344 1142 380 iuris
1172 344 1427 392 statueris,
1460 342 1530 379 fa-

120 417 264 455 cilius
294 423 366 454 cet.
442 416 568 453 Paulo
609 424 697 465 post
727 418 761 461 (ξ
796 417 871 463 11),
902 415 966 452 ubi
999 414 1225 451 describitur
1255 413 1420 450 studium
1450 427 1529 450 cer·

119 494 325 536 tamenque
366 487 562 523 hominum
607 500 742 523 aurum
786 493 1064 534 argentumque
1094 493 1131 521 et
1160 497 1210 521 aes
1242 484 1531 526 conferentium,

119 571 235 607 quum
269 558 308 594 in
338 559 372 594 P
404 557 610 593 scribatur:
653 556 915 594 certamine
957 556 1159 601 iniecto,
1197 561 1246 592 ut
1281 554 1438 603 prima
1484 561 1532 589 ut

120 628 248 666 inter
276 629 458 678 primos
488 627 678 663 nomina
708 638 792 662 sua
822 625 1003 662 vellent
1033 625 1077 661 in
1107 625 1318 673 publicis
1349 625 1530 661 tabulis

119 710 239 742 esse,
284 705 445 747 apparet
476 697 715 733 scribendum
747 708 847 732 esse:
892 702 941 731 ut
989 695 1139 744 prima
1170 700 1251 736 aut
1280 694 1332 745 (si
1362 694 1530 731 omnium

118 768 231 816 primi
261 780 343 804 esse
374 781 450 804 non
480 774 649 816 possent,
681 766 832 813 saltem)
865 766 988 802 inter
1018 766 1194 815 primos
1225 766 1416 803 nomina
1448 778 1532 802 sua

120 838 302 875 vellent
340 867 376 877 ..
416 850 530 874 esse.
606 838 767 874 Poterat
808 836 940 872 Livius
979 844 1059 871 aut
1100 835 1227 872 inter
1255 837 1410 885 prima
1438 836 1532 872 scri·

119 909 226 951 bere3
258 907 391 944 maluit
421 909 596 952 alterum,
626 920 673 943 ne
703 907 883 955 ambigue
913 913 1183 942 concurrerent
1222 906 1348 943 inter
1380 906 1496 955 prim
1509 918 1532 941 a.

119 962 310 1014 noniina
340 990 436 1017 sua.
495 977 608 1024 Quod
639 977 778 1013 editur:
809 977 960 1025 prima
990 976 1118 1011 inter
1146 976 1344 1024 primos,
1375 977 1531 1013 nimium

120 1055 176 1084 est
209 1054 245 1084 et
275 1048 456 1096 ineptum.
517 1050 550 1094 (ς’
592 1049 614 1083 4
647 1046 712 1082 vix
743 1047 857 1083 credo
890 1047 1052 1095 figuram
1084 1047 1188 1083 illam
1221 1047 1426 1093 orationis,
1457 1060 1533 1095 qna

118 1130 189 1168 pro
237 1118 462 1155 condicione
512 1117 718 1154 affirmatio
773 1118 927 1166 ponitur
973 1124 1038 1153 aut
1084 1117 1358 1166 interrogatio,
1406 1118 1532 1154 locum

117 1189 261 1225 habere
290 1189 328 1224 in
363 1188 578 1238 argumenti
609 1187 876 1232 conclusione,
921 1200 1004 1235 quae
1044 1187 1234 1235 particula
1274 1188 1443 1237 itaque
1474 1190 1532 1231 fit;

118 1259 204 1308 ipsa.
234 1259 332 1295 enini
364 1259 445 1295 haec.
463 1258 652 1307 particula
672 1258 779 1294 initio
797 1258 924 1307 posita
944 1259 1107 1306 figuram
1138 1259 1354 1306 perturbat;
1384 1272 1533 1296 vereor.

118 1342 165 1366 ne
195 1329 233 1365 si
263 1336 351 1378 post
381 1329 551 1377 itaque
585 1328 797 1374 exciderit.)

230 1398 326 1448 Cap.
361 1401 425 1444 38,
458 1402 476 1435 7
513 1399 580 1443 (de
601 1399 745 1435 Blattio
777 1399 935 1435 consilia
966 1398 1127 1447 agitanti
1149 1398 1316 1446 Salapiae
1347 1399 1533 1436 Romanis

116 1469 350 1518 tradendae):
402 1468 494 1506 Sed
524 1469 625 1505 sine
656 1469 886 1506 adiutore
918 1468 1069 1505 Dasio
1098 1480 1172 1504 res
1202 1469 1411 1517 transigi
1441 1482 1531 1505 non

117 1546 325 1588 poterat.
384 1539 584 1576 Multum
615 1551 670 1575 ac
701 1539 777 1575 diu
810 1546 1089 1581 cunctatus,
1124 1546 1167 1574 et
1209 1546 1302 1575 tum
1344 1552 1532 1587 quoque

118 1610 273 1658 magis
306 1609 473 1658 inopia
504 1608 702 1644 consilii
748 1610 961 1658 potioris
1005 1622 1142 1658 quam
1191 1621 1273 1657 spe
1320 1609 1532 1646 effectus

118 1679 320 1716 Dasium
355 1678 657 1728 appellabat,
689 1687 736 1715 at
767 1680 850 1716 ille
993 1692 1086 1716 rem
1126 1680 1396 1717 Hannibali
1427 1694 1532 1729 ape-

117 1751 193 1787 rit.
252 1750 343 1786 Non
372 1761 487 1798 posse
517 1756 772 1786 cunctatus
804 1757 846 1786 et
878 1751 936 1796 (..
969 1750 1273 1798 appellabat)
1305 1762 1375 1798 pro
1398 1762 1533 1786 cunc-

116 1827 248 1857 tatus
291 1828 363 1857 est-
407 1827 450 1856 et
495 1820 635 1868 accipi,
690 1819 950 1856 demonstravi
995 1820 1044 1856 ad
1084 1820 1214 1865 XXI,
1260 1821 1333 1865 25,
1375 1822 1417 1865 93
1456 1820 1531 1857 alia

116 1897 244 1927 autem
275 1890 472 1938 particulae
502 1898 546 1927 et
577 1890 823 1939 expediendae
849 1891 913 1926 via
942 1890 1047 1926 nulla
1069 1897 1136 1926 est.
1196 1890 1346 1927 Deinde
1374 1904 1532 1939 prorsus

116 1960 207 1997 ferri
236 1961 369 2009 nequit
405 1961 669 2010 imperfectum
705 1960 1048 2009 (appellabat),
1089 1961 1155 1997 ubi
1199 1961 1433 2009 significatur
1472 1974 1531 1998 res

117 2037 204 2080 post
234 2031 389 2080 longam
418 2031 694 2068 dubitationem
727 2031 935 2079 aliquando
966 2031 1088 2075 factm
1120 2031 1282 2068 Dasium
1315 2032 1474 2068 subinde
1507 2045 1530 2068 a

116 2101 262 2138 Blattio
296 2102 530 2150 appellatum
575 2114 622 2138 ne
662 2103 874 2150 fingamus,
921 2102 1098 2151 prohibet
1128 2109 1165 2138 et
1194 2109 1289 2139 tum
1321 2115 1533 2151 quoque,

118 2185 195 2221 quo
240 2184 301 2208 res
341 2172 459 2208 semel
500 2178 587 2208 aeta
625 2178 804 2217 notatur,
849 2180 886 2208 et
916 2173 1054 2216 brevis,
1107 2173 1197 2221 quid
1227 2173 1356 2209 statim
1387 2173 1531 2209 Dasius

118 2242 334 2290 appellatus
364 2241 509 2286 fecerit,
543 2241 771 2290 significatio
803 2243 869 2288 (at
899 2242 984 2279 ille
1023 2272 1031 2281 .
1051 2272 1060 2281 .
1099 2242 1288 2291 aperit),
1354 2243 1533 2281 Scm'ben·

117 2312 207 2348 dum
239 2319 314 2348 est:
358 2312 557 2348 Multum
601 2324 655 2348 ac
688 2312 766 2348 diu
798 2319 1054 2349 cunctatus
1087 2318 1175 2354 est:
1217 2319 1309 2349 turn
1343 2325 1534 2361 quoque

117 2382 272 2431 magis
324 2383 492 2431 inopia
521 2383 718 2419 consilii
760 2383 973 2432 potioris
1023 2396 1157 2431 quam
1201 2396 1282 2432 spe
1322 2382 1532 2420 effectus

118 2452 319 2489 Dasium
362 2453 600 2506 appellat;
647 2459 694 2488 at
734 2453 817 2489 ille
859 2460 929 2489 cet.
1010 2453 1072 2490 Ex
1103 2454 1379 2502 appellatat
1418 2453 1534 2490 facile

118 2522 209 2558 oriri
257 2523 382 2571 potuit
437 2523 727 2572 appellabat
770 2530 827 2559 at.
911 2523 1035 2560 Paulo
1076 2530 1165 2573 post
1208 2524 1272 2573 (8)
1313 2524 1533 2572 appella-

116 2593 199 2629 bat
238 2600 365 2642 potest
405 2593 571 2630 fortasse
612 2593 735 2643 accipi
775 2593 1033 2642 appellare
1063 2594 1245 2642 coepit3
1294 2594 1362 2630 sed
1402 2607 1449 2630 ne
1479 2595 1532 2631 ibi

119 2663 271 2711 quidem
301 2663 560 2713 improbarem
594 2662 823 2712 appellat.

230 2731 325 2782 Cap.
358 2734 422 2779 39,
459 2736 504 2771 16
549 2734 602 2782 (in
644 2733 899 2782 descriptione
929 2747 1066 2783 pugnae
1096 2734 1244 2771 navalis
1281 2735 1380 2771 inter
1409 2735 1530 2771 Nico-
