1811 2925
237 117 313 148 Lib.
332 117 504 151 xxvm.
910 123 987 158 338

239 241 326 277 nia.
417 242 559 277 Errore
600 248 730 277 natum
776 246 833 277 est·
872 241 1036 290 primum
1081 246 1351 288 tutomnia,
1381 252 1460 283 tum
1496 248 1647 285 tutis-

238 311 367 349 sima.

348 381 444 430 Cap.
479 383 550 427 43,
597 386 633 419 l:
684 382 838 430 Quum
883 382 1117 419 oratione
1159 385 1214 421 ad
1254 392 1437 436 tempus
1467 396 1646 437 parata

236 452 419 489 Fabius
455 460 548 489 tum
597 453 899 490 auctoritate
950 458 993 488 et
1041 453 1317 492 inveterata
1374 459 1645 506 prudentiae

235 522 364 559 fama
394 536 613 572 magnam
644 531 830 573 part-em
852 530 1050 560 senat-us
1070 553 1079 562 .
1100 554 1106 561 .
1127 555 1134 561 .
1155 526 1402 572 movisset,
1436 558 1445 566 .
1462 557 1472 567 .
1490 557 1500 568 .
1539 528 1644 566 Sci-

234 594 312 642 pio
343 594 411 630 ita
440 594 631 631 locutus
662 594 832 640 fertur,
863 601 934 631 cet.
993 593 1267 642 comparative
1298 596 1396 633 inter
1439 610 1479 634 se
1508 598 1643 636 referri

236 677 377 712 quum
411 671 447 701 et
472 670 565 701 tum
599 671 635 701 et
667 665 791 701 omnis
823 665 1008 702 orationis
1038 665 1164 702 forma
1197 672 1232 702 et
1251 668 1525 705 vocabulorum
1549 670 1643 706 ordo

234 749 448 784 nomenque
479 736 592 772 Fabii
623 736 748 772 medio
780 736 844 773 illo
874 736 959 773 loco
990 736 1154 784 positum
1189 736 1244 773 ita
1263 737 1471 784 declarant,
1500 746 1541 776 ut
1574 741 1642 776 du—

233 807 347 843 bitari
375 819 451 843 non
480 807 613 856 possit.
671 808 810 856 Itaque
841 808 947 843 deest
976 806 1024 843 ad
1055 807 1259 843 sententias
1299 807 1519 845 vinciendas
1550 822 1642 846 eon-

232 877 373 914 iunetio
404 877 588 926 temporis
622 877 738 913 index
768 877 1088 925 scribendumque
1128 883 1186 913 est
1214 879 1449 915 necessario:
1493 880 1641 926 Quum

235 948 464 985 oratione
621 948 802 984 Fabius
841 954 934 984 tum
975 947 1279 985 auctoritate
1320 957 1363 985 et
1514 949 1642 987 fama

235 1030 369 1070 quum
408 1032 622 1067 magnam
664 1025 852 1067 partem
905 1025 1103 1054 senatus
1266 1020 1521 1058 movisset.

235 1089 402 1138 Scipio
431 1095 500 1125 eet,
563 1089 765 1134 Similiter,
806 1095 846 1125 ut
883 1102 931 1125 ex
970 1089 1102 1125 eodem
1133 1090 1406 1138 particularum
1437 1103 1575 1139 genere
1606 1101 1642 1128 et

234 1173 279 1195 ex
312 1160 491 1208 proxima
523 1161 716 1197 vicinitate
733 1160 910 1209 exempla
939 1166 1080 1209 petam,
1110 1160 1148 1196 in
1179 1174 1209 1197 c.
1243 1163 1313 1203 41,
1347 1162 1369 1197 9
1403 1173 1542 1209 quam
1574 1175 1640 1199 ex-

234 1230 348 1275 cidit,
380 1231 419 1266 in
450 1244 481 1267 ο.
517 1232 589 1268 42.
628 1234 670 1267 17
706 1232 800 1275 hic,
831 1243 915 1279 quae
948 1243 1059 1266 nemo
1091 1231 1278 1267 dubitavit
1310 1237 1376 1266 aut
1403 1232 1544 1268 addere
1575 1241 1641 1270 aut

234 1302 365 1337 addita
395 1302 569 1338 retinere.
630 1303 709 1338 Pro
740 1303 1021 1338 inveterata
1062 1301 1327 1348 prudentiae
1364 1300 1511 1346 fama,
1556 1315 1639 1352 quae

232 1372 303 1407 hac
333 1378 523 1408 vetustate
554 1373 711 1408 multum
757 1372 879 1417 valet·5
918 1371 1115 1415 librarius,
1154 1383 1284 1407 casum
1329 1372 1376 1407 ad
1420 1373 1638 1421 proximum

230 1442 511 1478 substantivum
542 1444 839 1480 accommodans
880 1442 978 1487 [vid.
1008 1455 1044 1490 p.
1080 1442 1176 1489 207)
1208 1442 1491 1480 inveteratae
1523 1458 1637 1493 pru-

232 1512 409 1549 dentiae
439 1512 583 1549 famam
612 1514 737 1550 Fabio
768 1514 920 1553 tribuit„
958 1512 1167 1560 habuitque
1208 1513 1479 1560 obsequentem
1508 1515 1637 1552 Weis—

231 1583 488 1619 senbornium.
547 1584 597 1619 Et
635 1590 763 1620 tamen
803 1585 877 1621 hoc
909 1584 1036 1633 potius
1066 1582 1168 1619 feras
1200 1586 1448 1631 (quamquam
1483 1586 1637 1623 minime

231 1653 427 1690 ferendum
460 1653 546 1701 est),
578 1668 692 1703 quam
726 1656 825 1703 quod
857 1656 956 1692 idem
988 1658 1004 1700 ξ
1039 1657 1059 1690 4
1089 1653 1286 1689 mirificam
1318 1655 1416 1692 hane
1453 1658 1637 1694 orationis

231 1724 394 1761 formam
436 1725 548 1761 Livio
593 1725 771 1761 adfinxit:
813 1732 1041 1773 tanquam
1076 1725 1188 1761 mihi
1227 1726 1283 1761 ab
1318 1725 1488 1763 ultimo
1521 1740 1637 1776 quo-

232 1809 318 1843 que
350 1796 616 1844 periculum
648 1796 734 1841 sit,
765 1809 818 1832 ne
849 1809 1023 1832 mecum
1062 1796 1331 1841 aemuletur,
1373 1804 1417 1833 et
1452 1811 1543 1834 non
1581 1800 1637 1835 ab

232 1879 297 1907 e0,
330 1867 407 1914 qui
439 1867 549 1915 quia
585 1880 728 1915 super
757 1873 945 1903 ceteros
978 1867 1633 1915 excellanquoquenitinon

231 1937 507 1976 dissimulo,
548 1951 615 1974 me
660 1938 752 1974 sibi
792 1937 977 1985 aequari
1007 1937 1145 1981 nolit·,
1190 1950 1353 1985 eamque
1392 1937 1445 1974 sic
1485 1946 1636 1974 enarrat

233 2012 288 2049 (et
318 2019 413 2055 opus
446 2014 502 2043 est.
540 2008 714 2057 profecto
749 2007 1030 2054 enarratione),
1070 2013 1110 2043 ut
1145 2020 1333 2055 quoque
1375 2008 1422 2043 sit
1459 2014 1502 2044 et
1532 2021 1637 2056 quo.

232 2078 436 2114 Debebant
465 2078 557 2115 talia
587 2079 703 2115 tacito
744 2078 1039 2126 uniuscuiusque
1069 2090 1179 2114 sensu
1211 2079 1357 2127 respui;
1399 2079 1466 2115 sed
1502 2092 1546 2115 eo
1578 2091 1638 2114 ar—

231 2148 345 2195 gutiis
375 2155 529 2185 ventum
562 2156 640 2194 ost,
683 2157 723 2185 ut
767 2149 1000 2197 argumentis
1029 2148 1210 2184 utendum
1242 2149 1302 2187 sit.
1374 2150 1463 2186 Non
1495 2162 1638 2197 quaero,

231 2219 295 2254 ubi
325 2219 362 2254 in
391 2232 507 2267 prosa
539 2220 712 2257 oratione
749 2232 937 2268 quoque
967 2219 1019 2255 sic
1049 2219 1213 2267 positum
1238 2220 1389 2268 legerit;
1419 2220 1512 2256 illud
1534 2233 1638 2268 quae-

231 2303 287 2328 ro,
319 2302 402 2337 quae
432 2290 480 2326 sit
509 2291 645 2326 umbra
676 2290 881 2326 sententiae.
912 2290 982 2325 nisi
1005 2295 1187 2338 praeterea
1212 2296 1255 2326 et
1285 2303 1374 2338 quo
1407 2290 1638 2339 accipiamus

231 2373 324 2408 pro:
354 2373 444 2408 quo
480 2361 622 2396 etiam
655 2374 743 2405 me3
774 2374 861 2397 nam
900 2360 1117 2409 copulativa
1150 2361 1339 2409 particula
1369 2361 1496 2397 omnia
1526 2360 1638 2408 plane

232 2431 390 2473 evertitq
427 2444 491 2467 me
524 2440 649 2468 autem
683 2432 786 2480 quod
816 2437 917 2467 recte
952 2431 1074 2467 omitti
1103 2432 1274 2480 potuisse
1305 2431 1378 2475 ait,
1420 2430 1485 2478 qui
1514 2430 1638 2478 potuit

234 2501 269 2536 id
300 2514 510 2549 pronomen
543 2502 677 2545 omitti,¹
708 2502 745 2537 in
780 2514 855 2549 quo
887 2514 998 2537 omne
1029 2502 1178 2550 pondus
1209 2501 1393 2537 orationis
1423 2501 1519 2536 inest
1553 2506 1639 2544 (me

232 2583 385 2619 quoque
416 2584 489 2607 non
523 2572 644 2607 minus
676 2584 789 2620 quam
826 2572 1030 2619 Fabium?
1090 2574 1140 2609 Et
1168 2574 1248 2609 haec
1277 2573 1471 2619 finguntur
1501 2571 1550 2606 ab
1580 2582 1639 2605 eo.

233 2642 295 2689 qui
327 2642 361 2677 in
400 2643 473 2678 hoc
501 2654 575 2677 uno
618 2642 714 2678 libro
747 2643 935 2679 XXVIII
977 2655 1097 2691 prope
1141 2641 1414 2690 quinquaginta
1445 2641 1538 2677 locis
1568 2653 1640 2675 vo·-
