1811 2925
222 171 297 201 Lib.
317 170 485 201 xxviii.
892 172 911 207 3
920 172 968 207 30

221 301 277 329 est
307 293 405 329 enim
437 292 620 329 seribere:
657 290 898 337 [emendod
931 292 1196 336 vendendo,
1228 293 1382 330 dando
1414 301 1640 341 mutuum⁷¹

221 364 458 400 creditum
499 362 749 397 solvendo.

733 644 835 691 Lib.
892 645 1133 693 XXVIII.

332 771 429 820 Cap.
463 773 484 808 2
517 771 598 809 init.
634 771 698 819 (de
727 772 780 806 M.
813 770 946 808 Silano
979 770 1316 820 Carthaginienses
1356 780 1392 810 et
1423 772 1639 810 Celtiberos

218 843 428 892 improviso
461 841 735 890 aggredienti):
775 841 902 877 Tria
932 842 1066 878 milia
1099 841 1246 878 ferme
1278 845 1332 880 ab
1345 850 1466 888 erat,
1497 856 1637 891 quum

219 913 461 950 hauddum
515 912 768 959 quisquam
812 912 1030 947 hostiurn
1073 919 1310 957 senserat3
1343 913 1637 961 confragosa

218 983 326 1020 loca
357 990 402 1019 et
433 982 586 1019 obsiti
618 981 851 1029 virgultis
881 983 1114 1029 tegebant
1145 983 1314 1028 eolles3
1345 984 1412 1020 ibi
1443 984 1487 1019 in
1516 996 1638 1020 cava

219 1053 350 1089 valle
377 1059 524 1100 atque
555 1053 611 1088 ob
633 1052 887 1088 idocculta
911 1053 1172 1089 considere
1191 1054 1388 1090 militem
1421 1061 1464 1089 et
1481 1055 1635 1090 cibum

219 1136 390 1172 capere
420 1124 571 1168 iubet3
605 1122 950 1171 speculatores
990 1122 1361 1171 transfugarum
1401 1124 1531 1160 diota
1562 1124 1638 1160 ad-

218 1194 471 1230 firmantes
513 1200 766 1237 venerunt;
811 1197 910 1227 tum
953 1192 1162 1228 sarcinis
1203 1193 1248 1228 in
1293 1194 1492 1230 medium
1525 1207 1636 1230 eon-

218 1264 362 1300 ieotis
393 1276 524 1299 arma
553 1263 757 1299 Romani
788 1262 1001 1310 capiunn
1033 1269 1103 1298 cet.
1170 1263 1290 1299 Hiare
1322 1265 1535 1300 orationem
1553 1265 1636 1299 vin-

218 1333 303 1369 culo
333 1340 527 1369 carentem
558 1333 595 1368 in
626 1333 692 1368 illo
724 1333 896 1368 membro
927 1332 1266 1380 speculatores
1305 1363 1313 1371 .
1332 1363 1340 1371 .
1382 1340 1636 1379 venerunt,

217 1408 340 1451 patet3
372 1403 502 1449 itaque
533 1403 751 1451 superiores
782 1402 976 1437 interim
1009 1402 1237 1438 addiderunt
1269 1403 1361 1451 (non
1391 1404 1515 1439 solum
1546 1416 1639 1439 eon-

220 1480 279 1508 tra
308 1474 354 1517 P,
399 1473 465 1508 sed
497 1480 631 1509 eontra
662 1474 703 1509 M
738 1473 876 1517 Voss„
926 1474 1022 1511 LOV.
1066 1476 1106 1512 1,
1134 1474 1169 1513 2q
1201 1475 1236 1509 3.
1267 1474 1401 1517 Harl,
1439 1475 1636 1520 Hit-vero),

220 1543 557 1579 VVeissenbornius
591 1543 667 1579 ubi
700 1543 796 1591 (ubi
822 1571 878 1588 ..,
909 1544 1037 1589 tuni).
1096 1543 1350 1580 Geminaudae
1388 1544 1472 1579 duae
1502 1544 1637 1580 litterae

219 1620 344 1649 erant:
377 1614 455 1649 Ibi
489 1643 526 1651 ..
564 1613 765 1649 militem
807 1642 845 1650 ..
885 1613 1039 1649 eibum
1073 1626 1245 1662 capere
1286 1614 1419 1650 iubet
1459 1618 1504 1654 et
1533 1626 1637 1662 spe-

219 1684 467 1720 culatores
515 1715 551 1722 .,
599 1690 855 1727 venerunt3
898 1690 994 1720 tum
1037 1691 1108 1720 cet.
1188 1685 1441 1732 Tegebant
1484 1684 1636 1720 eolles

218 1767 287 1802 pro
326 1756 564 1791 tenebant
603 1760 706 1789 reete
751 1753 947 1790 Bekkerus
986 1761 1023 1790 et
1064 1755 1331 1803 Kreyssigius3
1376 1754 1483 1789 loca
1525 1765 1636 1789 con-

217 1824 424 1872 fragosa
455 1832 621 1861 tenent
653 1824 747 1860 nihil
778 1831 847 1869 est7
879 1836 948 1860 nee
980 1837 1011 1862 c.
1051 1827 1093 1869 1,
1128 1828 1146 1860 7
1182 1825 1313 1861 Livius
1345 1830 1508 1861 castra
1549 1824 1635 1859 Pu-

218 1894 323 1931 nica
364 1895 483 1932 laevz‘l
529 1902 700 1931 tenere
745 1895 860 1939 dixit,
892 1895 957 1930 sed
985 1895 1105 1933 laevsi
1151 1896 1303 1938 (laevam
1353 1894 1424 1930 viae
1454 1892 1636 1940 partem).

218 1966 303 2003 Lib.
336 1966 520 2011 XXXII,
553 1968 588 2009 5,
627 1967 670 2001 12
705 1966 809 2011 (nam
839 1966 871 2001 is
907 1978 1060 2012 quoque
1090 1966 1195 2001 loeus
1227 1964 1488 2013 eomparatur)
1521 1963 1636 1998 statio

218 2036 355 2072 dieitur
385 2036 612 2076 tenuisse,
645 2049 735 2083 qua
767 2035 971 2071 abscisae
1002 2047 1148 2082 rupes
1178 2041 1329 2079 erant,
1363 2035 1434 2070 hoe
1453 2040 1521 2078 est,
1550 2045 1635 2068 eam

217 2114 370 2155 partem
401 2107 610 2142 obsedisse.

329 2175 426 2224 Cap.
460 2180 503 2220 7,
552 2180 573 2213 -l
607 2184 643 2212 et
683 2180 703 2212 5
752 2175 877 2211 oratio
917 2175 971 2211 sie
1001 2175 1306 2221 intel-pungenda
1338 2180 1416 2210 est:
1449 2174 1635 2210 Eodem

217 2246 370 2282 ferme
401 2247 475 2282 die
512 2248 567 2282 ab
605 2247 779 2283 Attalo
822 2258 933 2292 rege
965 2244 1287 2292 Opuntiorum
1331 2246 1442 2280 urbs
1493 2251 1638 2292 capta

218 2316 556 2364 diripiebatur.
617 2316 947 2353 Concesserat
978 2327 1077 2350 eam
1109 2315 1210 2362 regi
1236 2315 1441 2362 praedam
1474 2313 1636 2361 Sulpi-

218 2387 346 2431 cius,
378 2386 489 2434 quia
520 2389 693 2423 Oreum
722 2397 902 2435 paucos
937 2392 1052 2420 ante
1083 2385 1186 2420 dies
1217 2385 1273 2420 ab
1304 2385 1517 2420 Romano
1550 2383 1636 2418 mi-

218 2456 315 2497 lite,
351 2456 636 2504 expertibus
668 2456 840 2504 regiis„
872 2456 1115 2503 direptum
1146 2454 1329 2497 fuerat„
1380 2466 1517 2500 quum
1547 2454 1637 2489 Ro-

219 2539 353 2562 mana
398 2526 577 2562 elassis
624 2538 676 2560 eo
728 2537 775 2560 se
822 2526 1101 2574 recepisset.
1172 2524 1390 2568 Attalus,
1436 2523 1636 2571 ignarus

219 2596 455 2632 adventus
477 2595 709 2643 Philippi,
731 2595 956 2644 pecuniis
988 2609 1011 2631 a
1042 2595 1349 2644 principibus
1381 2592 1638 2641 exigendis

217 2666 410 2702 terebat
436 2671 634 2713 tempus.
694 2666 823 2713 Vulgo
855 2665 1049 2701 scribitur:
1081 2692 1146 2705 ...
1180 2664 1427 2712 direptum
1457 2662 1634 2700 fuerat.
