1811 2925
801 135 878 171 589
1322 131 1395 162 Lib.
1428 131 1553 162 XLIV.

255 257 352 306 Cap.
385 258 516 302 43,4:
549 256 791 306 Pei-pauci
824 255 932 292 inde
951 255 1141 291 Pellam
1173 254 1381 291 celerius
1415 266 1554 302 quam

134 330 237 378 ipse
277 329 508 373 Perseus,
555 328 665 376 quia
705 333 843 363 recta
882 325 1115 374 expedita
1160 326 1272 372 (bene
1304 324 1550 363 Gronovius:

134 406 269 436 rect-a
299 406 344 436 et
373 397 624 449 expedita)
653 397 732 434 via
760 397 947 441 ierant,
977 401 1330 445 pervene1·unt;
1379 407 1462 431 rex
1494 395 1551 430 ad

135 469 336 507 mediam
368 468 521 506 ferme
552 476 740 506 noctem
772 474 968 503 terrore
995 475 1039 503 et
1070 467 1233 503 variis
1268 465 1556 503 difficulta-

134 541 266 577 tibus
297 540 384 576 viae
429 546 636 576 vexatus
671 545 757 577 est.
831 538 970 586 Neque
1014 543 1179 574 terror
1229 536 1446 573 contrarius
1496 540 1554 571 est

135 612 206 648 viae
235 618 348 648 rectae
382 617 419 647 et
451 611 638 659 expeditae
668 621 791 658 neque
823 608 1010 645 celeritati
1041 608 1142 657 sugae
1174 608 1328 644 obstare
1360 605 1458 642 solet
1487 618 1555 641 ne-

135 695 208 731 que
237 681 365 718 media
395 686 506 717 nocte
540 680 724 717 desinere.
810 678 1063 717 Scribendum
1095 691 1178 716 esse
1209 690 1394 722 errore,
1440 675 1554 712 etiam

134 751 450 789 WVeissenbornio
493 751 531 787 in
572 758 735 788 mentem
769 757 952 795 venerat,
994 750 1062 787 sed
1092 750 1231 786 iniuria
1261 748 1443 786 iudicium
1474 759 1556 782 mu-

135 823 244 861 tavit.
332 823 553 871 Sequuntur
581 821 619 858 in
651 821 881 858 editionibus
911 822 991 857 haec
1031 821 1066 869 (ξ
1100 823 1162 863 5);
1192 821 1245 857 In
1276 819 1410 868 regia
1443 818 1555 854 Per-

135 907 228 940 seo,
265 894 342 942 qui
373 893 520 930 Pellae
550 898 770 941 praeerat,
802 892 984 928 Euctus
1017 891 1249 940 regiique
1271 889 1409 940 pueri
1444 900 1554 937 prae-

136 972 209 1002 sto
241 969 395 1001 erant.
460 963 535 1001 Sed
568 963 678 999 aliter
710 962 863 998 Livium
897 963 1118 1011 scripsisse,
1151 949 1273 999 codeic
1309 959 1486 1004 ostendit,
1517 959 1555 994 in

138 1048 214 1084 quo
247 1036 327 1072 haec
359 1040 467 1071 sunt:
500 1032 895 1070 difficultatibus
925 1019 1074 1070 videi}
1104 1029 1553 1077 vexatusinregia-

136 1112 290 1142 mesta
319 1116 498 1154 perseo
537 1105 615 1152 qui
646 1104 794 1141 Pellae
832 1110 1079 1152 praeerant
1110 1110 1416 1149 coactusque
1446 1099 1555 1148 regi
1586 1101 1590 1105 ’

136 1176 272 1226 pueri
302 1181 484 1225 praesto
525 1181 676 1211 erant.
758 1174 1016 1218 Plutarchus,
1062 1173 1197 1209 eadem
1239 1171 1406 1221 Polybio
1459 1170 1554 1206 duce

136 1246 285 1296 plenius
317 1258 492 1289 narrans,
524 1258 608 1294 quae
639 1244 773 1282 Livius
805 1256 942 1293 parurn
985 1243 1187 1293 diligenter
1217 1242 1429 1287 contraxit,
1459 1242 1554 1278 Per-

136 1329 202 1353 sea
232 1317 334 1360 dicit,
364 1324 476 1353 nocte
507 1316 654 1353 Pellam
689 1316 916 1363 ingressum,
947 1315 1113 1351 Euctum
1150 1321 1186 1351 et
1217 1314 1404 1357 Eulaeum,
1439 1323 1554 1360 pecu-

136 1387 207 1424 niae
238 1388 430 1431 custodes,
461 1386 526 1434 qui
557 1391 697 1434 praesto
731 1384 893 1421 fuissent
929 1392 966 1422 et
995 1386 1216 1434 importuna
1244 1384 1422 1420 libertate
1455 1394 1555 1431 prae-

138 1457 250 1494 terita
278 1456 602 1505 reprehenderent,
632 1456 868 1504 consiliaque
899 1457 1046 1501 darent,
1077 1469 1148 1492 sua
1177 1453 1555 1492 manuinterfecisse.

138 1520 355 1575 Utrumc1ue
386 1526 578 1563 hominem
615 1526 729 1563 etium
762 1528 914 1564 Livium
946 1527 1189 1571 nominasse,
1236 1525 1402 1562 ostendit
1432 1523 1556 1560 codex

139 1601 403 1648 (praeerant
435 1601 779 1645 coactusque),
821 1598 994 1646 viditque
1027 1596 1389 1640 lVeissenbornius3
1425 1594 1462 1630 in
1495 1607 1555 1630 ce-

139 1669 229 1706 teris
271 1668 483 1715 aberravit3
515 1679 604 1703 nam
635 1680 655 1702 e
686 1667 828 1704 codicis
858 1668 1029 1716 vestigiis
1060 1668 1141 1704 haec
1172 1665 1406 1703 efficiuntur:
1446 1678 1554 1701 vex-

139 1746 248 1776 atus
281 1737 402 1789 [est]
463 1738 515 1774 In
545 1738 682 1786 regia
713 1742 890 1778 moesta
920 1739 1121 1782 Perseo,
1155 1736 1237 1785 qui
1267 1736 1413 1773 Pellae
1444 1749 1555 1785 prze-

140 1817 302 1855 erant,
336 1806 880 1859 [Eulaeus]Euctusque
923 1816 968 1846 et
1010 1808 1139 1856 regii
1187 1807 1332 1856 pueri
1376 1813 1555 1856 praesto

139 1886 292 1918 erant.
371 1879 428 1924 (Si
463 1879 546 1928 quis
578 1886 651 1916 est
691 1879 966 1928 transpositum
1006 1878 1184 1928 putabit,
1233 1877 1417 1926 regiam
1463 1883 1499 1913 et
1534 1889 1557 1916 a

139 1964 269 1987 errore
298 1950 454 1999 scripta,
483 1950 548 1987 fiet
577 1955 745 1986 tantum:
770 1956 982 1986 vexatus
1013 1956 1097 1986 est.
1177 1949 1229 1985 In
1269 1948 1407 1997 regia
1444 1949 1556 1984 Per-

138 2033 222 2058 seo
254 2021 341 2068 cet.)

256 2090 354 2140 Cap.
390 2093 438 2128 44
459 2120 468 2132 ,
514 2093 536 2128 2
585 2092 650 2140 (de
690 2092 839 2128 minore
879 2091 922 2126 L.
954 2089 1105 2125 AEmilii
1135 2088 1212 2125 filio
1244 2095 1333 2138 post
1366 2087 1556 2136 proelium

233 2297 344 2328 sertim
372 2296 399 2327 si
426 2305 543 2327 omnes
573 2296 802 2326 Macedonum
830 2294 945 2325 clades
971 2300 1242 2331 numerarentur,
1270 2303 1380 2333 neque
1406 2294 1446 2323 dc
1475 2302 1556 2323 eon-

233 2358 390 2389 sentienti
418 2357 544 2388 iudicio
570 2358 634 2388 dici
661 2357 708 2388 sie
737 2361 873 2397 poterat
909 2356 987 2397 (pro
1027 2365 1067 2387 eo
1094 2356 1183 2396 quod
1211 2360 1278 2386 cst:
1320 2355 1432 2385 inter
1472 2355 1558 2386 Ro-

233 2419 406 2458 manos).
468 2418 691 2450 scribendum
719 2418 822 2458 igitur
848 2423 914 2449 est:
939 2417 1095 2448 Facile
1119 2415 1426 2452 conveniebat,
1446 2414 1556 2445 aRo-

233 2480 375 2512 manis
414 2489 635 2519 nunquam
671 2486 734 2510 cet.
801 2478 890 2510 Nam
920 2479 1072 2510 dativum
1100 2489 1162 2520 pro
1187 2476 1427 2518 praepositione
1453 2485 1473 2505 a
1499 2474 1557 2506 Li-

233 2541 286 2572 vio
311 2542 461 2583 positum
489 2541 588 2572 nimis
610 2541 724 2572 leviter
749 2547 784 2572 et
808 2541 880 2572 sine
905 2540 1101 2572 discrimine
1120 2538 1424 2570 Drakenborchius
1448 2536 1556 2576 fingit.

232 2602 310 2634 Non
336 2603 448 2633 minus
475 2609 593 2633 contra
619 2603 771 2634 codicem
798 2602 901 2644 paulo
927 2608 1005 2632 ante
1031 2602 1070 2641 (ἓ
1098 2604 1132 2640 6)
1155 2607 1232 2630 ante
1258 2600 1433 2641 scaphis
1459 2598 1558 2628 addi·

232 2668 302 2694 tum
328 2670 379 2695 est
402 2674 431 2697 c·
