1811 2925
821 129 898 166 385
1301 127 1374 158 Lib.
1394 126 1560 158 XXXIII.

156 253 275 291 belli
304 253 463 290 socios
492 253 770 297 habuisset,
801 264 899 288 eum
930 252 991 288 iis
1023 252 1401 287 communicaret
1430 251 1565 300 pacis

156 323 386 361 consilia:
426 323 537 360 falli
568 329 721 360 autem
756 336 856 360 eum
886 328 988 359 tota
1030 335 1098 367 re,
1143 322 1180 358 si
1229 328 1310 359 aut
1338 322 1564 359 Romanis

156 406 315 444 pacem
349 400 428 431 aut
458 393 656 432 Graecioe
689 393 967 430 libertatem
1013 392 1137 428 satis
1175 392 1362 430 firmam
1395 405 1442 430 sc
1473 405 1565 429 crc-

156 467 237 502 dat
265 465 546 502 relicturum
592 464 686 501 nisi
725 463 958 512 Philippo
999 469 1081 499 aut
1110 465 1274 501 occiso
1309 470 1391 500 aut
1418 476 1566 512 regno

156 536 315 586 puISO,
345 543 415 573 cet.
491 537 669 584 Apparet
710 534 938 580 attendenti,
973 534 1215 583 participium
1254 535 1444 584 praefati
1476 547 1568 583 pen-

155 607 246 644 dere
275 619 344 643 nec
379 607 533 644 habere,
564 606 623 643 cui
657 605 900 654 adiungatur,
931 605 1090 642 verbum
1121 606 1290 651 finitum3
1323 619 1411 642 nam
1444 606 1567 654 ipsum

155 690 280 726 neque
311 690 382 726 pro
428 678 534 714 finito
565 677 655 726 poni
686 677 723 712 in
764 677 952 713 sententia
984 675 1147 712 relativa
1175 683 1303 725 potest,
1333 678 1427 726 (qui
1458 690 1568 726 prae-

156 747 246 785 fati
277 761 366 797 pro:
412 748 490 797 qui
523 746 715 796 praefati
745 746 868 795 sunt)
904 759 1027 795 neque
1060 753 1180 784 totam
1212 749 1422 785 orationem
1455 749 1569 797 signi-

156 820 272 856 ficare
309 819 401 867 (pro
432 818 675 863 dixerunt3
710 818 780 854 etsi
803 819 930 854 obstat
949 817 1025 854 iam
1057 819 1246 866 pauca);
1277 826 1313 856 et
1344 820 1375 856 si
1406 821 1490 868 quis
1521 821 1570 856 ad

158 889 348 939 posterius
379 890 454 926 hoc
483 889 767 925 incommodum
811 889 1009 925 vitandum
1040 890 1179 938 fingat,
1221 890 1389 927 indicata
1432 891 1569 940 praesa-

157 961 272 1005 tione,
302 960 487 1008 reliquam
520 960 731 996 orationem
760 959 841 995 sine
863 959 1055 995 communi
1086 960 1235 996 dicendi
1266 963 1385 998 verbo
1415 962 1571 1010 obliqua

157 1032 283 1068 forma
314 1031 481 1079 adiungi7
525 1036 673 1066 evertat.
712 1030 811 1066 hunc
842 1036 1021 1066 conatum
1053 1031 1242 1079 particula
1273 1039 1450 1077 autem,
1489 1046 1572 1082 quae

156 1103 193 1138 in
236 1101 423 1138 eiusmodi
464 1101 626 1137 transitu
677 1100 726 1136 ad
772 1100 958 1148 reliquam
999 1105 1104 1150 (post
1134 1102 1418 1150 praefatiouem)
1453 1105 1571 1140 orati-

156 1184 267 1208 onem
313 1171 552 1208 referendam
592 1171 682 1220 poni
728 1172 868 1220 nequit.
945 1172 1021 1209 Sed
1066 1172 1104 1208 in
1149 1172 1214 1208 illa
1258 1173 1341 1222 ipsa
1385 1176 1573 1223 particula

156 1243 265 1288 inest,
310 1243 413 1291 quod
455 1243 678 1291 quaerimus;
733 1242 884 1291 scripsit
934 1243 1033 1279 enim
1077 1243 1229 1280 Livius:
1275 1245 1376 1293 qui,
1419 1259 1573 1295 pauca

156 1312 369 1363 praefati,
410 1320 543 1350 recte
697 1314 1048 1362 imperatorem
1089 1315 1346 1353 Romanum
1391 1317 1572 1367 faeere,

157 1384 284 1433 quod
462 1398 559 1421 cum
609 1384 665 1420 iis
716 1385 1103 1421 communicaret
1157 1387 1295 1435 pacis
1346 1388 1573 1434 consilia,

161 1454 273 1492 falli
305 1455 442 1495 aiunt
471 1468 571 1491 cum
603 1461 707 1491 tota
736 1468 803 1499 re,
848 1455 889 1491 si
923 1462 993 1492 cet.
1059 1457 1143 1493 Iam
1182 1458 1311 1494 omnia
1341 1465 1455 1507 apta,
1494 1459 1571 1496 iam

161 1533 263 1563 recte
292 1525 507 1574 praefationi
537 1525 692 1573 reliquae
723 1525 907 1562 orationis
939 1527 1128 1575 expositio
1160 1528 1389 1577 adiungitur.
1448 1531 1572 1567 Paulo

162 1603 250 1645 post
295 1598 336 1646 (ξ
369 1595 408 1644 9)
453 1608 584 1632 verum
630 1609 712 1632 esse
756 1597 909 1644 nequit,
972 1597 1075 1646 quod
1122 1597 1160 1634 in
1209 1599 1339 1636 codice
1376 1601 1573 1644 scribitur:

163 1667 275 1705 Cum
306 1675 492 1704 armato
521 1668 664 1703 hoste
693 1666 894 1703 infestis
925 1668 1100 1704 animis
1123 1671 1349 1707 concurri
1379 1671 1571 1713 debere3

163 1739 400 1774 adversus
464 1738 620 1775 victos
689 1738 994 1775 mitissimum
1062 1751 1297 1789 quemque
1367 1742 1574 1778 animum

163 1809 416 1847 maximum
448 1809 471 1845 h
485 1809 646 1853 aber03
680 1821 803 1857 neque
825 1809 923 1846 enim
946 1810 984 1846 id
1005 1810 1132 1858 agitur
1149 1812 1391 1859 quaersturve,
1424 1813 1575 1861 qualem

163 1881 331 1917 animum
361 1879 545 1915 adversus
580 1878 702 1915 victos
731 1879 953 1917 mitissimus
984 1881 1145 1930 quisque
1162 1882 1304 1919 habeat
1335 1883 1389 1931 (id
1413 1883 1512 1920 enim
1538 1884 1575 1919 in

163 1950 246 2000 ipso
263 1949 451 1986 mitissimi
467 1949 631 1985 hominis
648 1949 800 1986 nomine
816 1950 1073 1998 declaratur),
1093 1952 1159 1988 sed
1176 1953 1249 1989 hoc
1266 1953 1389 2002 ipsum
1407 1953 1576 1999 docetur,

163 2021 348 2057 adversus
373 2020 496 2056 victos
525 2020 653 2057 mitem
677 2032 760 2057 esse
786 2020 933 2066 decere,
965 2022 1107 2070 quique
1139 2023 1199 2067 sit,
1230 2036 1314 2060 eum
1349 2024 1508 2072 probari
1541 2031 1578 2061 et

163 2092 324 2129 laudari.
400 2092 539 2138 Itaque
577 2096 644 2126 aut
683 2090 925 2127 scribendum
964 2098 1037 2128 est:
1079 2093 1386 2132 mitissimum
1425 2108 1577 2143 quem—

164 2176 252 2212 que
303 2161 510 2199 animum
561 2161 822 2198 maximum
856 2162 1047 2207 haberi,
1092 2169 1158 2199 aut
1205 2165 1332 2213 potius
1377 2166 1577 2214 (quoniam

164 2231 457 2269 mitissimus
499 2232 704 2280 quisque
746 2231 934 2268 animus
976 2246 1051 2269 non
1093 2234 1206 2271 valde
1243 2236 1382 2284 placet,
1426 2243 1467 2273 ut
1497 2238 1577 2274 ani·

165 2316 314 2340 morum
335 2302 549 2339 distributio
569 2303 675 2348 fiat):
696 2302 1005 2339 mitissimum
1038 2316 1269 2354 quemque
1291 2308 1434 2344 animi
1454 2321 1579 2344 max-

164 2372 248 2409 imi
277 2373 469 2418 haberi,
516 2373 589 2409 hoc
617 2378 698 2417 est,
728 2373 858 2421 magni
894 2373 1011 2410 animi
1042 2375 1313 2414 documentum
1342 2379 1475 2415 haberi
1506 2379 1579 2416 cle-

166 2443 348 2480 mentiam
381 2455 473 2492 erga
502 2438 680 2488 victos.¹)

192 2600 226 2645 ¹)
264 2604 344 2646 Cap.
380 2608 432 2644 13,
478 2610 517 2637 10
554 2606 662 2637 belli
699 2607 842 2647 praeda
879 2617 1034 2647 rerum,
1071 2618 1159 2649 quae
1201 2615 1265 2644 cet.
1309 2610 1365 2652 (ut
1400 2612 1434 2643 in
1466 2613 1580 2643 codice

261 2667 432 2706 scribitur)
458 2674 510 2698 est
534 2667 643 2698 belli
672 2669 1061 2710 praeda‚quatenus
1087 2671 1138 2703 iis
1164 2671 1289 2704 rebus
1317 2673 1581 2713 continetur,

207 2741 347 2764 ”ADVIGH
370 2742 489 2765 Ewrxnu.
515 2740 584 2765 an.
1272 2736 1313 2764 25
