1811 2925
246 143 319 175 Lib.
340 141 542 172 XXXVIII.
915 140 992 176 438

247 267 436 303 indicatur
465 275 602 314 pugnae
641 274 760 311 genus
793 262 915 310 (quod
957 268 1044 297 ante
1074 260 1206 297 Livius
1238 261 1390 297 uberius
1421 259 1655 309 descripsit):

249 339 398 374 Ferro
430 335 633 384 ignique
663 338 800 381 gesta
829 345 916 376 res,
948 332 1083 368 deinde
1113 331 1198 367 loca
1228 337 1263 366 et
1292 338 1449 367 eventus
1480 330 1656 366 dividun-

249 416 326 444 tur:
358 420 381 443 a
413 406 599 442 duobus
632 404 776 440 irrito
807 403 1004 452 incepto
1042 433 1078 440 ..
1109 402 1480 447 abscesserunt;
1514 408 1656 438 atrox

248 490 408 528 pugna
440 477 483 513 in
514 489 650 512 unum
682 480 751 513 cet.
809 475 938 512 Unum
972 474 1173 510 molestum
1205 479 1280 517 est,
1315 473 1417 521 quod
1446 473 1483 508 in
1514 472 1601 508 illo:
1634 485 1659 508 a

248 549 434 586 duobus
483 560 558 583 non
596 546 708 583 facile
739 558 786 581 ex
826 545 1085 594 superioribus
1116 544 1267 580 auditur
1294 543 1435 584 loeis,
1477 543 1657 591 quoniam

251 625 338 670 post
381 620 454 655 hoc
495 617 724 654 vocabulum
774 616 881 652 initio
932 615 1066 663 eapitis
1096 614 1260 663 positum
1304 614 1504 661 (Tribus
1535 614 1658 650 locis

252 691 338 736 oet.)
370 689 490 725 multa
519 687 717 724 interiecta
746 692 845 731 sunt,
875 698 944 721 nec
974 691 1076 721 reete
1107 685 1203 721 sumi
1238 699 1284 721 cx
1313 698 1357 721 eo
1388 691 1524 733 potest„
1557 685 1661 733 quod¹

252 761 423 809 sequitur
454 760 516 809 (in
547 771 682 794 unum
714 755 914 807 locum);
945 757 1095 793 videtur
1126 756 1311 793 excidisse
1340 755 1471 792 locis.
1548 754 1660 791 Certe

252 832 410 881 vulgata
443 831 632 879 scriptura
661 842 737 865 non
767 833 870 864 recte
901 828 1028 865 habet.
1045 823 1075 873 ¹)

363 901 459 950 Cap.
493 903 529 943 9„
573 902 593 936 3
647 899 771 936 oratio
809 899 862 935 sie
906 896 1210 947 intel-pungenda
1256 903 1329 932 est:
1374 897 1485 933 Haec
1530 908 1663 932 mora

253 974 375 1023 (quod
406 972 506 1021 eapti
538 972 586 1007 ab
619 970 889 1007 Aearnanibus
919 968 1140 1005 AEtolorum
1171 967 1287 1015 legati
1317 966 1439 1015 erant)
1480 966 1664 1003 iniecta

254 1051 326 1081 est
370 1044 501 1093 paci,
546 1055 683 1091 quum
724 1041 817 1076 iam
861 1038 1233 1076 Atheniensium
1266 1038 1664 1085 Rhodiorumque

256 1115 435 1164 legati,
475 1114 554 1163 qui
585 1112 640 1149 ad
672 1109 1025 1159 deprecandum
1056 1121 1141 1157 pro
1170 1108 1227 1143 iis
1253 1114 1510 1151 venerant7
1542 1107 1663 1156 apud

261 1185 506 1223 consulem
539 1188 709 1221 essent.
786 1180 1094 1229 Amynander
1138 1191 1325 1226 quoque
1382 1209 1417 1216 ..
1456 1186 1666 1213 venerat

257 1258 299 1292 in
332 1262 498 1292 eastra
527 1257 740 1292 Romana
770 1258 839 1288 cet.
914 1251 1105 1286 Vitiosum
1138 1255 1194 1284 est
1225 1249 1345 1285 enim:
1386 1249 1531 1296 Quum
1575 1247 1664 1283 iam

293 1358 301 1366 .
343 1333 531 1370 essent7
580 1326 675 1361 Am.
714 1334 902 1371 quoque
944 1328 1147 1356 venerat
1196 1320 1281 1367 (pro
1314 1318 1476 1367 venit).
1542 1318 1665 1354 Paulo

258 1406 346 1435 ante
389 1397 425 1446 (ξ
458 1398 499 1445 2)
547 1408 623 1431 non
673 1394 804 1430 debuit
852 1399 957 1428 recta
1005 1390 1146 1427 codicis
1177 1390 1217 1425 M
1259 1390 1448 1438 scriptura
1492 1388 1667 1437 (iurgio

257 1467 471 1517 excepti,
499 1465 723 1515 quamdiu
756 1477 849 1500 rem
882 1463 1179 1505 traherent),
1213 1460 1250 1496 in
1282 1473 1358 1508 qua
1387 1460 1487 1497 idem
1519 1467 1575 1496 est
1606 1459 1665 1495 in-

258 1538 528 1587 terrogationis
559 1537 678 1573 verbo
714 1533 938 1583 indignandi
968 1538 1004 1568 et
1035 1532 1216 1580 querendi
1247 1532 1424 1568 subiectae
1455 1544 1557 1575 usus,
1590 1542 1665 1578 quo

257 1610 394 1646 dieitur
440 1608 588 1645 irasci
638 1606 809 1650 alicui,
845 1617 927 1640 cur
973 1603 1124 1639 faeiat
1175 1609 1210 1639 et
1251 1608 1503 1651 correptus
1549 1614 1668 1643 sum,

283 1817 311 1858 ¹)
349 1817 431 1859 Cap.
461 1821 490 1851 7,
520 1819 537 1846 9
565 1816 638 1855 (ubi
666 1814 776 1854 agitur
801 1813 841 1842 de
869 1811 1024 1841 cuniculo
1046 1811 1107 1841 sub
1135 1820 1229 1841 muro
1250 1810 1439 1840 Ambraciae
1465 1819 1484 1839 a
1504 1808 1667 1840 Romanis

351 1880 449 1920 aeto)
474 1879 572 1909 unice
597 1886 710 1907 verum
738 1880 791 1905 est
816 1873 1006 1911 fulturis,
1034 1873 1124 1912 quod
1154 1872 1311 1903 Gelenius
1337 1881 1379 1902 ex
1415 1872 1450 1902 M
1484 1882 1545 1912 pro
1572 1870 1666 1901 fur-

350 1942 464 1973 culis
492 1940 648 1971 restituit.
709 1937 838 1974 Fureis,
878 1945 944 1965 non
971 1935 1072 1965 modo
1116 1934 1324 1971 furculis,
1362 1943 1412 1963 res
1452 1942 1520 1963 non
1553 1933 1664 1972 magni

350 2004 518 2045 ponderis,
547 2001 645 2032 foruli
673 1999 838 2030 similiave
864 1997 1024 2037 suspendi
1049 2000 1208 2036 possunt3
1247 1996 1290 2025 ad
1318 2004 1470 2031 murum,
1511 1993 1667 2024 cuniculo

352 2065 439 2096 infra
464 2065 576 2100 ducto⁷
604 2060 839 2092 sustinendum
868 2058 1207 2099 suspendendumque
1234 2067 1318 2097 opus
1345 2056 1541 2087 estmaioris
1560 2054 1667 2095 operis

352 2127 534 2158 fulturis
561 2134 604 2154 ex
631 2123 783 2153 trabibus
809 2128 840 2152 et
866 2121 1055 2151 tabularum
1082 2119 1186 2148 iii-mis
1213 2119 1431 2158 compagibus
1450 2124 1482 2149 et
1502 2118 1667 2148 columnis

356 2190 478 2229 ligneis
504 2183 699 2227 (mimicis-h
727 2195 782 2215 ens
810 2180 1014 2226 ἐρείσματα,
1042 2181 1175 2211 nomine
1202 2180 1324 2210 Latino
1352 2180 1400 2210 illi
1426 2190 1562 2221 prorsus
1589 2188 1669 2209 eon·

352 2249 510 2286 venienti⁷
537 2247 700 2287 Polybius
727 2246 875 2286 appellat
894 2245 950 2277 V,
979 2247 998 2274 4
1025 2248 1057 2273 et
1081 2242 1136 2279 V,
1168 2243 1230 2273 100
1267 2243 1299 2271 in
1335 2242 1496 2272 similibus
1523 2240 1668 2280 descrip-

352 2312 497 2342 tionibus
523 2314 793 2350 oppugnatarum
820 2306 962 2343 urbium,
989 2306 1096 2345 ipsam
1122 2308 1233 2333 autem
1262 2299 1329 2333 rem
1356 2301 1575 2334 διαστυλοῦν
1600 2301 1668 2332 τεῖ-

354 2384 416 2416 χος
448 2366 675 2414 (ὑπορυχθὲν
704 2367 762 2401 καὶ
789 2364 1022 2411 κρεμασθέν).
1095 2361 1300 2407 Στήριγγας
1336 2363 1392 2393 alii
1429 2373 1488 2404 pro
1527 2358 1669 2399 στύλοις

352 2434 543 2475 appellant3
581 2432 643 2461 vid.
672 2429 866 2469 Wesseling
902 2429 943 2458 ad
970 2427 1070 2458 Diod.
1099 2426 1165 2457 sic.
1192 2425 1327 2463 XVIII,
1375 2427 1427 2455 70.
1492 2422 1610 2462 Neque
1636 2422 1670 2451 iu

353 2495 544 2526 huiusmodi
585 2492 810 2534 appellatione
844 2488 1104 2520 machinamenti
1141 2489 1321 2529 quiequam
1350 2485 1479 2517 minimi
1506 2484 1666 2515 momenti

353 2557 457 2588 habet
479 2555 645 2586 dubitatio
671 2565 691 2584 a
719 2551 998 2584 Drakenborchio
1037 2557 1150 2587 mota,
1185 2549 1274 2590 quod
1308 2548 1484 2578 fulturae
1505 2544 1669 2576 vocabulo

355 2618 519 2659 (legitime
558 2616 649 2647 facto
687 2622 718 2645 et
755 2615 843 2655 apud
871 2612 1046 2644 Horatium
1080 2610 1205 2652 posito)
1234 2610 1349 2640 Livius
1384 2608 1462 2638 alibi
1499 2617 1577 2638 usus
1604 2616 1668 2637 uon

353 2680 529 2720 reperitur.
