1811 2925
791 172 862 207 193
1328 171 1400 201 Lib.
1429 170 1472 200 X.

117 295 298 345 scriptum
331 305 414 330 esse
462 296 520 343 (ut
548 293 586 329 in
620 295 716 330 Lov.
751 297 771 330 4
815 293 1058 330 emendatum
1090 293 1239 340 vide0):
1290 294 1463 341 Itaque
1495 297 1541 333 et

119 364 517 415 supplicat-iones
563 385 616 390 —-
661 364 928 402 decernunt
958 368 1005 404 et
1046 363 1284 400 iustitium
1334 364 1539 400 remitti-

119 444 195 473 tur
224 449 298 480 ——3
329 434 730 484 supplicatioque
760 442 830 472 etc.
891 436 998 482 (Duo
1032 434 1147 471 simul
1163 435 1338 477 decreta3
1369 435 1444 471 hoc
1473 447 1539 471 ex-

122 515 285 544 tremum
308 507 356 543 de
385 519 427 542 re
458 505 563 542 facta
583 505 834 555 adiungitur).
902 506 1045 542 Hausit
1073 505 1303 555 particulam
1320 505 1541 554 praecedens

118 582 132 618 t
163 579 256 626 (nt),
288 583 329 613 ut-
360 577 478 621 XXI,
530 578 595 621 49,
649 579 683 621 7,
730 577 899 622 XXIV,
933 580 974 622 4,
1022 579 1042 613 5
1074 576 1218 614 factum
1251 576 1541 614 monstrabitur.

120 648 246 685 Paulo
286 654 374 697 post
420 649 454 692 (ξ
494 648 555 694 13)
601 648 863 684 scribendum:
904 649 963 685 ob
1002 649 1097 685 haec
1143 655 1187 684 et
1226 647 1348 697 (nam
1395 659 1541 696 appe-

121 720 258 756 tebat·
314 716 528 767 tempus)
581 718 892 755 comitiorum
956 731 1102 756 causa
1162 720 1206 758 L.
1254 718 1543 754 Volumnius

121 801 216 827 cos.
255 790 450 826 Romam
490 796 765 828 revocatus.
840 791 945 826 Nam
985 790 1089 838 quod
1131 789 1252 826 enim
1287 801 1389 837 saepe
1419 787 1543 824 omitti

121 860 260 897 dicitur
287 860 325 896 in
355 860 668 908 parenthesibus,
713 873 789 897 non
835 866 963 909 potest
991 861 1114 897 omitti
1155 861 1193 897 in
1224 859 1443 896 huiusmodi
1473 872 1542 907 pa-

120 931 288 967 renthesi
319 937 405 979 post
435 931 665 979 particulam
696 932 958 980 copulativam
992 931 1135 967 inserta
1159 931 1208 967 ad
1230 930 1393 967 alterum
1424 943 1543 966 mem-

126 1003 236 1038 brum
256 1002 566 1051 praeparandum.
601 1001 742 1049 (Gron.
759 1010 801 1040 et
819 1002 930 1046 (iam
953 1016 987 1038 a.
1006 1000 1056 1052 t.)
1077 1001 1390 1038 comitiorum
1409 1013 1440 1036 c.
1454 1001 1542 1046 cet.)

235 1071 332 1120 Cap.
366 1073 429 1118 28,
462 1073 483 1109 8
516 1072 569 1122 (in
600 1073 822 1109 narratione
853 1073 989 1122 proelii
1021 1073 1070 1109 ad
1093 1073 1306 1116 Sentinum,
1338 1078 1545 1120 postquam

123 1144 271 1192 equites
297 1145 496 1180 Romanos
528 1157 563 1182 a.
597 1143 640 1180 C.
672 1143 795 1180 Decio
827 1144 939 1180 Mure
982 1143 1020 1180 in
1051 1145 1181 1181 hostes
1213 1144 1426 1180 concitatos
1457 1155 1545 1178 nar-

123 1215 262 1262 ravit):
294 1215 374 1251 Bis
406 1221 634 1250 avertere
657 1214 903 1251 Gallicum
926 1215 1214 1263 equitatum3
1244 1215 1418 1251 iterum
1444 1213 1543 1249 lon-

123 1286 238 1335 gius
270 1293 470 1322 evectos
512 1292 556 1321 et
594 1285 686 1321 iam
736 1285 868 1321 inter
912 1285 1069 1321 media
1107 1285 1316 1333 equitum
1351 1285 1547 1333 agmina

127 1357 366 1406 proelium
414 1355 600 1393 cientes
645 1369 817 1392 novum
855 1368 1029 1405 pugnae
1066 1356 1339 1392 conterruit
1382 1368 1545 1404 genus.

125 1428 271 1464 Iterum
307 1429 399 1470 (hoc
433 1433 502 1472 est,
533 1427 654 1464 altero
685 1427 843 1476 impetu,
875 1440 951 1476 quo
974 1427 1187 1475 equitatum
1210 1426 1405 1464 Gallicum
1437 1439 1546 1462 aver-

126 1498 269 1546 terunt)
315 1497 468 1546 longius
510 1498 631 1534 evecti
671 1504 707 1534 et
737 1497 862 1533 maius
906 1497 1049 1545 aliquid
1081 1498 1210 1534 conati
1253 1496 1372 1547 (quod
1403 1498 1546 1546 siguifi-

125 1575 214 1605 cant
242 1568 442 1617 particulae
472 1575 515 1604 et
545 1567 674 1617 iam),
706 1580 783 1603 non
813 1567 891 1603 iam
917 1567 1018 1604 inter
1047 1568 1193 1616 equites
1223 1568 1262 1604 in
1282 1568 1415 1616 fugam
1437 1581 1546 1604 aver-

126 1652 189 1676 sos
220 1640 367 1676 versari
398 1639 623 1681 debuerunt,
655 1638 722 1674 sed
753 1638 802 1674 ad
832 1639 956 1687 ipsam
985 1639 1156 1688 peditum
1173 1639 1293 1675 aciem
1314 1639 1547 1688 pervenisse‚

127 1723 243 1759 quam
275 1710 445 1759 procella
476 1710 645 1758 equestri
674 1709 822 1746 turbari
852 1710 996 1746 Decius
1027 1710 1215 1746 voluerat.
1280 1711 1420 1758 Itaque
1437 1723 1547 1759 pror-

128 1794 212 1818 sus:
234 1781 366 1818 inter
392 1781 546 1818 media
575 1780 795 1830 peditum
814 1781 1011 1829 agmina
1031 1781 1273 1817 scribendum
1296 1787 1403 1829 puto2
1422 1781 1547 1829 equi-

129 1860 221 1889 tum
254 1865 383 1889 errore
413 1852 658 1889 substitutum
677 1880 686 1897 ,
727 1865 843 1901 quum
874 1852 1034 1888 haereret
1065 1851 1194 1888 animo
1226 1852 1418 1899 equitatus
1452 1851 1548 1887 Gal-

128 1924 189 1960 lici
222 1923 378 1961 mentio.
456 1923 681 1960 Peditum
712 1936 853 1960 nomen
884 1935 955 1971 pro
987 1922 1239 1970 equitibus
1268 1930 1326 1959 ter
1356 1923 1394 1958 in
1425 1922 1550 1958 omni-

128 1997 200 2032 bus
241 1994 437 2031 codicibus
481 1994 728 2030 substitutum
776 2001 832 2030 est
875 1994 1116 2038 XXXVII²
1157 1996 1232 2037 40,
1267 1998 1286 2030 5
1321 2000 1354 2029 et
1390 1996 1451 2038 10,
1481 2006 1550 2029 nec

129 2067 266 2102 desunt
296 2065 474 2114 exempla
504 2064 686 2101 contrarii
716 2064 869 2103 erroris,

251 2135 347 2184 Cap.
375 2137 438 2179 31,
459 2138 480 2172 5
504 2135 656 2171 Livium
686 2148 758 2183 pro
793 2148 850 2180 eo,v
884 2137 987 2184 quod
1005 2142 1078 2171 cst:
1106 2136 1358 2172 Samnites
1390 2148 1550 2171 omnes

131 2206 396 2244 considunt
426 2219 502 2242 non
521 2205 682 2242 dixisse:
715 2205 1004 2243 Samnitium
1039 2219 1200 2243 omnes
1234 2219 1372 2249 cons,
1407 2215 1551 2242 certum

129 2285 198 2317 est.
279 2277 383 2314 Nam
415 2277 591 2322 XXXI„
630 2280 679 2313 45
728 2278 1065 2321 (Macedonum
1103 2277 1207 2314 fere
1248 2277 1467 2314 omnibus
1509 2283 1552 2311 ct

132 2348 423 2396 quibusdam
461 2347 783 2394 Andriorum)
834 2354 870 2383 et
913 2347 1102 2384 adiectum
1145 2347 1245 2384 fere
1284 2356 1320 2385 et
1362 2361 1410 2384 cx
1441 2360 1551 2396 aequo

131 2419 299 2468 positum
332 2418 622 2466 quibusdam
652 2418 874 2467 partitivam
907 2419 1104 2455 notionem
1136 2418 1281 2464 effecit,
1327 2426 1364 2455 et
1394 2419 1553 2456 XXIV.

134 2490 183 2525 32
232 2489 606 2538 (praetorumque
663 2489 756 2525 nisi
810 2489 889 2537 qui
938 2489 1065 2525 inter
1119 2490 1372 2526 tumultum
1427 2490 1553 2526 effu-

133 2566 335 2607 gerunt⁷
395 2572 559 2596 omnes
607 2559 1008 2606 interficiuntur)
1058 2559 1323 2609 interpositum
1379 2561 1419 2597 si
1478 2560 1555 2608 qui

135 2630 305 2678 genitivo
355 2630 481 2667 locum
542 2630 665 2674 dedit-3
719 2630 822 2678 quod
867 2637 993 2666 autem
1051 2630 1267 2667 advocatur
1304 2632 1419 2668 etiam
1466 2632 1554 2676 IX,

136 2703 215 2746 42,
267 2704 333 2746 11,
377 2701 496 2737 miror
539 2700 679 2736 similia
730 2701 851 2737 videri
899 2713 1058 2737 omnes
1100 2701 1303 2738 Hernici
1349 2703 1555 2739 nominis

205 2783 346 2806 §.unvtcn
366 2781 479 2803 limam·
500 2780 574 2804 [ιη.
1247 2789 1286 2817 13
