1811 2925
837 160 914 195 253
1316 156 1391 188 Lib.
1419 156 1534 188 XXII.

173 283 407 319 insistunt
453 281 604 330 quidem
647 282 682 317 h.
722 282 744 317 l.
777 288 865 331 apte
903 282 1114 326 diceretur,
1158 280 1260 328 quod
1302 280 1506 330 incipiendi
1547 288 1585 318 et

174 353 337 390 conandi
376 353 602 402 significatio
647 353 772 390 aliena
805 360 873 392 est.
947 354 992 389 In
1024 350 1091 389 PC
1123 358 1196 387 cst:
1238 353 1583 400 spectandain-

175 424 602 473 strageinsistunt,
624 425 697 461 hoc
719 431 794 461 est:
818 424 1134 473 spectandam
1158 429 1370 471 stragem
1403 424 1585 460 sistunt

175 495 233 544 (ut
254 495 417 539 XXIII,
452 498 488 539 6,
511 496 530 531 2
558 495 595 531 in
610 496 643 532 Ι)
662 496 857 532 scribitur:
904 496 948 532 in
980 494 1439 541 Africaindecedat).
1471 496 1586 532 Latet

174 566 277 602 aliud
309 567 466 603 verbum
498 566 725 614 videturque
756 567 873 603 fuisse
904 573 1080 603 exeunt
1111 570 1149 605 (e
1181 562 1392 614 castris).¹)

286 636 381 687 Cap.
414 641 476 683 54,
513 640 578 674 11:
613 637 875 687 Compares
906 638 1093 674 cladem
1124 636 1180 672 ad
1210 637 1411 684 Eligates
1451 637 1585 673 insu—

173 709 248 745 las
287 708 776 757 Carthaginiensium
815 710 1004 759 proelio
1035 708 1199 745 navali
1226 714 1473 757 acceptam
1512 738 1520 745 .

176 786 257 815 aut
294 792 501 828 pugnam
550 780 800 816 adversam
835 781 879 817 in
927 779 1119 823 Africa,
1164 779 1243 816 cui
1294 786 1468 828 postea
1512 779 1587 815 hic

175 850 279 899 ipse
310 850 557 887 Hannibal
598 852 866 888 succubuit.
925 851 1072 888 Nulla
1116 864 1171 887 ex
1214 857 1353 899 parte
1395 863 1586 899 compa-

175 921 335 957 randae
372 928 481 957 sunt
524 929 594 959 cet.
677 923 729 959 Et
766 923 882 972 paulo
926 922 1057 958 durior
1090 922 1274 959 orationis
1304 920 1443 967 forma,
1485 922 1587 969 quod

175 1004 312 1041 parum
347 1000 482 1041 aperta
513 1001 569 1030 est
598 994 826 1042 significatio
856 994 923 1039 rei,
963 1006 1046 1042 quae
1076 993 1241 1029 fortasse
1272 993 1384 1029 alicui
1414 993 1452 1029 in
1483 1007 1587 1030 men-

175 1069 250 1100 tem
282 1064 412 1100 venirc
442 1065 584 1113 possit,
629 1073 665 1102 et
696 1066 836 1103 codicis
867 1065 1056 1103 Puteanei
1086 1065 1275 1113 scriptura
1299 1068 1588 1113 (compares-

176 1135 460 1185 sets-ladem)
487 1137 590 1183 facit,
621 1144 663 1173 ut
691 1137 874 1183 dubitem,
909 1150 956 1173 an
988 1136 1121 1172 Livius
1152 1135 1362 1185 scripserit:
1395 1148 1588 1184 compa-

176 1218 252 1242 res
290 1207 481 1243 scilicet
520 1206 700 1244 cladem
744 1215 813 1244 cet.
891 1208 967 1245 Sed
1008 1208 1152 1245 incerta
1183 1207 1349 1256 suspicio
1381 1214 1455 1251 est3
1499 1220 1588 1244 nam

176 1277 302 1325 potuit
331 1286 662 1326 comparesset
693 1292 740 1315 ex
770 1279 998 1328 praecedenti
1031 1285 1158 1315 esset
1191 1278 1294 1317 oriri.

289 1345 416 1397 *Cap
451 1351 520 1394 59,
565 1351 587 1386 9
628 1351 682 1398 (in
713 1351 887 1387 oratione
917 1351 971 1387 M.
1004 1349 1126 1394 Iunii,
1156 1349 1274 1397 legati
1305 1350 1590 1398 captivorum):

179 1419 299 1457 Sunt
319 1420 464 1456 etiam
496 1421 549 1457 de
578 1422 761 1458 nostris
792 1422 998 1469 quidam,
1020 1420 1172 1469 quine
1200 1420 1245 1456 in
1277 1421 1378 1457 acie
1401 1422 1590 1470 quidem

178 1489 488 1540 refugerunt,
542 1493 641 1537 sed,
697 1493 927 1542 praesidio
987 1492 1168 1529 castris
1219 1492 1403 1537 relicti,
1453 1505 1590 1540 quum

179 1568 343 1598 castra
384 1563 714 1609 traderentur,
758 1563 805 1600 in
851 1569 1148 1612 potestatem
1192 1563 1402 1599 hostium
1448 1576 1589 1600 vene-

180 1639 298 1669 runt.
358 1633 459 1681 Quid
490 1635 527 1671 in
557 1636 614 1672 his
645 1619 727 1672 vitii
757 1641 868 1680 esset,
899 1635 1016 1672 sensit
1047 1637 1138 1673 Ant.
1170 1634 1412 1680 Perizonius3
1450 1635 1488 1670 in
1518 1635 1591 1671 tol-

179 1704 292 1740 lendo
324 1705 460 1741 mendo
481 1719 616 1755 parum
638 1706 732 1744 felix
752 1706 834 1743 fuit.
880 1706 984 1742 Nam
1018 1706 1081 1755 qui
1112 1719 1165 1743 ne
1192 1706 1236 1742 in
1269 1705 1372 1742 acie
1403 1706 1591 1754 quidem

180 1775 428 1825 refugisse
473 1778 633 1824 dicitur,
676 1791 761 1814 eum
801 1778 956 1823 credas,
1004 1778 1158 1827 (praeter
1199 1778 1312 1814 aliam
1353 1777 1522 1824 laudem)
1554 1777 1591 1813 in

181 1847 262 1883 acie
292 1860 446 1896 quoque
487 1848 638 1886 fortiter
676 1850 802 1886 locum
836 1849 1003 1886 tenuisse
1042 1849 1265 1899 significari;
1312 1849 1425 1885 debet
1464 1855 1591 1884 autem

180 1918 399 1966 significari,
445 1932 510 1956 eos
551 1921 705 1958 omnino
749 1921 844 1958 aciei
875 1920 1053 1970 fugaeque
1097 1921 1305 1970 participes
1343 1932 1419 1955 non
1456 1919 1593 1964 fuisse3

179 2001 249 2025 nec
290 1989 366 2026 ullo
405 1991 520 2027 modo
565 1998 668 2028 recte
711 1993 848 2029 dicitur
891 1993 937 2029 in
984 1992 1092 2028 acie
1134 1991 1374 2040 refugere.
1453 1991 1592 2039 Itaque

180 2060 516 2098 VVeissenbornius
534 2069 685 2100 secutus
708 2064 867 2101 alteram
893 2063 1085 2101 Perizonii
1115 2063 1372 2099 coniecturam
1394 2075 1413 2098 e
1443 2062 1594 2098 duabus

182 2144 237 2168 ex
267 2132 370 2169 acie
400 2134 564 2182 scripsit,
607 2134 811 2181 violentem
853 2147 898 2172 ac
936 2148 983 2171 ne
1021 2134 1074 2170 sic
1114 2133 1267 2182 quidem
1308 2147 1401 2170 vera
1432 2133 1595 2171 efficitur

181 2203 386 2247 sententia;
431 2217 554 2252 neque
592 2206 692 2242 enim
734 2206 937 2255 quaeritur,
979 2205 1079 2242 unde
1118 2204 1298 2253 fugerint,
1341 2204 1405 2253 qui
1439 2205 1594 2241 omnino

181 2286 256 2309 non
287 2273 478 2323 fugerunt.
542 2277 672 2315 Unum
704 2278 836 2314 Livius
875 2277 1040 2314 scribere
1079 2276 1203 2324 potuit
1239 2276 1491 2324 scripsitque:
1537 2289 1595 2313 ne

182 2345 227 2380 in
257 2345 359 2382 acie
404 2346 590 2394 quidem
629 2349 828 2388 fuerunt
866 2350 925 2395 (ut
967 2347 1013 2383 de
1047 2359 1179 2384 eorum
1208 2347 1246 2384 in
1277 2346 1424 2397 proelio
1455 2347 1596 2383 virtute

181 2415 386 2464 ignaviave
417 2417 570 2453 omnino
601 2431 677 2455 non
709 2420 874 2468 agatur).

208 2582 240 2626 ¹)
277 2585 378 2624 Quod
405 2591 460 2626 53,
487 2591 505 2619 8
532 2589 621 2629 apud
658 2588 906 2629 Ingerslevium
945 2588 1046 2620 scribi
1072 2589 1253 2620 iusseram:
1287 2588 1414 2619 nulla
1450 2587 1595 2617 verius

277 2673 283 2679 .
311 2671 318 2678 .
345 2676 352 2683 .
379 2649 571 2681 hostium
598 2657 742 2682 castra
776 2661 889 2689 esse,
921 2651 1020 2682 video
1046 2657 1249 2693 occupatum
1276 2652 1318 2682 ab
1344 2649 1371 2680 Ι.
1399 2649 1442 2683 H.
1470 2649 1597 2680 Vossio

277 2709 390 2744 fuisse.
