1811 2925
819 146 895 182 509
1362 142 1436 173 Lib.
1459 141 1574 173 XLII.

693 266 795 313 Lib.
840 265 1000 312 XLII.

267 404 361 454 Cap.
410 406 452 451 2,
504 410 525 442 6
569 413 603 441 et
653 408 692 440 7:
746 404 1021 452 editumque
1062 402 1117 438 ab
1167 403 1458 439 decemviris
1503 410 1574 439 est

156 485 203 515 et
236 476 339 521 (cod.
373 477 428 513 ab
460 475 748 512 decemviris
779 482 822 512 et
853 474 925 523 ex)
965 474 1140 523 quibus
1179 473 1270 510 diis
1303 474 1574 523 quibusque

156 547 334 584 hostiis
365 546 770 592 sacrificaretur,
809 554 852 583 et
900 553 947 583 ut
983 544 1288 594 supplicatio
1329 545 1430 593 (cod.
1463 558 1574 594 sup-

155 618 480 667 plicatioque)
512 618 756 667 prodigiis
787 617 1044 666 expiandis
1074 616 1243 652 fieret:
1277 617 1446 662 altera,
1477 629 1574 665 quae

157 689 325 738 priore
366 703 488 726 anno
533 689 838 726 valetudinis
884 687 1056 738 populi
1101 699 1246 724 causa
1276 694 1394 724 vota
1425 696 1574 734 esset,

158 774 215 798 ea
255 761 324 797 uti
378 761 611 808 feriaeque
642 767 814 798 essent.
889 759 1142 797 Scribendum
1182 765 1267 795 aut:
1314 765 1355 795 et
1398 758 1575 803 altera,

160 844 260 880 quae
291 839 358 868 aut
387 832 657 880 alteraque,
689 844 806 880 quae3
838 831 1008 880 alioquin
1039 836 1286 879 exspectatur
1302 830 1392 866 novi
1426 830 1575 878 aliquid

164 904 210 941 de
240 905 314 940 hac
343 904 465 941 altera
494 904 784 952 supplicatione.
857 902 1160 940 Scribendumne
1190 902 1257 937 sit:
1304 908 1351 937 et
1393 908 1441 937 ut
1471 914 1578 950 sup-

160 975 370 1024 plicatio
414 988 601 1023 quoque
639 977 815 1024 (propter
851 987 939 1022 que
980 973 1018 1009 in
1063 974 1149 1012 cod.
1182 972 1371 1019 additum)
1403 985 1480 1009 non
1511 973 1575 1009 de-

162 1046 263 1082 finio.
322 1046 473 1083 Deinde
518 1052 646 1082 autem
677 1045 828 1082 videtur
863 1044 995 1081 Livius
1026 1044 1242 1092 scripsisse:
1277 1044 1453 1092 Itaque
1499 1055 1577 1080 sa-

161 1116 443 1153 crificatum
477 1117 577 1166 (cod.
610 1117 679 1153 ita
710 1116 1165 1164 sacrificatumque)
1205 1122 1287 1160 est,
1320 1122 1370 1151 ut
1399 1115 1577 1152 decem-

161 1188 256 1224 viri
299 1188 531 1237 scriptum
564 1188 848 1234 ediderant,
892 1201 969 1224 non
1009 1187 1274 1224 ediderunt.
1333 1186 1442 1222 Idem
1473 1199 1577 1222 men-

161 1258 251 1294 dum
282 1259 547 1307 corrigendum
580 1260 649 1296 erit
680 1272 713 1298 c.
748 1263 813 1304 57,
849 1260 870 1296 2
903 1266 941 1295 et
975 1261 1037 1303 59,
1074 1261 1113 1299 1,
1142 1258 1227 1297 libr.
1260 1257 1412 1300 XLIV,
1446 1258 1509 1301 23,
1543 1259 1578 1300 7.

162 1330 293 1371 XLV,
328 1331 378 1366 25
411 1338 506 1370 extr.
567 1332 675 1368 Alibi
704 1331 780 1367 iam
814 1332 862 1367 ab
894 1330 978 1367 aliis
1009 1330 1200 1367 sublatum
1233 1335 1303 1366 est.
1371 1328 1516 1375 (Etiam
1547 1341 1577 1365 c.

165 1401 212 1444 6,
245 1400 290 1436 12
326 1400 569 1439 scribendum
615 1403 1042 1446 renuntiaverant3
1078 1401 1198 1449 legati
1226 1413 1303 1436 non
1333 1405 1427 1445 tum,
1459 1413 1577 1448 quum

163 1471 396 1520 Apollonius
426 1473 592 1510 Romam
624 1474 748 1519 venit,
790 1473 836 1509 de
868 1486 912 1509 eo
944 1473 1233 1517 renuntiarunt,
1278 1471 1344 1508 sed
1376 1477 1490 1508 antea
1517 1484 1577 1507 re-

163 1543 402 1587 nuntiarant,
434 1556 556 1592 eaque
585 1544 655 1581 fuit
686 1557 829 1585 causa,
885 1557 952 1580 cur
981 1550 1070 1580 tuuc
1100 1551 1179 1580 tam
1222 1542 1384 1591 benigne
1428 1542 1583 1591 excipe·

164 1613 296 1661 retur.)

278 1683 374 1733 Cap.
409 1686 445 1730 3,
480 1686 501 1721 2
537 1685 600 1732 (de
632 1685 679 1733 Q.
714 1684 855 1722 Fulvio
888 1684 1030 1721 Flacco
1066 1696 1223 1720 censore
1254 1683 1372 1721 aedem
1398 1685 1582 1721 Fortunae

166 1755 368 1804 Equestris
413 1755 613 1803 faciente):
660 1756 882 1803 Magnum
926 1762 1258 1792 ornamentum
1307 1767 1355 1792 se
1399 1755 1580 1804 templo

165 1833 305 1863 ratus
350 1827 668 1863 adiecturum.
759 1824 913 1863 Codex:
958 1826 1182 1875 Magnum
1234 1831 1492 1862 ornantum
1538 1832 1587 1862 et

164 1897 343 1946 templo
376 1897 532 1933 iratus
563 1896 881 1942 adiecturum,
913 1910 961 1934 ex
992 1910 1068 1946 quo
1099 1898 1158 1933 fit:
1189 1908 1410 1945 magnum
1444 1909 1581 1933 orna-

163 1974 259 2004 tum
303 1968 345 2004 ei
374 1967 551 2017 templo
589 1974 724 2004 ratus
766 1968 1094 2013 adiecturum,
1138 1980 1263 2015 neque
1296 1967 1396 2003 enim
1427 1967 1474 2003 de
1504 1979 1583 2003 uno

165 2045 391 2075 ornamento
424 2039 571 2088 agitur3
614 2040 656 2076 ei
699 2040 776 2077 iam
816 2039 1065 2089 Kreyssigius
1107 2038 1269 2087 scripsit.
1335 2038 1450 2085 Quod
1480 2037 1581 2073 idem

165 2122 214 2146 ex
243 2110 401 2146 iratus
432 2108 558 2147 effecit
588 2111 657 2147 ita
685 2117 834 2154 ratus,
864 2110 945 2146 sine
977 2122 1095 2146 causa
1128 2108 1293 2154 factum3
1326 2121 1416 2144 nam
1444 2107 1584 2157 saepius

167 2178 204 2215 in
238 2179 303 2215 illo
334 2179 539 2229 participio
581 2181 752 2231 (ratus)
793 2182 972 2219 librarius
1015 2181 1151 2218 leviter
1187 2175 1440 2226 aberravit1).
1500 2179 1580 2216 Ex-

168 2249 367 2298 quisitiore
412 2251 678 2289 emendatione
726 2253 909 2290 utendum
955 2260 1012 2290 est
1050 2252 1167 2303 paulo
1217 2258 1306 2301 post
1336 2250 1372 2300 (ἓ
1400 2251 1469 2298 7),
1518 2249 1583 2286 ubi

166 2321 203 2357 in
254 2321 483 2370 exponenda
531 2330 751 2360 senatorum
815 2324 1067 2361 insectatione
1130 2323 1178 2371 Q.
1224 2321 1355 2360 Fulvii
1415 2320 1584 2358 censoris

191 2570 222 2613 ¹)
263 2573 405 2604 Frustra
430 2573 532 2604 etiam
559 2584 588 2607 c.
617 2578 647 2612 2,
675 2578 694 2606 2
722 2585 764 2607 ex
791 2585 903 2607 errore
929 2577 1066 2615 scribae,
1096 2577 1152 2617 qui
1177 2575 1394 2616 negationem
1418 2573 1507 2605 male
1533 2574 1587 2604 in-

261 2634 357 2667 fersit
383 2635 480 2677 (non
518 2635 672 2667 bellum
709 2638 879 2679 parari)
908 2636 1051 2668 elicitur:
1094 2648 1203 2669 nunc
1229 2636 1396 2668 bellum
1423 2636 1586 2677 parari3

261 2698 376 2738 inepta
397 2703 447 2729 est
473 2698 564 2729 enim
590 2698 749 2739 temporis
775 2699 836 2730 illa
861 2698 1075 2739 significatio.
