1811 2925
868 146 939 181 431
1336 143 1410 174 Lib.
1432 143 1617 175 XXXVII.

198 280 316 316 quum
365 267 538 304 codicum
590 268 820 304 auctoritate
866 268 951 304 sola
995 267 1075 302 liaec
1121 267 1366 303 confirmetur
1411 267 1618 316 scriptura:

197 350 336 386 quum
508 345 722 376 ruerent.
788 338 976 374 incursu
1024 336 1299 373 belluarum
1346 338 1618 374 obtereren-

198 415 287 453 tur,
322 408 532 444 rectissime
563 407 748 445 Gelenius
779 411 817 446 in
853 410 911 446 ed.
931 409 1050 445 Frob.
1081 407 1122 443 II
1154 414 1196 443 et
1229 407 1375 444 addidit
1408 408 1618 456 (ruerent

197 485 241 515 et
271 479 506 523 incursu),
539 479 641 526 quod
673 487 759 527 post
790 485 805 521 t
837 480 989 517 excidit.
1003 476 1042 526 ¹)

308 548 404 598 Cap.
434 552 499 593 45,
536 553 554 585 7
591 550 647 593 (iu
666 549 849 587 Zeuxidis
883 549 1000 597 legati
1031 548 1126 597 regii
1160 547 1366 592 orationeJ:
1397 548 1501 584 Non
1527 555 1617 585 tam

196 620 311 669 quid
342 620 439 668 ipsi
471 620 707 663 dicamus,
739 620 995 663 habemus,
1028 632 1166 667 quam
1200 625 1244 654 ut
1278 632 1299 654 a
1331 619 1470 655 vobis
1502 631 1618 667 quae-

196 703 374 736 ramus,
404 691 623 735 Romani,
655 703 748 739 quo
783 691 981 739 piaculo
1013 691 1215 739 expiare
1245 703 1459 727 errorem
1490 690 1618 738 regis

232 791 268 800 ..
318 762 576 810 possimus.
648 762 821 798 Verbum
863 761 1120 806 habemus,
1164 762 1268 809 quod
1307 762 1348 797 in
1394 759 1618 808 vulgaribus

196 833 392 869 codicibus
435 832 567 879 (etiam
599 832 649 879 B)
682 832 889 876 omittitur,
936 831 1107 867 additum
1149 839 1204 868 est
1237 845 1285 868 ex
1319 831 1361 867 M
1393 830 1618 878 (adnotante

198 901 415 940 Carbachio
446 903 526 939 haec
557 902 660 938 sola:
702 903 812 950 quid
844 902 938 950 ipsi
969 901 1184 938 dicamus
1211 902 1482 948 habemus);
1528 901 1617 949 quid

196 980 412 1021 superesset
442 973 478 1008 in
514 973 688 1009 oratione
722 974 849 1009 scabri
880 980 915 1009 et
946 972 1079 1021 pravi,
1127 972 1470 1009 Drakenborchius
1502 971 1619 1007 sensit

197 1045 466 1088 (habemuse
508 1051 555 1079 ut
586 1048 899 1091 quae1·amus):
942 1051 1047 1080 recta
1079 1042 1210 1079 onmia
1241 1051 1363 1087 erunt,
1395 1043 1426 1080 si
1456 1042 1618 1091 seripse—

194 1112 330 1149 rimus:
364 1125 501 1160 quam
536 1127 559 1150 a
588 1114 729 1151 vobis
764 1114 1038 1163 quaerimus;
1080 1113 1195 1161 idque
1226 1114 1392 1150 fortasse
1425 1113 1549 1161 ipsum
1579 1112 1617 1148 in

195 1183 237 1219 M
267 1182 357 1231 fuit3
390 1195 480 1219 nam
514 1197 782 1232 quaeramus
814 1197 952 1221 vereor
982 1197 1051 1223 ne,
1094 1184 1236 1221 omisso
1276 1185 1525 1228 habemus,
1570 1197 1617 1220 ex

192 1254 413 1290 dicamus
448 1259 574 1290 ortum
604 1255 652 1290 sit
683 1262 719 1290 et
749 1263 958 1304 propterea
989 1255 1162 1292 additum
1195 1262 1253 1292 ut.

305 1323 399 1373 Cap.
431 1325 503 1369 47,
546 1327 564 1361 7
610 1325 675 1368 (de
718 1325 882 1361 comitiis
914 1326 1181 1364 consularibus
1219 1327 1257 1363 in
1297 1338 1436 1363 annum
1473 1327 1548 1362 189
1580 1338 1615 1362 a.

194 1395 326 1440 Ch1·.):
385 1395 587 1432 Fulvius
627 1395 803 1431 consul
845 1407 966 1432 unus
1014 1403 1233 1442 creatur,
1290 1410 1427 1446 quum
1466 1397 1616 1433 ceteri

192 1466 443 1502 centurias
488 1479 579 1502 non
625 1466 929 1515 explessent.
982 1466 1121 1515 isque
1171 1475 1371 1516 postero
1417 1468 1492 1504 die
1537 1466 1617 1507 Cn.

194 1536 444 1580 Manlium,v
506 1535 695 1584 Lepido
740 1537 955 1581 deiecto„
1002 1536 1120 1585 (nam
1175 1538 1395 1575 Messala
1443 1537 1618 1587 tacuit)

194 1606 435 1655 collegam
482 1607 618 1643 dixit.
695 1607 787 1644 Non
836 1607 969 1644 video.
1015 1609 1209 1655 quodnam
1240 1609 1332 1645 illud
1363 1609 1412 1645 sit
1441 1609 1619 1645 Messalae

196 1676 405 1722 silentiumg
447 1690 534 1713 nam
566 1676 765 1726 professus
807 1689 847 1713 se
879 1678 1128 1715 candidatum
1160 1679 1235 1716 iam
1269 1679 1388 1716 multo
1421 1686 1507 1715 ante
1538 1685 1619 1716 erat

195 1759 264 1783 nee
295 1748 341 1783 de
368 1748 551 1796 petitione
583 1748 774 1785 destitisse
810 1748 968 1794 dieitur-3
1014 1762 1138 1798 neque
1175 1749 1364 1786 Manlium
1401 1749 1619 1797 eloquentia

193 1817 331 1854 vicisse
360 1825 467 1867 puto.
543 1819 667 1856 Miror
710 1818 840 1866 igitur,
885 1819 1027 1856 nemini
1068 1820 1274 1869 plac-uisse,
1321 1820 1424 1869 quod
1469 1820 1619 1857 codices

194 1889 248 1938 (B
289 1896 326 1925 et
364 1889 583 1938 Drakenb.)
626 1890 817 1938 praebent,
858 1889 1022 1926 iacuit.
1096 1891 1307 1940 Lepidum,
1350 1891 1455 1927 cuius
1485 1891 1618 1939 petitio

194 1959 340 2008 aliquid
383 1961 520 1996 virium
566 1961 745 1996 habuerit
787 1967 823 1996 et
867 1972 1032 2008 quocum
1079 1968 1273 1997 certamen
1306 1961 1441 2006 fuerit⁷
1485 1960 1618 1997 Livius

193 2030 380 2066 deiectum
424 2042 507 2067 esse
547 2031 660 2075 dicit,
706 2031 917 2067 Messalam
960 2043 1036 2066 non
1082 2029 1292 2072 deiectumq
1339 2032 1407 2068 sed
1457 2030 1618 2067 iacuisse

193 2100 318 2148 ipsum
350 2113 421 2136 nee
454 2101 531 2138 ulla
562 2113 799 2150 magnopere
834 2100 1020 2149 suffragia
1049 2100 1242 2138 habuisse.

219 2247 248 2291 ²)
286 2250 369 2292 Cap.
386 2255 441 2290 44,
461 2257 481 2284 4
503 2260 593 2284 recte
616 2254 767 2284 codices:
795 2253 933 2292 legati
959 2253 1010 2283 ab
1028 2252 1241 2293 Thyatira
1268 2263 1305 2284 et
1324 2253 1372 2293 (a)
1390 2252 1617 2293 Magnesia

286 2313 336 2343 ab
365 2313 544 2354 Sipylo.
567 2339 574 2344 .
595 2339 601 2344 .
622 2321 842 2352 venerunt,
864 2320 938 2345 'non
965 2314 1054 2354 quod
1081 2314 1215 2345 dicatur
1239 2324 1300 2356 per
1326 2324 1360 2346 se
1388 2314 1616 2354 Magnesia

285 2374 336 2405 ab
364 2374 409 2406 S..
438 2376 494 2407 sed
520 2376 622 2417 quod,
652 2376 707 2406 ubi
742 2375 782 2405 de
808 2375 1004 2406 hominibus
1030 2375 1145 2416 aliquo
1181 2376 1344 2417 profectis
1371 2377 1492 2416 agitur,
1532 2384 1616 2416 prae-

286 2436 409 2476 positio
441 2439 481 2468 ad
508 2448 581 2469 eam
609 2438 783 2468 notionem
812 2438 1103 2474 accommodatur,
1130 2444 1168 2469 ut
1197 2439 1253 2478 qui
1280 2440 1323 2469 ad
1350 2438 1500 2479 Sipylum
1528 2444 1615 2473 sunt,

287 2497 329 2528 ab
370 2498 487 2539 Sipylo
531 2498 664 2529 venisse
714 2499 888 2529 dicantur.
933 2499 1222 2539 quemadmodum
1262 2511 1278 2531 e
1318 2501 1487 2532 contraria
1522 2505 1615 2540 parte

286 2559 407 2590 Latine
439 2561 587 2591 venire
627 2561 673 2591 ad
707 2560 898 2600 aliquem
936 2560 1137 2598 Romam,
1181 2562 1219 2592 in
1260 2561 1436 2592 Italiam
1475 2561 1615 2597 dicitu1·;

288 2621 401 2662 itaque
435 2622 578 2660 incolae,
616 2632 718 2662 quum
754 2622 835 2653 alibi
871 2631 1046 2654 versantes
1084 2623 1299 2663 cogitantur.
1335 2624 1559 2663 Magnetes
1599 2632 1616 2652 a

289 2681 440 2723 Sipylo
462 2683 677 2724 appellantur
696 2682 746 2723 (οἱ
773 2680 846 2717 ἀπὸ
878 2684 921 2716 Σ.
950 2681 1170 2727 ,Μάγνητεςὶ
