<?xml version="1.0" encoding="UTF-8"?>
<!DOCTYPE html PUBLIC "-//W3C//DTD XHTML 1.0 Transitional//EN"
    "http://www.w3.org/TR/xhtml1/DTD/xhtml1-transitional.dtd">
<html xmlns="http://www.w3.org/1999/xhtml" xml:lang="en" lang="en">
 <head>
  <title>
</title>
<meta http-equiv="Content-Type" content="text/html;charset=utf-8" />
  <meta name='ocr-system' content='tesseract 3.04.00' />
  <meta name='ocr-capabilities' content='ocr_page ocr_carea ocr_par ocr_line ocrx_word'/>
</head>
<body>
  <div class='ocr_page' id='page_1' title='image "./emendationeslivi00madvuoft_0007.png"; bbox 0 0 1811 2925; ppageno 0'>
   <div class='ocr_carea' id='block_1_1' title="bbox 338 661 1404 724">
    <p class='ocr_par' dir='ltr' id='par_1_1' title="bbox 338 661 1404 724">
     <span class='ocr_line' id='line_1_1' title="bbox 338 661 1404 724; baseline 0.001 -3"><span class='ocrx_word' id='word_1_1' title='bbox 338 661 909 723; x_wconf 82' lang='lat' dir='ltr'><strong>EMENDATIONUM</strong></span> <span class='ocrx_word' id='word_1_2' title='bbox 946 661 1404 724; x_wconf 83' lang='lat' dir='ltr'>LIVIANARUM</span> 
     </span>
    </p>
   </div>
   <div class='ocr_carea' id='block_1_2' title="bbox 150 772 1577 911">
    <p class='ocr_par' dir='ltr' id='par_1_2' title="bbox 150 772 1577 911">
     <span class='ocr_line' id='line_1_2' title="bbox 751 772 982 809; baseline 0.004 -1"><span class='ocrx_word' id='word_1_3' title='bbox 751 772 843 809; x_wconf 78' lang='lat' dir='ltr'><strong>PARS</strong></span> <span class='ocrx_word' id='word_1_4' title='bbox 871 773 982 809; x_wconf 76' lang='lat' dir='ltr'>PRntA</span> 
     </span>
     <span class='ocr_line' id='line_1_3' title="bbox 150 867 1577 911; baseline 0.002 -3"><span class='ocrx_word' id='word_1_5' title='bbox 150 868 252 909; x_wconf 77' lang='lat' dir='ltr'>less</span> <span class='ocrx_word' id='word_1_6' title='bbox 280 868 499 909; x_wconf 83' lang='lat' dir='ltr'>LIBRORUM</span> <span class='ocrx_word' id='word_1_7' title='bbox 530 868 675 908; x_wconf 76' lang='lat' dir='ltr'><strong>DECEM</strong></span> <span class='ocrx_word' id='word_1_8' title='bbox 712 867 936 909; x_wconf 82' lang='lat' dir='ltr'>PRIMORUM</span> <span class='ocrx_word' id='word_1_9' title='bbox 966 869 1296 911; x_wconf 67' lang='lat' dir='ltr'>EMENDATIONES</span> <span class='ocrx_word' id='word_1_10' title='bbox 1328 870 1577 911; x_wconf 68' lang='lat' dir='ltr'><strong>CONTINENS.</strong></span> 
     </span>
    </p>
   </div>
   <div class='ocr_carea' id='block_1_3' title="bbox 733 1046 995 1088">
    <p class='ocr_par' dir='ltr' id='par_1_3' title="bbox 733 1046 995 1088">
     <span class='ocr_line' id='line_1_4' title="bbox 733 1046 995 1088; baseline -0.008 -2"><span class='ocrx_word' id='word_1_11' title='bbox 733 1046 995 1088; x_wconf 73' lang='lat' dir='ltr'>l’ssoomnml.</span> 
     </span>
    </p>
   </div>
   <div class='ocr_carea' id='block_1_4' title="bbox 149 1128 1578 2635">
    <p class='ocr_par' dir='ltr' id='par_1_4' title="bbox 149 1128 1578 2635">
     <span class='ocr_line' id='line_1_5' title="bbox 154 1128 1576 1212; baseline 0.003 -16"><span class='ocrx_word' id='word_1_12' title='bbox 154 1128 304 1212; x_wconf 60' lang='lat' dir='ltr'>Quum</span> <span class='ocrx_word' id='word_1_13' title='bbox 337 1160 385 1198; x_wconf 91' lang='lat' dir='ltr'>T.</span> <span class='ocrx_word' id='word_1_14' title='bbox 404 1155 508 1196; x_wconf 82' lang='lat' dir='ltr'>Livii</span> <span class='ocrx_word' id='word_1_15' title='bbox 538 1159 656 1195; x_wconf 87' lang='lat' dir='ltr'>libros</span> <span class='ocrx_word' id='word_1_16' title='bbox 686 1159 774 1195; x_wconf 82' lang='lat' dir='ltr'>inde</span> <span class='ocrx_word' id='word_1_17' title='bbox 805 1160 854 1196; x_wconf 90' lang='lat' dir='ltr'>ab</span> <span class='ocrx_word' id='word_1_18' title='bbox 886 1159 1159 1207; x_wconf 83' lang='lat' dir='ltr'>adolescentia,</span> <span class='ocrx_word' id='word_1_19' title='bbox 1190 1168 1231 1197; x_wconf 83' lang='lat' dir='ltr'>ut</span> <span class='ocrx_word' id='word_1_20' title='bbox 1251 1174 1323 1210; x_wconf 88' lang='lat' dir='ltr'>par</span> <span class='ocrx_word' id='word_1_21' title='bbox 1346 1169 1429 1198; x_wconf 82' lang='lat' dir='ltr'>erat</span> <span class='ocrx_word' id='word_1_22' title='bbox 1452 1163 1576 1200; x_wconf 90' lang='lat' dir='ltr'>homi-</span> 
     </span>
     <span class='ocr_line' id='line_1_6' title="bbox 151 1230 1576 1283; baseline 0.001 -14"><span class='ocrx_word' id='word_1_23' title='bbox 151 1246 240 1269; x_wconf 85' lang='lat' dir='ltr'>nem</span> <span class='ocrx_word' id='word_1_24' title='bbox 269 1232 308 1268; x_wconf 89' lang='lat' dir='ltr'>in</span> <span class='ocrx_word' id='word_1_25' title='bbox 338 1231 452 1268; x_wconf 87' lang='lat' dir='ltr'>rebus</span> <span class='ocrx_word' id='word_1_26' title='bbox 486 1230 745 1279; x_wconf 75' lang='lat' dir='ltr'>institutisque</span> <span class='ocrx_word' id='word_1_27' title='bbox 774 1232 1041 1268; x_wconf 83' lang='lat' dir='ltr'>Romanorum</span> <span class='ocrx_word' id='word_1_28' title='bbox 1075 1233 1352 1281; x_wconf 78' lang='lat' dir='ltr'>cognoscendis</span> <span class='ocrx_word' id='word_1_29' title='bbox 1380 1234 1576 1283; x_wconf 84' lang='lat' dir='ltr'>explican-</span> 
     </span>
     <span class='ocr_line' id='line_1_7' title="bbox 152 1301 1575 1353; baseline 0.003 -14"><span class='ocrx_word' id='word_1_30' title='bbox 152 1303 289 1351; x_wconf 83' lang='lat' dir='ltr'>disque</span> <span class='ocrx_word' id='word_1_31' title='bbox 320 1309 356 1339; x_wconf 83' lang='lat' dir='ltr'>et</span> <span class='ocrx_word' id='word_1_32' title='bbox 385 1302 424 1338; x_wconf 89' lang='lat' dir='ltr'>in</span> <span class='ocrx_word' id='word_1_33' title='bbox 455 1303 641 1338; x_wconf 87' lang='lat' dir='ltr'>sermonis</span> <span class='ocrx_word' id='word_1_34' title='bbox 675 1302 804 1339; x_wconf 82' lang='lat' dir='ltr'>Latini</span> <span class='ocrx_word' id='word_1_35' title='bbox 843 1303 992 1352; x_wconf 87' lang='lat' dir='ltr'>legibus</span> <span class='ocrx_word' id='word_1_36' title='bbox 1032 1304 1279 1353; x_wconf 79' lang='lat' dir='ltr'>exquirendis</span> <span class='ocrx_word' id='word_1_37' title='bbox 1314 1301 1575 1343; x_wconf 86' lang='lat' dir='ltr'>declarandis-</span> 
     </span>
     <span class='ocr_line' id='line_1_8' title="bbox 152 1374 1577 1424; baseline 0.002 -13"><span class='ocrx_word' id='word_1_38' title='bbox 152 1388 228 1423; x_wconf 87' lang='lat' dir='ltr'>que</span> <span class='ocrx_word' id='word_1_39' title='bbox 244 1380 488 1424; x_wconf 85' lang='lat' dir='ltr'>occupatum,</span> <span class='ocrx_word' id='word_1_40' title='bbox 522 1374 692 1411; x_wconf 84' lang='lat' dir='ltr'>studiose</span> <span class='ocrx_word' id='word_1_41' title='bbox 707 1374 953 1421; x_wconf 83' lang='lat' dir='ltr'>lectitassem,</span> <span class='ocrx_word' id='word_1_42' title='bbox 988 1388 1065 1412; x_wconf 92' lang='lat' dir='ltr'>non</span> <span class='ocrx_word' id='word_1_43' title='bbox 1086 1388 1244 1424; x_wconf 87' lang='lat' dir='ltr'>paucos,</span> <span class='ocrx_word' id='word_1_44' title='bbox 1276 1382 1317 1412; x_wconf 85' lang='lat' dir='ltr'>ut</span> <span class='ocrx_word' id='word_1_45' title='bbox 1332 1378 1385 1422; x_wconf 86' lang='lat' dir='ltr'>fit,</span> <span class='ocrx_word' id='word_1_46' title='bbox 1415 1378 1577 1414; x_wconf 85' lang='lat' dir='ltr'>subinde</span> 
     </span>
     <span class='ocr_line' id='line_1_9' title="bbox 149 1444 1577 1495; baseline 0.004 -14"><span class='ocrx_word' id='word_1_47' title='bbox 149 1446 256 1483; x_wconf 85' lang='lat' dir='ltr'>locos</span> <span class='ocrx_word' id='word_1_48' title='bbox 288 1446 587 1489; x_wconf 83' lang='lat' dir='ltr'>adnotaveram,</span> <span class='ocrx_word' id='word_1_49' title='bbox 631 1445 671 1481; x_wconf 90' lang='lat' dir='ltr'>in</span> <span class='ocrx_word' id='word_1_50' title='bbox 703 1444 839 1493; x_wconf 86' lang='lat' dir='ltr'>quibus</span> <span class='ocrx_word' id='word_1_51' title='bbox 870 1445 1090 1492; x_wconf 85' lang='lat' dir='ltr'>meliorem,</span> <span class='ocrx_word' id='word_1_52' title='bbox 1136 1459 1252 1495; x_wconf 83' lang='lat' dir='ltr'>quam</span> <span class='ocrx_word' id='word_1_53' title='bbox 1285 1460 1369 1495; x_wconf 86' lang='lat' dir='ltr'>quae</span> <span class='ocrx_word' id='word_1_54' title='bbox 1397 1448 1436 1484; x_wconf 86' lang='lat' dir='ltr'>in</span> <span class='ocrx_word' id='word_1_55' title='bbox 1468 1450 1577 1486; x_wconf 81' lang='lat' dir='ltr'>editis</span> 
     </span>
     <span class='ocr_line' id='line_1_10' title="bbox 149 1515 1578 1569; baseline 0.004 -17"><span class='ocrx_word' id='word_1_56' title='bbox 149 1516 337 1565; x_wconf 80' lang='lat' dir='ltr'>exemplis</span> <span class='ocrx_word' id='word_1_57' title='bbox 360 1515 680 1562; x_wconf 84' lang='lat' dir='ltr'>circumferretur,</span> <span class='ocrx_word' id='word_1_58' title='bbox 712 1516 940 1564; x_wconf 79' lang='lat' dir='ltr'>scripturam</span> <span class='ocrx_word' id='word_1_59' title='bbox 973 1524 1039 1554; x_wconf 84' lang='lat' dir='ltr'>aut</span> <span class='ocrx_word' id='word_1_60' title='bbox 1069 1530 1089 1553; x_wconf 91' lang='lat' dir='ltr'>e</span> <span class='ocrx_word' id='word_1_61' title='bbox 1120 1518 1316 1555; x_wconf 74' lang='lat' dir='ltr'>codicibus</span> <span class='ocrx_word' id='word_1_62' title='bbox 1345 1521 1444 1557; x_wconf 86' lang='lat' dir='ltr'>sumi</span> <span class='ocrx_word' id='word_1_63' title='bbox 1464 1533 1578 1569; x_wconf 86' lang='lat' dir='ltr'>posse</span> 
     </span>
     <span class='ocr_line' id='line_1_11' title="bbox 151 1586 1576 1638; baseline 0.005 -16"><span class='ocrx_word' id='word_1_64' title='bbox 151 1592 218 1622; x_wconf 88' lang='lat' dir='ltr'>aut</span> <span class='ocrx_word' id='word_1_65' title='bbox 249 1586 411 1622; x_wconf 87' lang='lat' dir='ltr'>aliorum</span> <span class='ocrx_word' id='word_1_66' title='bbox 444 1594 510 1623; x_wconf 86' lang='lat' dir='ltr'>aut</span> <span class='ocrx_word' id='word_1_67' title='bbox 543 1588 707 1636; x_wconf 89' lang='lat' dir='ltr'>denique</span> <span class='ocrx_word' id='word_1_68' title='bbox 737 1600 825 1624; x_wconf 87' lang='lat' dir='ltr'>mea</span> <span class='ocrx_word' id='word_1_69' title='bbox 855 1588 1075 1625; x_wconf 83' lang='lat' dir='ltr'>coniectura</span> <span class='ocrx_word' id='word_1_70' title='bbox 1105 1597 1296 1638; x_wconf 86' lang='lat' dir='ltr'>repertam</span> <span class='ocrx_word' id='word_1_71' title='bbox 1328 1603 1411 1627; x_wconf 90' lang='lat' dir='ltr'>esse</span> <span class='ocrx_word' id='word_1_72' title='bbox 1431 1592 1576 1629; x_wconf 87' lang='lat' dir='ltr'>iudica-</span> 
     </span>
     <span class='ocr_line' id='line_1_12' title="bbox 149 1657 1577 1711; baseline 0.006 -18"><span class='ocrx_word' id='word_1_73' title='bbox 149 1657 255 1693; x_wconf 86' lang='lat' dir='ltr'><strong>bam.</strong></span> <span class='ocrx_word' id='word_1_74' title='bbox 307 1658 424 1694; x_wconf 85' lang='lat' dir='ltr'>Anno</span> <span class='ocrx_word' id='word_1_75' title='bbox 459 1664 587 1695; x_wconf 88' lang='lat' dir='ltr'>autem</span> <span class='ocrx_word' id='word_1_76' title='bbox 627 1661 729 1696; x_wconf 82' lang='grc'>1835</span> <span class='ocrx_word' id='word_1_77' title='bbox 760 1666 884 1695; x_wconf 89' lang='lat' dir='ltr'>totum</span> <span class='ocrx_word' id='word_1_78' title='bbox 919 1672 1015 1709; x_wconf 93' lang='lat' dir='ltr'>opus</span> <span class='ocrx_word' id='word_1_79' title='bbox 1046 1661 1282 1709; x_wconf 81' lang='lat' dir='ltr'>pertractavi</span> <span class='ocrx_word' id='word_1_80' title='bbox 1316 1663 1577 1711; x_wconf 87' lang='lat' dir='ltr'>perlustratis·</span> 
     </span>
     <span class='ocr_line' id='line_1_13' title="bbox 151 1729 1576 1781; baseline 0.006 -17"><span class='ocrx_word' id='word_1_81' title='bbox 151 1741 226 1777; x_wconf 90' lang='lat' dir='ltr'>que</span> <span class='ocrx_word' id='word_1_82' title='bbox 256 1729 493 1777; x_wconf 86' lang='lat' dir='ltr'>superiorum</span> <span class='ocrx_word' id='word_1_83' title='bbox 518 1730 908 1779; x_wconf 84' lang='lat' dir='ltr'>Drakenborchiique</span> <span class='ocrx_word' id='word_1_84' title='bbox 929 1737 966 1767; x_wconf 85' lang='lat' dir='ltr'>et</span> <span class='ocrx_word' id='word_1_85' title='bbox 996 1731 1028 1767; x_wconf 89' lang='lat' dir='ltr'>si</span> <span class='ocrx_word' id='word_1_86' title='bbox 1059 1744 1143 1780; x_wconf 87' lang='lat' dir='ltr'>quae</span> <span class='ocrx_word' id='word_1_87' title='bbox 1175 1738 1264 1781; x_wconf 85' lang='lat' dir='ltr'>post</span> <span class='ocrx_word' id='word_1_88' title='bbox 1295 1746 1379 1769; x_wconf 88' lang='lat' dir='ltr'>eum</span> <span class='ocrx_word' id='word_1_89' title='bbox 1407 1747 1576 1772; x_wconf 86' lang='lat' dir='ltr'>accesse-</span> 
     </span>
     <span class='ocr_line' id='line_1_14' title="bbox 150 1800 1577 1854; baseline 0.005 -18"><span class='ocrx_word' id='word_1_90' title='bbox 150 1806 249 1845; x_wconf 82' lang='lat' dir='ltr'>rant,</span> <span class='ocrx_word' id='word_1_91' title='bbox 281 1800 403 1848; x_wconf 82' lang='lat' dir='ltr'>copiis</span> <span class='ocrx_word' id='word_1_92' title='bbox 434 1802 619 1838; x_wconf 85' lang='lat' dir='ltr'>orationis</span> <span class='ocrx_word' id='word_1_93' title='bbox 650 1801 817 1839; x_wconf 86' lang='lat' dir='ltr'>formam</span> <span class='ocrx_word' id='word_1_94' title='bbox 847 1802 1068 1851; x_wconf 71' lang='lat' dir='ltr'>recognovi,</span> <span class='ocrx_word' id='word_1_95' title='bbox 1100 1803 1206 1840; x_wconf 90' lang='lat' dir='ltr'>cuius</span> <span class='ocrx_word' id='word_1_96' title='bbox 1236 1806 1511 1854; x_wconf 83' lang='lat' dir='ltr'>recognitionis</span> <span class='ocrx_word' id='word_1_97' title='bbox 1542 1814 1577 1843; x_wconf 86' lang='lat' dir='ltr'>et</span> 
     </span>
     <span class='ocr_line' id='line_1_15' title="bbox 150 1871 1577 1915; baseline 0.006 -9"><span class='ocrx_word' id='word_1_98' title='bbox 150 1871 190 1907; x_wconf 90' lang='lat' dir='ltr'>in</span> <span class='ocrx_word' id='word_1_99' title='bbox 221 1873 506 1909; x_wconf 83' lang='lat' dir='ltr'>commentariis</span> <span class='ocrx_word' id='word_1_100' title='bbox 538 1873 632 1910; x_wconf 89' lang='lat' dir='ltr'>meis</span> <span class='ocrx_word' id='word_1_101' title='bbox 663 1872 926 1910; x_wconf 82' lang='lat' dir='ltr'>Ciceronianis</span> <span class='ocrx_word' id='word_1_102' title='bbox 966 1874 1021 1910; x_wconf 85' lang='lat' dir='ltr'>ad-</span> <span class='ocrx_word' id='word_1_103' title='bbox 1057 1874 1177 1911; x_wconf 89' lang='lat' dir='ltr'>libros</span> <span class='ocrx_word' id='word_1_104' title='bbox 1218 1875 1265 1912; x_wconf 88' lang='lat' dir='ltr'>de</span> <span class='ocrx_word' id='word_1_105' title='bbox 1304 1877 1442 1914; x_wconf 87' lang='lat' dir='ltr'>finibus</span> <span class='ocrx_word' id='word_1_106' title='bbox 1473 1884 1510 1914; x_wconf 82' lang='lat' dir='ltr'>et</span> <span class='ocrx_word' id='word_1_107' title='bbox 1538 1878 1577 1915; x_wconf 89' lang='lat' dir='ltr'>in</span> 
     </span>
     <span class='ocr_line' id='line_1_16' title="bbox 150 1942 1575 1996; baseline 0.006 -19"><span class='ocrx_word' id='word_1_108' title='bbox 150 1942 310 1987; x_wconf 73' lang='lat' dir='ltr'>libellis,</span> <span class='ocrx_word' id='word_1_109' title='bbox 359 1955 456 1990; x_wconf 88' lang='lat' dir='ltr'>quos</span> <span class='ocrx_word' id='word_1_110' title='bbox 494 1951 584 1993; x_wconf 86' lang='lat' dir='ltr'>post</span> <span class='ocrx_word' id='word_1_111' title='bbox 613 1945 705 1981; x_wconf 83' lang='lat' dir='ltr'>illud</span> <span class='ocrx_word' id='word_1_112' title='bbox 735 1951 886 1993; x_wconf 87' lang='lat' dir='ltr'>tempus</span> <span class='ocrx_word' id='word_1_113' title='bbox 918 1945 1080 1994; x_wconf 89' lang='lat' dir='ltr'>scriptos</span> <span class='ocrx_word' id='word_1_114' title='bbox 1111 1942 1273 1983; x_wconf 88' lang='lat' dir='ltr'>alterum</span> <span class='ocrx_word' id='word_1_115' title='bbox 1305 1948 1575 1996; x_wconf 87' lang='lat' dir='ltr'>opusculorum</span> 
     </span>
     <span class='ocr_line' id='line_1_17' title="bbox 151 2015 1578 2063; baseline 0.004 -13"><span class='ocrx_word' id='word_1_116' title='bbox 151 2026 325 2050; x_wconf 87' lang='lat' dir='ltr'>meorum</span> <span class='ocrx_word' id='word_1_117' title='bbox 352 2015 660 2052; x_wconf 81' lang='lat' dir='ltr'>academicorum</span> <span class='ocrx_word' id='word_1_118' title='bbox 680 2015 861 2052; x_wconf 82' lang='lat' dir='ltr'>volumen</span> <span class='ocrx_word' id='word_1_119' title='bbox 882 2017 1061 2063; x_wconf 84' lang='lat' dir='ltr'>continet,</span> <span class='ocrx_word' id='word_1_120' title='bbox 1092 2018 1186 2054; x_wconf 86' lang='lat' dir='ltr'>satis</span> <span class='ocrx_word' id='word_1_121' title='bbox 1208 2018 1328 2054; x_wconf 83' lang='lat' dir='ltr'>multa</span> <span class='ocrx_word' id='word_1_122' title='bbox 1347 2019 1578 2056; x_wconf 87' lang='lat' dir='ltr'>documenta</span> 
     </span>
     <span class='ocr_line' id='line_1_18' title="bbox 150 2087 1575 2138; baseline 0.006 -18"><span class='ocrx_word' id='word_1_123' title='bbox 150 2090 320 2124; x_wconf 83' lang='lat' dir='ltr'>exstant.</span> <span class='ocrx_word' id='word_1_124' title='bbox 412 2087 564 2123; x_wconf 88' lang='lat' dir='ltr'>Deinde</span> <span class='ocrx_word' id='word_1_125' title='bbox 595 2100 712 2135; x_wconf 88' lang='lat' dir='ltr'>quum</span> <span class='ocrx_word' id='word_1_126' title='bbox 751 2087 800 2123; x_wconf 88' lang='lat' dir='ltr'>ad</span> <span class='ocrx_word' id='word_1_127' title='bbox 838 2087 934 2123; x_wconf 81' lang='lat' dir='ltr'>alias</span> <span class='ocrx_word' id='word_1_128' title='bbox 972 2089 1186 2126; x_wconf 88' lang='lat' dir='ltr'>studiorum</span> <span class='ocrx_word' id='word_1_129' title='bbox 1216 2096 1347 2138; x_wconf 85' lang='lat' dir='ltr'>partes</span> <span class='ocrx_word' id='word_1_130' title='bbox 1377 2090 1575 2128; x_wconf 80' lang='lat' dir='ltr'>traductus</span> 
     </span>
     <span class='ocr_line' id='line_1_19' title="bbox 151 2158 1576 2210; baseline 0.004 -18"><span class='ocrx_word' id='word_1_131' title='bbox 151 2168 293 2202; x_wconf 89' lang='lat' dir='ltr'>essem,</span> <span class='ocrx_word' id='word_1_132' title='bbox 336 2170 405 2206; x_wconf 88' lang='lat' dir='ltr'>per</span> <span class='ocrx_word' id='word_1_133' title='bbox 434 2164 511 2194; x_wconf 86' lang='lat' dir='ltr'>tres</span> <span class='ocrx_word' id='word_1_134' title='bbox 542 2158 658 2194; x_wconf 85' lang='lat' dir='ltr'>etiam</span> <span class='ocrx_word' id='word_1_135' title='bbox 690 2171 835 2204; x_wconf 87' lang='lat' dir='ltr'>annos,</span> <span class='ocrx_word' id='word_1_136' title='bbox 879 2171 976 2207; x_wconf 91' lang='lat' dir='ltr'>quos</span> <span class='ocrx_word' id='word_1_137' title='bbox 1017 2160 1057 2196; x_wconf 92' lang='lat' dir='ltr'>in</span> <span class='ocrx_word' id='word_1_138' title='bbox 1085 2160 1200 2208; x_wconf 86' lang='lat' dir='ltr'>longe</span> <span class='ocrx_word' id='word_1_139' title='bbox 1229 2160 1305 2197; x_wconf 80' lang='lat' dir='ltr'>alio</span> <span class='ocrx_word' id='word_1_140' title='bbox 1335 2162 1576 2210; x_wconf 87' lang='lat' dir='ltr'>negotiorum</span> 
     </span>
     <span class='ocr_line' id='line_1_20' title="bbox 151 2228 1577 2282; baseline 0.005 -19"><span class='ocrx_word' id='word_1_141' title='bbox 151 2239 291 2275; x_wconf 85' lang='lat' dir='ltr'>genere</span> <span class='ocrx_word' id='word_1_142' title='bbox 321 2228 406 2276; x_wconf 84' lang='lat' dir='ltr'>egi,</span> <span class='ocrx_word' id='word_1_143' title='bbox 454 2241 605 2265; x_wconf 86' lang='lat' dir='ltr'>omnem</span> <span class='ocrx_word' id='word_1_144' title='bbox 637 2242 794 2278; x_wconf 86' lang='lat' dir='ltr'>operam</span> <span class='ocrx_word' id='word_1_145' title='bbox 825 2231 1098 2280; x_wconf 82' lang='lat' dir='ltr'>philologicam</span> <span class='ocrx_word' id='word_1_146' title='bbox 1130 2231 1440 2279; x_wconf 85' lang='lat' dir='ltr'>intermisissem,</span> <span class='ocrx_word' id='word_1_147' title='bbox 1471 2240 1577 2282; x_wconf 87' lang='lat' dir='ltr'>post-</span> 
     </span>
     <span class='ocr_line' id='line_1_21' title="bbox 153 2299 1576 2351; baseline 0.004 -17"><span class='ocrx_word' id='word_1_148' title='bbox 153 2310 270 2345; x_wconf 84' lang='lat' dir='ltr'>quam</span> <span class='ocrx_word' id='word_1_149' title='bbox 313 2311 347 2334; x_wconf 88' lang='lat' dir='ltr'>a.</span> <span class='ocrx_word' id='word_1_150' title='bbox 393 2299 494 2336; x_wconf 84' lang='lat'>1852</span> <span class='ocrx_word' id='word_1_151' title='bbox 533 2299 621 2334; x_wconf 84' lang='lat' dir='ltr'>vitae</span> <span class='ocrx_word' id='word_1_152' title='bbox 667 2301 899 2338; x_wconf 81' lang='lat' dir='ltr'>academicae</span> <span class='ocrx_word' id='word_1_153' title='bbox 934 2309 971 2338; x_wconf 85' lang='lat' dir='ltr'>et</span> <span class='ocrx_word' id='word_1_154' title='bbox 1005 2302 1227 2351; x_wconf 74' lang='lat' dir='ltr'>philologiae</span> <span class='ocrx_word' id='word_1_155' title='bbox 1272 2303 1442 2340; x_wconf 87' lang='lat' dir='ltr'>redditus</span> <span class='ocrx_word' id='word_1_156' title='bbox 1480 2316 1576 2340; x_wconf 88' lang='lat' dir='ltr'>sum.</span> 
     </span>
     <span class='ocr_line' id='line_1_22' title="bbox 150 2354 1577 2422; baseline 0.006 -18"><span class='ocrx_word' id='word_1_157' title='bbox 150 2354 318 2417; x_wconf 88' lang='lat' dir='ltr'>primum</span> <span class='ocrx_word' id='word_1_158' title='bbox 338 2382 461 2418; x_wconf 88' lang='lat' dir='ltr'>prope</span> <span class='ocrx_word' id='word_1_159' title='bbox 477 2381 580 2415; x_wconf 88' lang='lat' dir='ltr'>casu,</span> <span class='ocrx_word' id='word_1_160' title='bbox 613 2371 843 2408; x_wconf 85' lang='lat' dir='ltr'>academicae</span> <span class='ocrx_word' id='word_1_161' title='bbox 869 2373 1087 2422; x_wconf 85' lang='lat' dir='ltr'>scriptionis</span> <span class='ocrx_word' id='word_1_162' title='bbox 1113 2374 1341 2410; x_wconf 84' lang='lat' dir='ltr'>necessitate</span> <span class='ocrx_word' id='word_1_163' title='bbox 1364 2375 1462 2412; x_wconf 87' lang='lat' dir='ltr'>inter</span> <span class='ocrx_word' id='word_1_164' title='bbox 1481 2375 1577 2412; x_wconf 80' lang='lat' dir='ltr'>alias</span> 
     </span>
     <span class='ocr_line' id='line_1_23' title="bbox 152 2440 1574 2493; baseline 0.006 -18"><span class='ocrx_word' id='word_1_165' title='bbox 152 2440 427 2488; x_wconf 86' lang='lat' dir='ltr'>occupationes</span> <span class='ocrx_word' id='word_1_166' title='bbox 460 2441 602 2487; x_wconf 75' lang='lat' dir='ltr'>oblata,</span> <span class='ocrx_word' id='word_1_167' title='bbox 633 2442 788 2480; x_wconf 79' lang='lat' dir='ltr'>Livium</span> <span class='ocrx_word' id='word_1_168' title='bbox 820 2444 948 2493; x_wconf 77' lang='lat' dir='ltr'>attigi3</span> <span class='ocrx_word' id='word_1_169' title='bbox 978 2443 1096 2493; x_wconf 85' lang='lat' dir='ltr'>paulo</span> <span class='ocrx_word' id='word_1_170' title='bbox 1121 2450 1248 2480; x_wconf 88' lang='lat' dir='ltr'>autem</span> <span class='ocrx_word' id='word_1_171' title='bbox 1274 2452 1364 2493; x_wconf 89' lang='lat' dir='ltr'>post</span> <span class='ocrx_word' id='word_1_172' title='bbox 1390 2446 1444 2493; x_wconf 88' lang='lat' dir='ltr'>(a.</span> <span class='ocrx_word' id='word_1_173' title='bbox 1473 2448 1574 2484; x_wconf 84' lang='lat'>1853</span> 
     </span>
     <span class='ocr_line' id='line_1_24' title="bbox 152 2511 1577 2566; baseline 0.006 -21"><span class='ocrx_word' id='word_1_174' title='bbox 152 2515 190 2545; x_wconf 83' lang='lat' dir='ltr'>et</span> <span class='ocrx_word' id='word_1_175' title='bbox 224 2511 365 2558; x_wconf 81' lang='lat'>1854),</span> <span class='ocrx_word' id='word_1_176' title='bbox 398 2512 447 2548; x_wconf 87' lang='lat' dir='ltr'>ab</span> <span class='ocrx_word' id='word_1_177' title='bbox 477 2512 632 2548; x_wconf 89' lang='lat' dir='ltr'>homine</span> <span class='ocrx_word' id='word_1_178' title='bbox 661 2513 805 2552; x_wconf 62' lang='lat' dir='ltr'>amico,</span> <span class='ocrx_word' id='word_1_179' title='bbox 835 2515 1094 2564; x_wconf 81' lang='lat' dir='ltr'>Ingerslevio,</span> <span class='ocrx_word' id='word_1_180' title='bbox 1123 2521 1303 2564; x_wconf 76' lang='lat' dir='ltr'>rogatUS,</span> <span class='ocrx_word' id='word_1_181' title='bbox 1333 2522 1393 2563; x_wconf 85' lang='lat' dir='ltr'>ut,</span> <span class='ocrx_word' id='word_1_182' title='bbox 1424 2518 1457 2554; x_wconf 90' lang='lat' dir='ltr'>si</span> <span class='ocrx_word' id='word_1_183' title='bbox 1487 2519 1577 2566; x_wconf 90' lang='lat' dir='ltr'>quid</span> 
     </span>
     <span class='ocr_line' id='line_1_25' title="bbox 152 2580 1576 2635; baseline 0.006 -19"><span class='ocrx_word' id='word_1_184' title='bbox 152 2580 203 2616; x_wconf 84' lang='lat' dir='ltr'>ad</span> <span class='ocrx_word' id='word_1_185' title='bbox 234 2581 335 2617; x_wconf 84' lang='lat' dir='ltr'>Livii</span> <span class='ocrx_word' id='word_1_186' title='bbox 369 2582 489 2619; x_wconf 89' lang='lat' dir='ltr'>libros</span> <span class='ocrx_word' id='word_1_187' title='bbox 528 2590 605 2619; x_wconf 87' lang='lat' dir='ltr'>tres</span> <span class='ocrx_word' id='word_1_188' title='bbox 646 2585 791 2632; x_wconf 85' lang='lat' dir='ltr'>primos</span> <span class='ocrx_word' id='word_1_189' title='bbox 835 2592 871 2622; x_wconf 88' lang='lat' dir='ltr'>et</span> <span class='ocrx_word' id='word_1_190' title='bbox 903 2586 1127 2623; x_wconf 89' lang='lat' dir='ltr'>vicesimum</span> <span class='ocrx_word' id='word_1_191' title='bbox 1165 2586 1352 2635; x_wconf 90' lang='lat' dir='ltr'>primum,</span> <span class='ocrx_word' id='word_1_192' title='bbox 1401 2588 1576 2625; x_wconf 84' lang='lat' dir='ltr'>alterum.</span> 
     </span>
    </p>
   </div>
   <div class='ocr_carea' id='block_1_5' title="bbox 151 2650 1580 2759">
    <p class='ocr_par' dir='ltr' id='par_1_5' title="bbox 151 2650 1580 2759">
     <span class='ocr_line' id='line_1_26' title="bbox 151 2650 1580 2708; baseline 0.006 -22"><span class='ocrx_word' id='word_1_193' title='bbox 151 2650 306 2689; x_wconf 80' lang='lat' dir='ltr'>tertium</span> <span class='ocrx_word' id='word_1_194' title='bbox 339 2653 567 2690; x_wconf 87' lang='lat' dir='ltr'>adnotatum</span> <span class='ocrx_word' id='word_1_195' title='bbox 599 2655 804 2701; x_wconf 87' lang='lat' dir='ltr'>haberem,</span> <span class='ocrx_word' id='word_1_196' title='bbox 840 2669 915 2704; x_wconf 90' lang='lat' dir='ltr'>quo</span> <span class='ocrx_word' id='word_1_197' title='bbox 948 2657 1071 2693; x_wconf 87' lang='lat' dir='ltr'>oratio</span> <span class='ocrx_word' id='word_1_198' title='bbox 1107 2657 1347 2694; x_wconf 87' lang='lat' dir='ltr'>emendatior</span> <span class='ocrx_word' id='word_1_199' title='bbox 1374 2658 1460 2696; x_wconf 83' lang='lat' dir='ltr'>fieri</span> <span class='ocrx_word' id='word_1_200' title='bbox 1488 2672 1580 2708; x_wconf 85' lang='lat' dir='ltr'>pos·</span> 
     </span>
     <span class='ocr_line' id='line_1_27' title="bbox 223 2731 1308 2759; baseline 0.007 -5"><span class='ocrx_word' id='word_1_201' title='bbox 223 2731 365 2756; x_wconf 66' lang='lat' dir='ltr'>mnvtcu</span> <span class='ocrx_word' id='word_1_202' title='bbox 387 2732 594 2758; x_wconf 48' lang='lat' dir='ltr'>Enna-numm.</span> <span class='ocrx_word' id='word_1_203' title='bbox 1294 2731 1308 2759; x_wconf 88' lang='lat'>1</span> 
     </span>
    </p>
   </div>
  </div>
 </body>
</html>
