<?xml version="1.0" encoding="UTF-8"?>
<!DOCTYPE html PUBLIC "-//W3C//DTD XHTML 1.0 Transitional//EN"
    "http://www.w3.org/TR/xhtml1/DTD/xhtml1-transitional.dtd">
<html xmlns="http://www.w3.org/1999/xhtml" xml:lang="en" lang="en">
 <head>
  <title>
</title>
<meta http-equiv="Content-Type" content="text/html;charset=utf-8" />
  <meta name='ocr-system' content='tesseract 3.04.00' />
  <meta name='ocr-capabilities' content='ocr_page ocr_carea ocr_par ocr_line ocrx_word'/>
</head>
<body>
  <div class='ocr_page' id='page_1' title='image "./emendationeslivi00madvuoft_0613.png"; bbox 0 0 1811 2925; ppageno 0'>
   <div class='ocr_carea' id='block_1_1' title="bbox 820 123 1570 161">
    <p class='ocr_par' dir='ltr' id='par_1_1' title="bbox 820 123 1570 161">
     <span class='ocr_line' id='line_1_1' title="bbox 820 123 1570 161; baseline -0.005 0"><span class='ocrx_word' id='word_1_1' title='bbox 820 126 896 161; x_wconf 87' lang='grc'>607</span> <span class='ocrx_word' id='word_1_2' title='bbox 1369 124 1444 154; x_wconf 85' lang='lat' dir='ltr'>Lib.</span> <span class='ocrx_word' id='word_1_3' title='bbox 1459 123 1570 157; x_wconf 85' lang='lat' dir='ltr'>XLV.</span> 
     </span>
    </p>
   </div>
   <div class='ocr_carea' id='block_1_2' title="bbox 140 245 1571 2688">
    <p class='ocr_par' dir='ltr' id='par_1_2' title="bbox 143 245 1571 1139">
     <span class='ocr_line' id='line_1_2' title="bbox 151 245 1570 294; baseline -0.001 -10"><span class='ocrx_word' id='word_1_4' title='bbox 151 254 219 284; x_wconf 85' lang='lat' dir='ltr'>est.</span> <span class='ocrx_word' id='word_1_5' title='bbox 281 246 388 284; x_wconf 82' lang='lat' dir='ltr'>Nihil</span> <span class='ocrx_word' id='word_1_6' title='bbox 417 246 503 282; x_wconf 90' lang='lat' dir='ltr'>dico</span> <span class='ocrx_word' id='word_1_7' title='bbox 535 246 582 282; x_wconf 86' lang='lat' dir='ltr'>de</span> <span class='ocrx_word' id='word_1_8' title='bbox 612 245 856 288; x_wconf 74' lang='lat' dir='ltr'>inanissimis,</span> <span class='ocrx_word' id='word_1_9' title='bbox 885 247 1009 294; x_wconf 86' lang='lat' dir='ltr'>qualis</span> <span class='ocrx_word' id='word_1_10' title='bbox 1039 258 1138 283; x_wconf 90' lang='lat' dir='ltr'>nunc</span> <span class='ocrx_word' id='word_1_11' title='bbox 1168 246 1276 283; x_wconf 82' lang='lat' dir='ltr'>locus</span> <span class='ocrx_word' id='word_1_12' title='bbox 1309 252 1378 290; x_wconf 73' lang='lat' dir='ltr'>est,</span> <span class='ocrx_word' id='word_1_13' title='bbox 1409 246 1467 282; x_wconf 85' lang='lat' dir='ltr'>his</span> <span class='ocrx_word' id='word_1_14' title='bbox 1490 259 1570 282; x_wconf 90' lang='lat' dir='ltr'>am·</span> 
     </span>
     <span class='ocr_line' id='line_1_3' title="bbox 149 316 1570 366; baseline -0.001 -12"><span class='ocrx_word' id='word_1_15' title='bbox 149 317 585 366; x_wconf 83' lang='lat' dir='ltr'>bagibus:Autumni</span> <span class='ocrx_word' id='word_1_16' title='bbox 616 323 807 364; x_wconf 85' lang='lat' dir='ltr'>tempus</span> <span class='ocrx_word' id='word_1_17' title='bbox 839 323 954 355; x_wconf 80' lang='lat' dir='ltr'>erat.</span> <span class='ocrx_word' id='word_1_18' title='bbox 985 317 1120 353; x_wconf 88' lang='lat' dir='ltr'>cuius</span> <span class='ocrx_word' id='word_1_19' title='bbox 1151 316 1392 364; x_wconf 83' lang='lat' dir='ltr'>temporis</span> <span class='ocrx_word' id='word_1_20' title='bbox 1423 317 1570 353; x_wconf 87' lang='lat' dir='ltr'>initio</span> 
     </span>
     <span class='ocr_line' id='line_1_4' title="bbox 148 386 1569 436; baseline 0 -13"><span class='ocrx_word' id='word_1_21' title='bbox 148 386 403 436; x_wconf 80' lang='lat' dir='ltr'>profectus</span> <span class='ocrx_word' id='word_1_22' title='bbox 453 393 534 423; x_wconf 88' lang='lat' dir='ltr'>est.</span> <span class='ocrx_word' id='word_1_23' title='bbox 612 386 882 435; x_wconf 72' lang='lat' dir='ltr'>(Superiores,</span> <span class='ocrx_word' id='word_1_24' title='bbox 941 388 998 423; x_wconf 87' lang='lat' dir='ltr'>ad</span> <span class='ocrx_word' id='word_1_25' title='bbox 1044 394 1132 423; x_wconf 91' lang='lat' dir='ltr'>ante</span> <span class='ocrx_word' id='word_1_26' title='bbox 1180 387 1569 423; x_wconf 85' lang='lat' dir='ltr'>circumeundam</span> 
     </span>
     <span class='ocr_line' id='line_1_5' title="bbox 147 456 1571 506; baseline 0.001 -12"><span class='ocrx_word' id='word_1_27' title='bbox 147 458 312 503; x_wconf 67' lang='lat' dir='ltr'>sublato,</span> <span class='ocrx_word' id='word_1_28' title='bbox 342 459 415 494; x_wconf 92' lang='lat' dir='ltr'>hoc</span> <span class='ocrx_word' id='word_1_29' title='bbox 446 470 530 494; x_wconf 91' lang='lat' dir='ltr'>cum</span> <span class='ocrx_word' id='word_1_30' title='bbox 563 457 742 493; x_wconf 85' lang='lat' dir='ltr'>statuit</span> <span class='ocrx_word' id='word_1_31' title='bbox 773 457 1065 502; x_wconf 73' lang='lat' dir='ltr'>coniunxerant,</span> <span class='ocrx_word' id='word_1_32' title='bbox 1098 457 1192 493; x_wconf 88' lang='lat' dir='ltr'>mire</span> <span class='ocrx_word' id='word_1_33' title='bbox 1222 456 1352 505; x_wconf 87' lang='lat' dir='ltr'>posita</span> <span class='ocrx_word' id='word_1_34' title='bbox 1380 458 1571 506; x_wconf 86' lang='lat' dir='ltr'>particula</span> 
     </span>
     <span class='ocr_line' id='line_1_6' title="bbox 146 526 1570 577; baseline 0 -13"><span class='ocrx_word' id='word_1_35' title='bbox 146 534 214 572; x_wconf 74' lang='lat' dir='ltr'>ut,</span> <span class='ocrx_word' id='word_1_36' title='bbox 244 541 291 564; x_wconf 90' lang='lat' dir='ltr'>ne</span> <span class='ocrx_word' id='word_1_37' title='bbox 327 528 404 564; x_wconf 85' lang='lat' dir='ltr'>alia</span> <span class='ocrx_word' id='word_1_38' title='bbox 438 526 770 577; x_wconf 80' lang='lat' dir='ltr'>commemorem.)</span> <span class='ocrx_word' id='word_1_39' title='bbox 830 527 955 575; x_wconf 85' lang='lat' dir='ltr'>Quam</span> <span class='ocrx_word' id='word_1_40' title='bbox 979 526 1117 575; x_wconf 89' lang='lat' dir='ltr'>pusilla</span> <span class='ocrx_word' id='word_1_41' title='bbox 1149 538 1210 562; x_wconf 88' lang='lat' dir='ltr'>res</span> <span class='ocrx_word' id='word_1_42' title='bbox 1242 533 1407 574; x_wconf 86' lang='lat' dir='ltr'>quantas</span> <span class='ocrx_word' id='word_1_43' title='bbox 1437 529 1570 564; x_wconf 82' lang='lat' dir='ltr'><strong>turbas</strong></span> 
     </span>
     <span class='ocr_line' id='line_1_7' title="bbox 146 597 1569 646; baseline 0 -12"><span class='ocrx_word' id='word_1_44' title='bbox 146 597 271 634; x_wconf 78' lang='lat' dir='ltr'>dedit!</span> <span class='ocrx_word' id='word_1_45' title='bbox 302 598 393 636; x_wconf 83' lang='lat' dir='ltr'>Una</span> <span class='ocrx_word' id='word_1_46' title='bbox 422 598 549 634; x_wconf 88' lang='lat' dir='ltr'>littera</span> <span class='ocrx_word' id='word_1_47' title='bbox 579 597 713 634; x_wconf 86' lang='lat' dir='ltr'>addit-a</span> <span class='ocrx_word' id='word_1_48' title='bbox 736 598 865 634; x_wconf 83' lang='lat' dir='ltr'>onmia</span> <span class='ocrx_word' id='word_1_49' title='bbox 897 604 990 646; x_wconf 86' lang='lat' dir='ltr'>apta</span> <span class='ocrx_word' id='word_1_50' title='bbox 1017 603 1054 633; x_wconf 84' lang='lat' dir='ltr'>et</span> <span class='ocrx_word' id='word_1_51' title='bbox 1084 609 1180 633; x_wconf 88' lang='lat' dir='ltr'>sana</span> <span class='ocrx_word' id='word_1_52' title='bbox 1210 603 1340 633; x_wconf 88' lang='lat' dir='ltr'>erunt:</span> <span class='ocrx_word' id='word_1_53' title='bbox 1372 599 1569 634; x_wconf 80' lang='lat' dir='ltr'>Autum-</span> 
     </span>
     <span class='ocr_line' id='line_1_8' title="bbox 145 667 1569 717; baseline 0 -13"><span class='ocrx_word' id='word_1_54' title='bbox 145 668 194 704; x_wconf 91' lang='lat' dir='ltr'>ni</span> <span class='ocrx_word' id='word_1_55' title='bbox 224 667 327 704; x_wconf 90' lang='lat' dir='ltr'>fere</span> <span class='ocrx_word' id='word_1_56' title='bbox 357 675 540 717; x_wconf 85' lang='lat' dir='ltr'>tempus</span> <span class='ocrx_word' id='word_1_57' title='bbox 583 674 712 713; x_wconf 64' lang='lat' dir='ltr'>erat,</span> <span class='ocrx_word' id='word_1_58' title='bbox 753 669 890 704; x_wconf 89' lang='lat' dir='ltr'>cuius</span> <span class='ocrx_word' id='word_1_59' title='bbox 933 668 1170 716; x_wconf 85' lang='lat' dir='ltr'>temporis</span> <span class='ocrx_word' id='word_1_60' title='bbox 1213 668 1357 704; x_wconf 88' lang='lat' dir='ltr'>initio</span> <span class='ocrx_word' id='word_1_61' title='bbox 1393 668 1448 704; x_wconf 88' lang='lat' dir='ltr'>ad</span> <span class='ocrx_word' id='word_1_62' title='bbox 1481 668 1569 704; x_wconf 90' lang='lat' dir='ltr'>cir-</span> 
     </span>
     <span class='ocr_line' id='line_1_9' title="bbox 146 738 1569 787; baseline 0.001 -13"><span class='ocrx_word' id='word_1_63' title='bbox 146 738 460 775; x_wconf 84' lang='lat' dir='ltr'>cumeundam</span> <span class='ocrx_word' id='word_1_64' title='bbox 501 739 739 776; x_wconf 86' lang='lat' dir='ltr'>Graeciam</span> <span class='ocrx_word' id='word_1_65' title='bbox 926 739 995 778; x_wconf 84' lang='lat' dir='ltr'>uti</span> <span class='ocrx_word' id='word_1_66' title='bbox 1026 738 1213 774; x_wconf 87' lang='lat' dir='ltr'>statuit.</span> <span class='ocrx_word' id='word_1_67' title='bbox 1294 739 1569 787; x_wconf 85' lang='lat' dir='ltr'>Praeposito</span> 
     </span>
     <span class='ocr_line' id='line_1_10' title="bbox 146 808 1571 858; baseline 0.001 -13"><span class='ocrx_word' id='word_1_68' title='bbox 146 810 325 846; x_wconf 86' lang='lat' dir='ltr'>castris</span> <span class='ocrx_word' id='word_1_69' title='bbox 356 815 426 846; x_wconf 90' lang='lat' dir='ltr'>etc.</span> <span class='ocrx_word' id='word_1_70' title='bbox 499 809 584 846; x_wconf 86' lang='lat' dir='ltr'>Iam</span> <span class='ocrx_word' id='word_1_71' title='bbox 624 816 728 847; x_wconf 87' lang='lat' dir='ltr'>recte</span> <span class='ocrx_word' id='word_1_72' title='bbox 773 809 939 857; x_wconf 88' lang='lat' dir='ltr'>primum</span> <span class='ocrx_word' id='word_1_73' title='bbox 983 815 1134 857; x_wconf 89' lang='lat' dir='ltr'>tempus</span> <span class='ocrx_word' id='word_1_74' title='bbox 1174 808 1300 857; x_wconf 87' lang='lat' dir='ltr'>ipsum</span> <span class='ocrx_word' id='word_1_75' title='bbox 1331 809 1571 858; x_wconf 82' lang='lat' dir='ltr'>significatur</span> 
     </span>
     <span class='ocr_line' id='line_1_11' title="bbox 145 879 1569 928; baseline 0.001 -13"><span class='ocrx_word' id='word_1_76' title='bbox 145 887 181 916; x_wconf 85' lang='lat' dir='ltr'>et</span> <span class='ocrx_word' id='word_1_77' title='bbox 222 879 423 916; x_wconf 90' lang='lat' dir='ltr'>consilium</span> <span class='ocrx_word' id='word_1_78' title='bbox 461 886 548 916; x_wconf 89' lang='lat' dir='ltr'>ante</span> <span class='ocrx_word' id='word_1_79' title='bbox 591 886 747 928; x_wconf 83' lang='lat' dir='ltr'>captum</span> <span class='ocrx_word' id='word_1_80' title='bbox 791 880 838 915; x_wconf 90' lang='lat' dir='ltr'>de</span> <span class='ocrx_word' id='word_1_81' title='bbox 887 879 967 915; x_wconf 84' lang='lat' dir='ltr'>eius</span> <span class='ocrx_word' id='word_1_82' title='bbox 1011 880 1196 928; x_wconf 87' lang='lat' dir='ltr'>temporis</span> <span class='ocrx_word' id='word_1_83' title='bbox 1248 888 1359 928; x_wconf 87' lang='lat' dir='ltr'>parte</span> <span class='ocrx_word' id='word_1_84' title='bbox 1410 881 1569 926; x_wconf 79' lang='lat' dir='ltr'>utenda3</span> 
     </span>
     <span class='ocr_line' id='line_1_12' title="bbox 145 948 1570 999; baseline 0.001 -14"><span class='ocrx_word' id='word_1_85' title='bbox 145 950 283 986; x_wconf 85' lang='lat' dir='ltr'>deinde</span> <span class='ocrx_word' id='word_1_86' title='bbox 303 950 352 985; x_wconf 88' lang='lat' dir='ltr'>ad</span> <span class='ocrx_word' id='word_1_87' title='bbox 367 950 646 998; x_wconf 88' lang='lat' dir='ltr'>profectionem</span> <span class='ocrx_word' id='word_1_88' title='bbox 668 950 864 986; x_wconf 84' lang='lat' dir='ltr'>transitur.</span> <span class='ocrx_word' id='word_1_89' title='bbox 926 948 1101 999; x_wconf 68' lang='lat' dir='ltr'><strong>(XLIV,</strong></span> <span class='ocrx_word' id='word_1_90' title='bbox 1122 951 1184 995; x_wconf 67' lang='lat'>35,</span> <span class='ocrx_word' id='word_1_91' title='bbox 1203 952 1224 987; x_wconf 88' lang='grc'>9</span> <span class='ocrx_word' id='word_1_92' title='bbox 1256 957 1304 986; x_wconf 88' lang='lat' dir='ltr'>ut</span> <span class='ocrx_word' id='word_1_93' title='bbox 1335 952 1570 988; x_wconf 88' lang='lat' dir='ltr'>audierat</span> 
     </span>
     <span class='ocr_line' id='line_1_13' title="bbox 143 1020 1569 1069; baseline 0.001 -12"><span class='ocrx_word' id='word_1_94' title='bbox 143 1033 214 1069; x_wconf 91' lang='lat' dir='ltr'>pro</span> <span class='ocrx_word' id='word_1_95' title='bbox 244 1020 315 1056; x_wconf 91' lang='lat' dir='ltr'>uti</span> <span class='ocrx_word' id='word_1_96' title='bbox 349 1020 578 1056; x_wconf 84' lang='lat' dir='ltr'>audierat</span> <span class='ocrx_word' id='word_1_97' title='bbox 622 1021 801 1057; x_wconf 80' lang='lat' dir='ltr'>scribitur</span> <span class='ocrx_word' id='word_1_98' title='bbox 841 1021 878 1056; x_wconf 90' lang='lat' dir='ltr'>in</span> <span class='ocrx_word' id='word_1_99' title='bbox 922 1021 1074 1065; x_wconf 79' lang='lat' dir='ltr'>codice;</span> <span class='ocrx_word' id='word_1_100' title='bbox 1117 1032 1354 1068; x_wconf 82' lang='lat' dir='ltr'>quamquam</span> <span class='ocrx_word' id='word_1_101' title='bbox 1398 1022 1490 1069; x_wconf 90' lang='lat' dir='ltr'>quid</span> <span class='ocrx_word' id='word_1_102' title='bbox 1530 1022 1569 1058; x_wconf 92' lang='lat' dir='ltr'>in</span> 
     </span>
     <span class='ocr_line' id='line_1_14' title="bbox 143 1090 745 1139; baseline 0 -13"><span class='ocrx_word' id='word_1_103' title='bbox 143 1091 212 1127; x_wconf 88' lang='lat' dir='ltr'>tali</span> <span class='ocrx_word' id='word_1_104' title='bbox 244 1103 374 1127; x_wconf 90' lang='lat' dir='ltr'>errore</span> <span class='ocrx_word' id='word_1_105' title='bbox 407 1091 584 1139; x_wconf 83' lang='lat' dir='ltr'>exemplo</span> <span class='ocrx_word' id='word_1_106' title='bbox 616 1090 745 1135; x_wconf 81' lang='lat' dir='ltr'>ntor?)</span> 
     </span>
    </p>

    <p class='ocr_par' dir='ltr' id='par_1_3' title="bbox 140 1160 1569 2688">
     <span class='ocr_line' id='line_1_15' title="bbox 256 1160 1568 1211; baseline 0.002 -14"><span class='ocrx_word' id='word_1_107' title='bbox 256 1160 354 1210; x_wconf 89' lang='lat' dir='ltr'>Cap.</span> <span class='ocrx_word' id='word_1_108' title='bbox 388 1162 451 1205; x_wconf 71' lang='lat'>28,</span> <span class='ocrx_word' id='word_1_109' title='bbox 487 1162 528 1197; x_wconf 84' lang='lat'>2:</span> <span class='ocrx_word' id='word_1_110' title='bbox 587 1163 694 1198; x_wconf 84' lang='lat' dir='ltr'>Arx</span> <span class='ocrx_word' id='word_1_111' title='bbox 737 1174 927 1209; x_wconf 87' lang='lat' dir='ltr'>quoque</span> <span class='ocrx_word' id='word_1_112' title='bbox 975 1167 1019 1197; x_wconf 85' lang='lat' dir='ltr'>et</span> <span class='ocrx_word' id='word_1_113' title='bbox 1059 1161 1268 1198; x_wconf 76' lang='lat' dir='ltr'>isthmus</span> <span class='ocrx_word' id='word_1_114' title='bbox 1313 1164 1568 1211; x_wconf 85' lang='lat' dir='ltr'>praebuere</span> 
     </span>
     <span class='ocr_line' id='line_1_16' title="bbox 144 1231 1569 1281; baseline 0.001 -12"><span class='ocrx_word' id='word_1_115' title='bbox 144 1232 479 1281; x_wconf 78' lang='lat' dir='ltr'>spectaculum</span> <span class='ocrx_word' id='word_1_116' title='bbox 520 1232 582 1280; x_wconf 88' lang='lat' dir='ltr'>(L.</span> <span class='ocrx_word' id='word_1_117' title='bbox 616 1232 780 1269; x_wconf 88' lang='lat' dir='ltr'>AEmilio</span> <span class='ocrx_word' id='word_1_118' title='bbox 813 1231 1043 1269; x_wconf 79' lang='lat' dir='ltr'>Corinthum</span> <span class='ocrx_word' id='word_1_119' title='bbox 1085 1231 1268 1278; x_wconf 62' lang='lat' dir='ltr'>visenti),</span> <span class='ocrx_word' id='word_1_120' title='bbox 1312 1247 1398 1270; x_wconf 85' lang='lat' dir='ltr'>arx</span> <span class='ocrx_word' id='word_1_121' title='bbox 1441 1235 1569 1271; x_wconf 85' lang='lat' dir='ltr'>inter</span> 
     </span>
     <span class='ocr_line' id='line_1_17' title="bbox 144 1302 1567 1344; baseline 0.001 -5"><span class='ocrx_word' id='word_1_122' title='bbox 144 1303 304 1339; x_wconf 88' lang='lat' dir='ltr'>omnia</span> <span class='ocrx_word' id='word_1_123' title='bbox 333 1303 378 1338; x_wconf 90' lang='lat' dir='ltr'>in</span> <span class='ocrx_word' id='word_1_124' title='bbox 408 1303 662 1339; x_wconf 89' lang='lat' dir='ltr'>immanem</span> <span class='ocrx_word' id='word_1_125' title='bbox 698 1302 1021 1339; x_wconf 82' lang='lat' dir='ltr'>altitudinem</span> <span class='ocrx_word' id='word_1_126' title='bbox 1052 1302 1204 1344; x_wconf 74' lang='lat' dir='ltr'>edita,</span> <span class='ocrx_word' id='word_1_127' title='bbox 1242 1310 1439 1341; x_wconf 88' lang='lat' dir='ltr'>scatens</span> <span class='ocrx_word' id='word_1_128' title='bbox 1469 1304 1567 1341; x_wconf 86' lang='lat' dir='ltr'>fon·</span> 
     </span>
     <span class='ocr_line' id='line_1_18' title="bbox 142 1372 1566 1415; baseline 0.002 -6"><span class='ocrx_word' id='word_1_129' title='bbox 142 1374 294 1415; x_wconf 70' lang='lat' dir='ltr'>tibus,</span> <span class='ocrx_word' id='word_1_130' title='bbox 327 1373 533 1409; x_wconf 84' lang='lat' dir='ltr'>isthmus</span> <span class='ocrx_word' id='word_1_131' title='bbox 565 1372 658 1409; x_wconf 91' lang='lat' dir='ltr'>duo</span> <span class='ocrx_word' id='word_1_132' title='bbox 688 1373 862 1409; x_wconf 83' lang='lat' dir='ltr'>maria.</span> <span class='ocrx_word' id='word_1_133' title='bbox 901 1373 957 1408; x_wconf 89' lang='lat' dir='ltr'>ab</span> <span class='ocrx_word' id='word_1_134' title='bbox 1001 1385 1179 1409; x_wconf 88' lang='lat' dir='ltr'>occasu</span> <span class='ocrx_word' id='word_1_135' title='bbox 1215 1380 1263 1410; x_wconf 83' lang='lat' dir='ltr'>et</span> <span class='ocrx_word' id='word_1_136' title='bbox 1305 1380 1415 1411; x_wconf 91' lang='lat' dir='ltr'>ortu</span> <span class='ocrx_word' id='word_1_137' title='bbox 1446 1375 1566 1412; x_wconf 87' lang='lat' dir='ltr'>solis</span> 
     </span>
     <span class='ocr_line' id='line_1_19' title="bbox 140 1442 1567 1493; baseline 0.002 -14"><span class='ocrx_word' id='word_1_138' title='bbox 140 1442 384 1486; x_wconf 70' lang='lat' dir='ltr'>finitima,</span> <span class='ocrx_word' id='word_1_139' title='bbox 431 1443 554 1479; x_wconf 86' lang='lat' dir='ltr'>artis</span> <span class='ocrx_word' id='word_1_140' title='bbox 597 1443 827 1479; x_wconf 82' lang='lat' dir='ltr'>faucibus</span> <span class='ocrx_word' id='word_1_141' title='bbox 867 1443 1117 1481; x_wconf 84' lang='lat' dir='ltr'>dirimens.</span> <span class='ocrx_word' id='word_1_142' title='bbox 1199 1444 1363 1481; x_wconf 75' lang='lat' dir='ltr'>Frustra</span> <span class='ocrx_word' id='word_1_143' title='bbox 1405 1457 1567 1493; x_wconf 83' lang='lat' dir='ltr'>quaeras,</span> 
     </span>
     <span class='ocr_line' id='line_1_20' title="bbox 141 1512 1569 1563; baseline 0.002 -14"><span class='ocrx_word' id='word_1_144' title='bbox 141 1513 233 1561; x_wconf 91' lang='lat' dir='ltr'>quid</span> <span class='ocrx_word' id='word_1_145' title='bbox 278 1513 353 1549; x_wconf 83' lang='lat' dir='ltr'>sibi</span> <span class='ocrx_word' id='word_1_146' title='bbox 395 1512 514 1549; x_wconf 80' lang='lat' dir='ltr'>velint</span> <span class='ocrx_word' id='word_1_147' title='bbox 556 1513 622 1549; x_wconf 89' lang='lat' dir='ltr'>illa</span> <span class='ocrx_word' id='word_1_148' title='bbox 664 1513 794 1549; x_wconf 89' lang='lat' dir='ltr'>inter</span> <span class='ocrx_word' id='word_1_149' title='bbox 824 1514 989 1550; x_wconf 89' lang='lat' dir='ltr'>omnia</span> <span class='ocrx_word' id='word_1_150' title='bbox 1035 1522 1072 1551; x_wconf 90' lang='lat' dir='ltr'>et</span> <span class='ocrx_word' id='word_1_151' title='bbox 1114 1527 1199 1563; x_wconf 88' lang='lat' dir='ltr'>quae</span> <span class='ocrx_word' id='word_1_152' title='bbox 1230 1515 1278 1551; x_wconf 88' lang='lat' dir='ltr'>sit</span> <span class='ocrx_word' id='word_1_153' title='bbox 1308 1516 1389 1552; x_wconf 87' lang='lat' dir='ltr'>haec</span> <span class='ocrx_word' id='word_1_154' title='bbox 1419 1516 1569 1552; x_wconf 86' lang='lat' dir='ltr'>numeri</span> 
     </span>
     <span class='ocr_line' id='line_1_21' title="bbox 140 1583 1566 1631; baseline 0.003 -12"><span class='ocrx_word' id='word_1_155' title='bbox 140 1583 391 1631; x_wconf 78' lang='lat' dir='ltr'>significatio;</span> <span class='ocrx_word' id='word_1_156' title='bbox 437 1583 530 1620; x_wconf 88' lang='lat' dir='ltr'>nihil</span> <span class='ocrx_word' id='word_1_157' title='bbox 561 1584 661 1620; x_wconf 90' lang='lat' dir='ltr'>enim</span> <span class='ocrx_word' id='word_1_158' title='bbox 691 1584 729 1620; x_wconf 90' lang='lat' dir='ltr'>in</span> <span class='ocrx_word' id='word_1_159' title='bbox 761 1584 1001 1621; x_wconf 86' lang='lat' dir='ltr'>altitudinem</span> <span class='ocrx_word' id='word_1_160' title='bbox 1036 1586 1161 1622; x_wconf 89' lang='lat' dir='ltr'>editur</span> <span class='ocrx_word' id='word_1_161' title='bbox 1190 1586 1263 1622; x_wconf 88' lang='lat' dir='ltr'>nisi</span> <span class='ocrx_word' id='word_1_162' title='bbox 1292 1586 1391 1622; x_wconf 90' lang='lat' dir='ltr'>inter</span> <span class='ocrx_word' id='word_1_163' title='bbox 1423 1586 1566 1631; x_wconf 89' lang='lat' dir='ltr'>omnia,</span> 
     </span>
     <span class='ocr_line' id='line_1_22' title="bbox 141 1654 1567 1704; baseline 0.001 -14"><span class='ocrx_word' id='word_1_164' title='bbox 141 1667 225 1702; x_wconf 85' lang='lat' dir='ltr'>quae</span> <span class='ocrx_word' id='word_1_165' title='bbox 254 1655 355 1691; x_wconf 88' lang='lat' dir='ltr'>circa</span> <span class='ocrx_word' id='word_1_166' title='bbox 375 1661 475 1695; x_wconf 82' lang='lat' dir='ltr'>sunt,</span> <span class='ocrx_word' id='word_1_167' title='bbox 534 1654 786 1690; x_wconf 84' lang='lat' dir='ltr'>Manifestum</span> <span class='ocrx_word' id='word_1_168' title='bbox 818 1667 901 1691; x_wconf 86' lang='lat' dir='ltr'>esse</span> <span class='ocrx_word' id='word_1_169' title='bbox 929 1655 1079 1704; x_wconf 63' lang='lat' dir='ltr'>opinor,</span> <span class='ocrx_word' id='word_1_170' title='bbox 1112 1656 1301 1692; x_wconf 75' lang='lat' dir='ltr'>excidisse</span> <span class='ocrx_word' id='word_1_171' title='bbox 1334 1657 1567 1693; x_wconf 79' lang='lat' dir='ltr'>vocabulum</span> 
     </span>
     <span class='ocr_line' id='line_1_23' title="bbox 140 1724 1566 1774; baseline 0.002 -14"><span class='ocrx_word' id='word_1_172' title='bbox 140 1725 400 1773; x_wconf 89' lang='lat' dir='ltr'>scriptumque</span> <span class='ocrx_word' id='word_1_173' title='bbox 430 1725 519 1760; x_wconf 91' lang='lat' dir='ltr'>olim</span> <span class='ocrx_word' id='word_1_174' title='bbox 561 1724 698 1761; x_wconf 82' lang='lat' dir='ltr'>fuisse:</span> <span class='ocrx_word' id='word_1_175' title='bbox 740 1724 871 1761; x_wconf 90' lang='lat' dir='ltr'>inter</span> <span class='ocrx_word' id='word_1_176' title='bbox 914 1726 1061 1774; x_wconf 88' lang='lat' dir='ltr'>plana</span> <span class='ocrx_word' id='word_1_177' title='bbox 1093 1726 1264 1763; x_wconf 90' lang='lat' dir='ltr'>omnia.</span> <span class='ocrx_word' id='word_1_178' title='bbox 1332 1726 1379 1762; x_wconf 89' lang='lat' dir='ltr'>Id</span> <span class='ocrx_word' id='word_1_179' title='bbox 1413 1726 1566 1763; x_wconf 90' lang='lat' dir='ltr'>demum</span> 
     </span>
     <span class='ocr_line' id='line_1_24' title="bbox 140 1795 1566 1845; baseline 0.002 -15"><span class='ocrx_word' id='word_1_180' title='bbox 140 1795 391 1831; x_wconf 89' lang='lat' dir='ltr'>memorabile</span> <span class='ocrx_word' id='word_1_181' title='bbox 433 1801 511 1837; x_wconf 52' lang='lat' dir='ltr'>est.v</span> <span class='ocrx_word' id='word_1_182' title='bbox 557 1795 657 1830; x_wconf 90' lang='lat' dir='ltr'>inter</span> <span class='ocrx_word' id='word_1_183' title='bbox 686 1796 818 1831; x_wconf 88' lang='lat' dir='ltr'>omnia</span> <span class='ocrx_word' id='word_1_184' title='bbox 860 1796 963 1832; x_wconf 89' lang='lat' dir='ltr'>circa</span> <span class='ocrx_word' id='word_1_185' title='bbox 996 1796 1115 1844; x_wconf 83' lang='lat' dir='ltr'>plana</span> <span class='ocrx_word' id='word_1_186' title='bbox 1160 1810 1286 1834; x_wconf 84' lang='lat' dir='ltr'>arcem</span> <span class='ocrx_word' id='word_1_187' title='bbox 1333 1803 1566 1845; x_wconf 85' lang='lat' dir='ltr'>praeruptam</span> 
     </span>
     <span class='ocr_line' id='line_1_25' title="bbox 141 1865 1568 1915; baseline 0.001 -14"><span class='ocrx_word' id='word_1_188' title='bbox 141 1865 246 1914; x_wconf 84' lang='lat' dir='ltr'>erigi.</span> <span class='ocrx_word' id='word_1_189' title='bbox 313 1865 518 1913; x_wconf 84' lang='lat' dir='ltr'>Loquendi</span> <span class='ocrx_word' id='word_1_190' title='bbox 561 1877 682 1914; x_wconf 87' lang='lat' dir='ltr'>genus</span> <span class='ocrx_word' id='word_1_191' title='bbox 725 1866 969 1903; x_wconf 84' lang='lat' dir='ltr'>notissimum</span> <span class='ocrx_word' id='word_1_192' title='bbox 1017 1873 1098 1911; x_wconf 78' lang='lat' dir='ltr'>est3</span> <span class='ocrx_word' id='word_1_193' title='bbox 1152 1867 1252 1903; x_wconf 79' lang='lat' dir='ltr'>Livii</span> <span class='ocrx_word' id='word_1_194' title='bbox 1281 1866 1388 1903; x_wconf 86' lang='lat' dir='ltr'>locos</span> <span class='ocrx_word' id='word_1_195' title='bbox 1419 1867 1568 1915; x_wconf 81' lang='lat' dir='ltr'>aliquot</span> 
     </span>
     <span class='ocr_line' id='line_1_26' title="bbox 140 1935 1566 1986; baseline 0.003 -16"><span class='ocrx_word' id='word_1_196' title='bbox 140 1935 476 1972; x_wconf 81' lang='lat' dir='ltr'>Weissenbornius</span> <span class='ocrx_word' id='word_1_197' title='bbox 513 1935 562 1971; x_wconf 87' lang='lat' dir='ltr'>ad</span> <span class='ocrx_word' id='word_1_198' title='bbox 605 1935 811 1981; x_wconf 74' lang='lat' dir='ltr'>XXVIII,</span> <span class='ocrx_word' id='word_1_199' title='bbox 858 1938 923 1981; x_wconf 70' lang='lat'>42,</span> <span class='ocrx_word' id='word_1_200' title='bbox 957 1939 978 1974; x_wconf 87' lang='grc'><strong>3</strong></span> <span class='ocrx_word' id='word_1_201' title='bbox 1024 1937 1199 1986; x_wconf 79' lang='lat' dir='ltr'>collegit-z</span> <span class='ocrx_word' id='word_1_202' title='bbox 1232 1937 1308 1982; x_wconf 70' lang='grc' dir='ltr'>ΙΙΙ,</span> <span class='ocrx_word' id='word_1_203' title='bbox 1355 1940 1391 1982; x_wconf 75' lang='lat'>6,</span> <span class='ocrx_word' id='word_1_204' title='bbox 1425 1940 1459 1982; x_wconf 73' lang='lat'>7,</span> <span class='ocrx_word' id='word_1_205' title='bbox 1489 1938 1566 1983; x_wconf 82' lang='lat' dir='ltr'>IX,</span> 
     </span>
     <span class='ocr_line' id='line_1_27' title="bbox 149 2006 1564 2056; baseline 0.003 -15"><span class='ocrx_word' id='word_1_206' title='bbox 149 2008 211 2050; x_wconf 79' lang='lat'>13,</span> <span class='ocrx_word' id='word_1_207' title='bbox 244 2007 279 2048; x_wconf 70' lang='lat'>6,</span> <span class='ocrx_word' id='word_1_208' title='bbox 310 2006 430 2049; x_wconf 71' lang='lat' dir='ltr'><strong>XXI,</strong></span> <span class='ocrx_word' id='word_1_209' title='bbox 463 2007 527 2051; x_wconf 74' lang='lat'>32,</span> <span class='ocrx_word' id='word_1_210' title='bbox 558 2008 594 2050; x_wconf 66' lang='grc' dir='ltr'>9.Λ</span> <span class='ocrx_word' id='word_1_211' title='bbox 625 2006 809 2051; x_wconf 72' lang='lat' dir='ltr'>XXVII,</span> <span class='ocrx_word' id='word_1_212' title='bbox 847 2009 909 2050; x_wconf 75' lang='lat'>17,</span> <span class='ocrx_word' id='word_1_213' title='bbox 943 2009 979 2043; x_wconf 87' lang='lat'>9.</span> <span class='ocrx_word' id='word_1_214' title='bbox 1049 2007 1275 2056; x_wconf 84' lang='lat' dir='ltr'>(Superiore</span> <span class='ocrx_word' id='word_1_215' title='bbox 1307 2008 1433 2056; x_wconf 84' lang='lat' dir='ltr'>capite</span> <span class='ocrx_word' id='word_1_216' title='bbox 1463 2012 1481 2053; x_wconf 65' lang='grc' dir='ltr'>ξ</span> <span class='ocrx_word' id='word_1_217' title='bbox 1518 2011 1564 2045; x_wconf 91' lang='grc'>10</span> 
     </span>
     <span class='ocr_line' id='line_1_28' title="bbox 142 2076 1568 2128; baseline 0.002 -16"><span class='ocrx_word' id='word_1_218' title='bbox 142 2076 181 2112; x_wconf 90' lang='lat' dir='ltr'>in</span> <span class='ocrx_word' id='word_1_219' title='bbox 200 2076 332 2112; x_wconf 91' lang='lat' dir='ltr'>codice</span> <span class='ocrx_word' id='word_1_220' title='bbox 355 2088 433 2112; x_wconf 93' lang='lat' dir='ltr'>non</span> <span class='ocrx_word' id='word_1_221' title='bbox 451 2082 539 2111; x_wconf 80' lang='lat' dir='ltr'>sunt</span> <span class='ocrx_word' id='word_1_222' title='bbox 555 2077 676 2112; x_wconf 83' lang='lat' dir='ltr'>verba</span> <span class='ocrx_word' id='word_1_223' title='bbox 710 2077 858 2125; x_wconf 86' lang='lat' dir='ltr'>petiit</span> <span class='ocrx_word' id='word_1_224' title='bbox 887 2078 998 2115; x_wconf 86' lang='lat' dir='ltr'>inde</span> <span class='ocrx_word' id='word_1_225' title='bbox 1027 2077 1274 2126; x_wconf 82' lang='lat' dir='ltr'>Oropum.)</span> <span class='ocrx_word' id='word_1_226' title='bbox 1323 2078 1450 2115; x_wconf 91' lang='lat' dir='ltr'>Paulo</span> <span class='ocrx_word' id='word_1_227' title='bbox 1478 2085 1568 2128; x_wconf 81' lang='lat' dir='ltr'>post</span> 
     </span>
     <span class='ocr_line' id='line_1_29' title="bbox 141 2129 1566 2195; baseline 0.003 -14"><span class='ocrx_word' id='word_1_228' title='bbox 141 2149 174 2190; x_wconf 66' lang='grc' dir='ltr'>(ξ</span> <span class='ocrx_word' id='word_1_229' title='bbox 202 2147 282 2192; x_wconf 86' lang='lat' dir='ltr'>4)e</span> <span class='ocrx_word' id='word_1_230' title='bbox 313 2145 454 2182; x_wconf 86' lang='lat' dir='ltr'>codicis</span> <span class='ocrx_word' id='word_1_231' title='bbox 483 2146 655 2195; x_wconf 76' lang='lat' dir='ltr'>vestigiis</span> <span class='ocrx_word' id='word_1_232' title='bbox 687 2146 1077 2195; x_wconf 83' lang='lat' dir='ltr'>(memorabilem</span> <span class='ocrx_word' id='word_1_233' title='bbox 1109 2129 1458 2193; x_wconf 50' lang='lat' dir='ltr'>ac&#39;silentiam</span> <span class='ocrx_word' id='word_1_234' title='bbox 1488 2162 1566 2186; x_wconf 89' lang='lat' dir='ltr'>non</span> 
     </span>
     <span class='ocr_line' id='line_1_30' title="bbox 141 2214 1565 2267; baseline 0.004 -16"><span class='ocrx_word' id='word_1_235' title='bbox 141 2214 408 2265; x_wconf 87' lang='lat' dir='ltr'>silentium)</span> <span class='ocrx_word' id='word_1_236' title='bbox 448 2215 548 2253; x_wconf 84' lang='lat' dir='ltr'>effici</span> <span class='ocrx_word' id='word_1_237' title='bbox 589 2217 762 2255; x_wconf 80' lang='lat' dir='ltr'>videtur:</span> <span class='ocrx_word' id='word_1_238' title='bbox 815 2231 907 2255; x_wconf 93' lang='lat' dir='ltr'>non</span> <span class='ocrx_word' id='word_1_239' title='bbox 955 2231 1152 2267; x_wconf 88' lang='lat' dir='ltr'>operum</span> <span class='ocrx_word' id='word_1_240' title='bbox 1206 2219 1565 2267; x_wconf 79' lang='lat' dir='ltr'>magnitudine,</span> 
     </span>
     <span class='ocr_line' id='line_1_31' title="bbox 141 2286 1565 2337; baseline 0.004 -16"><span class='ocrx_word' id='word_1_241' title='bbox 141 2286 223 2322; x_wconf 85' lang='lat' dir='ltr'>sed</span> <span class='ocrx_word' id='word_1_242' title='bbox 256 2286 525 2333; x_wconf 85' lang='lat' dir='ltr'>disciplina</span> <span class='ocrx_word' id='word_1_243' title='bbox 554 2287 901 2337; x_wconf 84' lang='lat' dir='ltr'>institutisque</span> <span class='ocrx_word' id='word_1_244' title='bbox 931 2290 1303 2326; x_wconf 88' lang='lat' dir='ltr'>memorabilem</span> <span class='ocrx_word' id='word_1_245' title='bbox 1325 2302 1378 2326; x_wconf 91' lang='lat' dir='ltr'>ac</span> <span class='ocrx_word' id='word_1_246' title='bbox 1408 2290 1565 2326; x_wconf 86' lang='lat' dir='ltr'>visen-</span> 
     </span>
     <span class='ocr_line' id='line_1_32' title="bbox 142 2355 1565 2408; baseline 0.003 -16"><span class='ocrx_word' id='word_1_247' title='bbox 142 2357 260 2395; x_wconf 89' lang='lat' dir='ltr'>dam.</span> <span class='ocrx_word' id='word_1_248' title='bbox 329 2355 474 2404; x_wconf 84' lang='lat' dir='ltr'>Oppidi</span> <span class='ocrx_word' id='word_1_249' title='bbox 503 2357 655 2404; x_wconf 89' lang='lat' dir='ltr'>quidem</span> <span class='ocrx_word' id='word_1_250' title='bbox 687 2371 851 2404; x_wconf 64' lang='lat' dir='ltr'>nomem</span> <span class='ocrx_word' id='word_1_251' title='bbox 902 2359 1084 2408; x_wconf 84' lang='lat' dir='ltr'>ignobilis</span> <span class='ocrx_word' id='word_1_252' title='bbox 1121 2360 1333 2408; x_wconf 84' lang='lat' dir='ltr'>praesertim</span> <span class='ocrx_word' id='word_1_253' title='bbox 1376 2366 1413 2396; x_wconf 81' lang='lat' dir='ltr'>et</span> <span class='ocrx_word' id='word_1_254' title='bbox 1441 2359 1565 2408; x_wconf 79' lang='lat' dir='ltr'>parvi,</span> 
     </span>
     <span class='ocr_line' id='line_1_33' title="bbox 140 2427 1566 2479; baseline 0.003 -16"><span class='ocrx_word' id='word_1_255' title='bbox 140 2427 205 2464; x_wconf 91' lang='lat' dir='ltr'>illo</span> <span class='ocrx_word' id='word_1_256' title='bbox 235 2427 322 2463; x_wconf 93' lang='lat' dir='ltr'>loco</span> <span class='ocrx_word' id='word_1_257' title='bbox 351 2427 543 2474; x_wconf 91' lang='lat' dir='ltr'>interponi</span> <span class='ocrx_word' id='word_1_258' title='bbox 572 2429 717 2476; x_wconf 82' lang='lat' dir='ltr'>nequit.</span> <span class='ocrx_word' id='word_1_259' title='bbox 787 2429 939 2465; x_wconf 90' lang='lat' dir='ltr'>Deinde</span> <span class='ocrx_word' id='word_1_260' title='bbox 984 2430 1022 2466; x_wconf 90' lang='lat' dir='ltr'>in</span> <span class='ocrx_word' id='word_1_261' title='bbox 1055 2430 1187 2467; x_wconf 90' lang='lat' dir='ltr'>codice</span> <span class='ocrx_word' id='word_1_262' title='bbox 1222 2430 1402 2467; x_wconf 87' lang='lat' dir='ltr'>scribitur</span> <span class='ocrx_word' id='word_1_263' title='bbox 1431 2433 1471 2474; x_wconf 71' lang='grc' dir='ltr'>(ξ</span> <span class='ocrx_word' id='word_1_264' title='bbox 1503 2428 1566 2479; x_wconf 86' lang='lat'>5):</span> 
     </span>
     <span class='ocr_line' id='line_1_34' title="bbox 252 2496 1564 2548; baseline 0.002 -13.784"><span class='ocrx_word' id='word_1_265' title='bbox 252 2496 525 2546; x_wconf 83' lang='lat' dir='ltr'>Olympiam</span> <span class='ocrx_word' id='word_1_266' title='bbox 557 2499 797 2540; x_wconf 79' lang='lat' dir='ltr'>escendit,</span> <span class='ocrx_word' id='word_1_267' title='bbox 844 2500 924 2536; x_wconf 92' lang='lat' dir='ltr'>ubi</span> <span class='ocrx_word' id='word_1_268' title='bbox 972 2507 1018 2537; x_wconf 85' lang='lat' dir='ltr'>et</span> <span class='ocrx_word' id='word_1_269' title='bbox 1063 2500 1166 2536; x_wconf 90' lang='lat' dir='ltr'>alia</span> <span class='ocrx_word' id='word_1_270' title='bbox 1211 2500 1403 2547; x_wconf 89' lang='lat' dir='ltr'>quidem</span> <span class='ocrx_word' id='word_1_271' title='bbox 1432 2512 1564 2548; x_wconf 85' lang='lat' dir='ltr'>spec-</span> 
     </span>
     <span class='ocr_line' id='line_1_35' title="bbox 141 2566 1566 2619; baseline 0.004 -18"><span class='ocrx_word' id='word_1_272' title='bbox 141 2567 289 2603; x_wconf 88' lang='lat' dir='ltr'>tanda</span> <span class='ocrx_word' id='word_1_273' title='bbox 320 2573 365 2603; x_wconf 89' lang='lat' dir='ltr'>et</span> <span class='ocrx_word' id='word_1_274' title='bbox 393 2566 501 2602; x_wconf 76' lang='lat' dir='ltr'>visa</span> <span class='ocrx_word' id='word_1_275' title='bbox 530 2566 693 2604; x_wconf 85' lang='lat' dir='ltr'>Iovem</span> <span class='ocrx_word' id='word_1_276' title='bbox 725 2576 797 2605; x_wconf 88' lang='lat' dir='ltr'>cet.</span> <span class='ocrx_word' id='word_1_277' title='bbox 829 2567 986 2618; x_wconf 85' lang='lat' dir='ltr'>(vulgo:</span> <span class='ocrx_word' id='word_1_278' title='bbox 1017 2576 1062 2606; x_wconf 88' lang='lat' dir='ltr'>et</span> <span class='ocrx_word' id='word_1_279' title='bbox 1089 2570 1186 2606; x_wconf 87' lang='lat' dir='ltr'>alia</span> <span class='ocrx_word' id='word_1_280' title='bbox 1216 2570 1404 2618; x_wconf 88' lang='lat' dir='ltr'>quidem</span> <span class='ocrx_word' id='word_1_281' title='bbox 1434 2583 1566 2619; x_wconf 82' lang='lat' dir='ltr'>spec-</span> 
     </span>
     <span class='ocr_line' id='line_1_36' title="bbox 141 2636 1565 2688; baseline 0.004 -17"><span class='ocrx_word' id='word_1_282' title='bbox 141 2636 290 2672; x_wconf 87' lang='lat' dir='ltr'>tanda</span> <span class='ocrx_word' id='word_1_283' title='bbox 319 2637 424 2673; x_wconf 84' lang='lat' dir='ltr'>visa</span> <span class='ocrx_word' id='word_1_284' title='bbox 461 2643 503 2673; x_wconf 89' lang='lat' dir='ltr'>et</span> <span class='ocrx_word' id='word_1_285' title='bbox 545 2637 736 2683; x_wconf 72' lang='lat' dir='ltr'>Iovem,</span> <span class='ocrx_word' id='word_1_286' title='bbox 782 2651 907 2686; x_wconf 89' lang='lat' dir='ltr'>prava</span> <span class='ocrx_word' id='word_1_287' title='bbox 956 2639 1225 2676; x_wconf 86' lang='lat' dir='ltr'>coniunctione</span> <span class='ocrx_word' id='word_1_288' title='bbox 1269 2640 1565 2688; x_wconf 86' lang='lat' dir='ltr'>particularum:</span> 
     </span>
    </p>
   </div>
  </div>
 </body>
</html>
