1811 2925
840 131 917 166 335
1323 131 1402 162 Lib.
1418 131 1589 162 XXVIII.

170 251 509 290 Weissenbornius
542 251 682 299 partim
714 251 904 295 aliorum,
946 251 1085 299 partim
1130 263 1200 287 sua
1242 253 1462 289 coniectura
1500 265 1589 290 usus

173 323 227 359 sic
254 323 424 371 scripsit:
456 328 662 358 ceterum
688 319 859 370 [neque
893 333 940 357 se
975 322 1174 357 obsides
1212 322 1273 358 iis
1307 321 1587 372 imperare‚]

172 394 349 442 quippe
379 405 431 428 ea
462 391 668 440 pignera
699 391 970 427 timentium
1002 391 1327 428 rebellionem
1359 405 1481 429 esse.
1507 406 1590 430 nec

173 463 390 500 adimere
434 474 585 501 arma:
623 461 914 509 relinquere
953 461 1144 498 solutos
1187 461 1390 507 anim0s3
1439 476 1590 511 neque

173 545 220 569 se
250 540 334 577 cet,
366 539 406 569 ut
438 532 529 568 nihil
560 531 606 566 (le
637 531 902 579 supplemento
935 532 1072 568 dicam.
1103 531 1234 567 inillis
1265 544 1347 567 nee
1379 533 1590 569 adimere

167 603 394 652 longissime
429 616 450 638 a
483 601 677 639 codicibus
709 601 919 638 discedens.
982 603 1126 646 Livius,
1159 610 1199 638 ut
1228 614 1329 650 saepe
1358 602 1470 647 facit,
1501 616 1590 640 nar—

172 674 360 711 rationem
393 680 428 709 et
454 673 578 721 ipsam
610 671 799 719 Scipionis
831 672 1042 708 orationem
1074 672 1178 709 nullo
1204 679 1308 708 certo
1330 673 1403 708 fine
1416 670 1590 710 distinxit

173 745 239 780 sed
272 744 469 782 conflavit:
508 755 595 778 nam
628 755 697 785 ea,
741 754 825 789 quae
867 744 1044 791 proxime
1075 744 1294 791 praecedunt
1326 746 1363 787 (ξ
1398 744 1455 790 7);
1486 744 1589 780 Mos

172 820 397 850 vetustus
439 820 542 849 erat
583 812 812 849 Romanis
982 826 1071 849 non
1116 814 1253 862 prius
1297 813 1503 862 imperio
1545 815 1589 850 in

174 897 272 919 eum
305 891 533 931 tanquam
566 888 791 930 pacatum
837 884 930 927 uti,
977 882 1114 931 quam
1283 883 1481 920 obsides
1513 897 1589 921 ae-

173 954 323 1001 cepti.
367 966 498 989 arma
546 952 794 1000 adempta,
839 954 1068 1001 praesidia
1114 955 1317 990 urbibus
1358 954 1589 1001 imposita

172 1024 353 1065 forent,
386 1032 516 1071 aperte
561 1023 614 1058 sic
644 1029 838 1071 ponuntur
868 1030 1050 1070 tanquam
1084 1037 1131 1059 ex
1168 1023 1253 1070 ipsa
1282 1023 1472 1071 Scipionis
1503 1038 1589 1060 ora-

172 1093 275 1129 tione
306 1094 425 1138 (Mos
463 1100 686 1128 vetustus
721 1099 791 1128 est
836 1093 1071 1130 Romanis
1119 1099 1221 1139 cet.).
1286 1095 1424 1141 Itaque
1456 1107 1500 1130 eo
1530 1108 1589 1130 re-

172 1162 262 1198 ferri
293 1162 383 1198 illud
414 1170 559 1210 potest:
591 1163 702 1211 quip
718 1175 772 1210 pe
804 1175 855 1198 ea
887 1163 1115 1211 pignerat,
1158 1175 1226 1198 nec
1277 1163 1353 1199 ullo
1399 1177 1495 1212 opus
1534 1171 1589 1201 est

171 1233 450 1281 supplemento.
520 1233 608 1268 Hoc
652 1239 810 1280 aperto.
859 1240 985 1269 cetera
1025 1233 1139 1281 longe
1169 1233 1328 1281 propius
1359 1234 1408 1269 ad
1439 1235 1590 1271 codices

176 1303 230 1339 sic
260 1303 340 1339 fere
369 1303 573 1339 scribenda
606 1309 712 1339 sunt:
773 1301 998 1338 Ceterum
1042 1323 1091 1329 --
1127 1303 1303 1351 quippe
1347 1316 1399 1340 ea
1428 1305 1589 1353 pigne-

170 1386 222 1409 ra
253 1374 520 1410 timentium
560 1373 878 1410 rebellionem
920 1385 1024 1409 esse
1063 1395 1113 1399 —
1161 1386 1211 1412 se
1262 1374 1450 1414 liberos
1502 1377 1588 1420 iiS,

169 1456 302 1480 arma
332 1444 525 1491 relinqu
542 1456 629 1488 ere„
662 1442 850 1478 solutos
873 1443 1077 1488 animos3
1109 1456 1260 1491 neque
1291 1456 1339 1480 se
1364 1451 1433 1482 eet.
1494 1447 1589 1482 Post

170 1527 274 1551 esse
304 1514 443 1550 excidit
474 1526 546 1556 se3
578 1526 625 1549 ex
655 1513 848 1549 tiberim
880 1513 953 1548 feci
983 1513 1172 1550 liberos
1213 1515 1296 1558 iis;
1337 1515 1447 1551 liberi
1491 1517 1588 1553 enim

169 1585 324 1621 obsides
355 1584 440 1633 capi
470 1583 657 1621 solebant.

282 1652 378 1702 Cap.
410 1656 475 1698 40,
507 1657 528 1689 5
565 1654 617 1701 (in
650 1653 697 1700 Q.
737 1654 851 1690 Fabii
891 1654 1056 1689 Maximi
1095 1655 1269 1690 oratione
1300 1663 1434 1692 contra
1464 1656 1589 1706 Scipi-

172 1736 282 1760 onem
314 1723 489 1760 Africam
521 1724 759 1771 provinciam
775 1731 886 1760 extra
907 1730 1049 1760 sortem
1066 1724 1360 1773 postulantem):
1392 1727 1589 1772 Deinde,

171 1793 209 1828 si
242 1799 316 1829 est
348 1797 472 1836 (certa
501 1793 578 1829 iam
609 1794 810 1841 provincia
840 1794 1006 1830 consulis
1022 1793 1190 1842 Africa),
1209 1796 1454 1832 consulem
1487 1809 1589 1845 pec-

171 1875 282 1899 care
312 1864 539 1907 arbitron
573 1864 652 1911 qui
683 1864 736 1899 de
767 1877 815 1899 re
844 1870 1101 1900 transacta
1137 1865 1410 1902 simulando
1445 1879 1493 1903 se
1523 1880 1589 1903 re-

172 1932 303 1969 ferre
333 1940 555 1970 senatum
586 1933 805 1970 ludibrio
836 1934 997 1977 haben
1020 1947 1113 1971 non
1135 1942 1414 1972 senatorem
1437 1938 1588 1982 modo,

171 2003 262 2051 qui„
293 2004 348 2040 de
381 2016 474 2051 quo
506 2003 804 2048 consulitur,
846 2016 930 2040 suo
972 2004 1078 2041 loeo
1124 2006 1239 2041 dicit
1270 2007 1589 2044 sententiam.

171 2072 212 2110 Si
246 2074 326 2110 haee
356 2085 451 2109 sana
481 2080 579 2117 sunt,
611 2073 658 2120 Q.
686 2074 855 2117 Fabius,
887 2086 962 2121 quo
994 2075 1087 2110 nihil
1118 2075 1242 2123 magis
1272 2075 1471 2112 ridiculum
1503 2090 1589 2126 per-

169 2155 373 2179 versumve
405 2144 496 2192 fingi
526 2150 665 2193 potest,
695 2144 733 2179 in
764 2144 848 2192 ipso
887 2145 1047 2180 exordio
1090 2144 1275 2180 orationis
1319 2157 1360 2181 se
1389 2146 1472 2194 ipse
1500 2160 1589 2195 pec-

171 2224 259 2248 care
289 2213 397 2256 dicit,
429 2214 493 2260 qui
524 2215 736 2250 orationem
768 2215 924 2258 habeat,
956 2227 1030 2250 non
1060 2215 1184 2250 minus
1210 2228 1323 2263 quam
1351 2216 1589 2265 Seipionem;

169 2294 259 2318 nam
290 2283 371 2319 haee
400 2285 605 2320 sententia:
655 2284 759 2332 qui,
799 2283 854 2319 de
886 2296 977 2331 quo
1013 2285 1293 2322 consulitur
1338 2293 1408 2324 etc.
1459 2295 1590 2336 aperte

169 2352 377 2400 respondet.
418 2353 605 2401 superiori
646 2353 719 2389 illi:
762 2354 839 2400 qui
882 2354 936 2389 de
968 2367 1016 2390 re
1045 2362 1302 2392 transacta
1327 2363 1396 2392 cet.
1437 2357 1589 2393 eodem-

172 2435 246 2470 que
275 2425 448 2459 refertur.
511 2423 761 2459 Manifestum
793 2430 862 2468 θεῖ,
895 2423 940 2471 Q.
975 2425 1139 2462 Fabium
1173 2439 1196 2462 a
1226 2439 1266 2463 se
1298 2426 1450 2475 eulpam
1482 2440 1589 2464 amo-

171 2504 261 2527 vere
291 2499 328 2528 et
356 2493 395 2528 in
426 2493 643 2542 Scipionem
675 2499 796 2529 totam
832 2493 1006 2529 conferre
1037 2501 1153 2542 atque
1198 2495 1330 2541 illum,
1369 2498 1472 2545 quod
1512 2511 1588 2534 non

171 2561 357 2603 debuerit,
386 2562 515 2599 facere
545 2564 683 2607 dicere,
716 2576 757 2599 se
790 2563 843 2608 id,
874 2563 976 2612 quod
998 2563 1164 2600 officium
1188 2572 1313 2614 cogat.
1383 2567 1589 2603 Verissime

172 2630 289 2679 igitur
315 2639 352 2668 et
375 2633 584 2669 Rhenanus
615 2640 651 2669 et
683 2640 771 2670 ante
801 2646 885 2669 euin
917 2633 1071 2681 ignotus
1101 2634 1243 2680 homo,
1273 2636 1380 2672 euius
1410 2637 1590 2673 emenda-
