1811 2925
865 115 939 151 587
1384 111 1459 141 Lib.
1486 110 1621 141 XLIV.

194 239 396 289 pervelim,
429 239 533 287 quod
565 251 676 275 nemo
709 236 953 274 indicandum
985 234 1149 284 putavit‚
1173 234 1368 281 quodnam
1400 234 1557 270 verbum
1576 234 1619 270 fi-

192 311 313 346 nitum
347 309 396 345 ad
427 309 657 358 particulam
690 322 745 345 an
774 307 1006 345 audiendum
1039 305 1205 342 editores
1236 304 1419 353 putarint,
1450 317 1527 352 qua
1556 304 1617 340 in-

190 379 426 428 terrogando
468 393 563 416 vera
612 380 709 417 fictis
756 377 952 415 contraria
993 382 1208 425 ponuntur3
1261 374 1399 424 (mixta
1429 382 1486 412 est
1517 375 1618 412 enim

191 450 271 487 haec
303 450 441 495 oratio,
474 458 514 487 ut
543 451 592 488 ad
622 449 872 492 XXXVIII,
905 449 954 484 59
1006 460 1044 496 p.
1083 449 1159 483 450
1207 446 1381 494 exposui,
1414 459 1462 482 ex
1491 446 1617 482 ironia

191 527 228 558 et
259 521 382 558 altero
428 522 602 558 membro
646 520 958 569 interrogationis
990 517 1252 561 disiunctivae‚
1295 517 1405 564 quasi
1451 517 1618 553 dicatur:

190 593 365 631 Utrum
396 598 566 628 castra
619 591 815 628 munita
973 589 1315 626 habuissemus
1462 600 1518 623 an
1548 587 1617 623 ni-

192 663 258 700 hil
290 663 455 699 nostri
486 661 590 714 cet.).
665 662 762 699 Mihi
792 674 910 698 unum
940 660 1063 710 repeti
1093 672 1208 710 posse
1238 659 1392 695 videtur
1420 658 1444 694 h
1457 657 1619 694 abuis-

192 746 362 770 semus.
425 733 519 781 Quae
559 739 647 769 sunt
676 733 792 782 igitur
821 733 880 769 hae
913 732 1069 768 sordes:
1109 744 1166 767 an
1196 729 1317 766 nihil
1347 729 1505 765 nostri
1538 729 1618 764 ha-

193 806 363 842 bentes
394 811 572 854 praeter
612 805 792 840 nudum
825 816 1044 852 campum
1093 798 1462 838 habuissemus?
1505 800 1619 839 (Rec-

193 884 272 913 tum
304 875 477 912 futurum
511 883 606 920 erat,
626 889 728 913 novo
751 876 870 912 verbo
896 874 1063 911 adscito:
1096 886 1153 910 an
1183 871 1309 908 nihil
1338 871 1501 908 nostri
1539 871 1618 906 ha-

193 949 366 984 bentes
398 960 465 996 pr.
496 960 532 983 n.
564 960 595 983 c.
628 944 1016 996 pugnassemus?
1081 944 1158 982 Sed
1200 943 1238 980 id
1270 956 1317 978 ne
1351 954 1480 977 errore
1527 940 1610 989 qui-

195 1019 282 1055 dem
313 1018 510 1054 memoriae
542 1018 789 1054 obversatum
824 1016 926 1053 Livii
973 1016 1101 1052 animo
1133 1015 1339 1051 ostendunt
1370 1012 1538 1048 adiecta:
1570 1011 1616 1047 in

193 1102 284 1138 quo
314 1089 680 1138 pugnaremus.)
748 1089 886 1136 Itaque
917 1087 990 1123 nisi
1019 1086 1133 1135 plura
1166 1091 1348 1133 corrupta
1378 1091 1478 1127 sunt,
1511 1083 1618 1119 cuius

192 1161 247 1197 rei
278 1160 421 1196 nullum
458 1165 514 1195 est
544 1159 724 1195 indicium
744 1187 753 1203 ,
797 1158 1009 1195 tollendum
1042 1164 1099 1193 est
1128 1156 1370 1193 habentes
1389 1182 1397 1197 ‚
1444 1154 1618 1190 additum

194 1233 243 1268 ab
275 1226 421 1279 aliquo,
454 1229 520 1278 qui
551 1230 736 1266 orationis
768 1229 933 1266 formam
965 1241 1043 1265 non
1072 1228 1327 1264 intellexerat.
1407 1226 1453 1262 In
1485 1225 1620 1261 eadem

192 1302 368 1340 oratione
403 1305 421 1346 ξ
456 1304 475 1337 7
514 1308 549 1338 et
582 1303 603 1338 8
635 1303 715 1338 haec
748 1301 949 1349 leguntur:
980 1300 1082 1348 Ego
1115 1305 1275 1335 autem
1306 1309 1465 1345 neque
1495 1309 1620 1333 man-

195 1386 359 1411 surum
392 1385 492 1409 eum
544 1373 730 1417 (hostem,
781 1373 941 1415 Persea)
989 1383 1142 1419 neque
1183 1370 1230 1406 in
1260 1368 1413 1405 aciem
1448 1367 1619 1416 copias

195 1445 482 1480 educturum
514 1442 667 1479 fuisse
699 1450 883 1479 certum
916 1440 1152 1486 habeo,si
1184 1440 1358 1476 cedere
1389 1438 1497 1475 hinc.
1528 1445 1619 1474 sta-

194 1515 389 1552 tuisset.
456 1513 650 1560 Quanto
690 1514 811 1550 enim
862 1512 1075 1549 facilius
1126 1510 1264 1546 abire
1307 1509 1429 1553 fuit„
1477 1521 1620 1557 quum

195 1586 365 1635 procul
395 1586 693 1629 abessemus,
725 1597 866 1633 quam
897 1596 1041 1628 nunc,
1088 1594 1227 1630 quum
1257 1581 1302 1617 in
1334 1581 1620 1617 cervicibus

196 1656 387 1694 sumus?
462 1656 560 1693 Nec
600 1656 801 1693 falleret
847 1667 933 1692 nos
978 1653 1200 1690 interdiu
1246 1660 1326 1688 aut
1366 1658 1507 1688 nocte
1537 1652 1620 1687 ab-

200 1729 366 1765 eundo.
441 1727 569 1775 Quid
601 1735 761 1763 autem
803 1734 876 1763 est
926 1726 1068 1763 nobis
1107 1723 1337 1773 optatius
1388 1735 1529 1771 quam
1562 1729 1622 1767 ut⁷

198 1812 400 1847 quorum
440 1804 603 1835 castra
647 1799 852 1847 praealta
890 1796 1116 1834 fluminis
1154 1795 1258 1843 ripa
1290 1800 1395 1830 tuta
1542 1805 1622 1842 op-

196 1882 413 1920 pugnare
444 1869 611 1905 adorti
643 1881 818 1911 sumus,
850 1881 930 1905 eos
961 1898 997 1906 ..
1039 1867 1228 1916 agmine
1259 1864 1424 1903 effuso
1447 1865 1622 1900 abeun-

195 1949 273 1978 tes
312 1971 348 1979 ..
389 1941 446 1977 ab
477 1946 618 1989 tergo
653 1939 965 1977 adoriamur?
1018 1937 1104 1989 (Sic
1144 1937 1391 1987 Kreyssigius
1428 1942 1465 1972 et
1493 1935 1623 1972 WVeis-

197 2011 444 2055 senbornius3
479 2018 594 2048 antea
625 2012 828 2048 edebatur:
875 2011 973 2047 Nec
1004 2008 1207 2046 falleret
1241 2020 1325 2044 nos
1355 2020 1442 2044 nec
1472 2007 1624 2043 inter·

198 2083 276 2119 diu
302 2095 388 2119 nec
418 2088 567 2119 nocte
598 2082 837 2120 abeundo.
905 2080 1030 2128 Quid
1061 2086 1133 2118 cet.
1201 2078 1336 2116 Codex
1372 2079 1508 2115 habet:
1539 2090 1625 2114 nec

198 2153 378 2190 fallere
409 2165 498 2190 nos
528 2166 616 2190 nec
647 2153 865 2190 interdiu
906 2158 987 2189 aut
1034 2157 1176 2188 nocte
1221 2150 1507 2187 abeundtem
1551 2155 1624 2185 est

199 2224 339 2261 nobis
371 2230 569 2273 optatus
602 2236 802 2272 quarum
835 2229 883 2259 ut
912 2235 1115 2271 quorum
1147 2228 1314 2259 castra
1341 2229 1411 2258 cet.
1475 2220 1624 2269 Kreys-

200 2296 319 2344 sigius
362 2308 486 2343 neque
527 2295 656 2331 omnia
686 2293 868 2330 indicavit
918 2300 954 2330 et
985 2293 1164 2343 erravit.)
1237 2292 1413 2329 Primum
1457 2292 1505 2328 ab
1550 2291 1627 2327 hae

201 2365 458 2414 descriptione
490 2372 613 2402 status
644 2366 748 2409 eius,
781 2365 845 2413 qui
875 2377 976 2401 nunc
1008 2371 1083 2401 est:
1113 2376 1253 2413 quam
1283 2375 1429 2408 nunc,
1478 2375 1623 2411 quum

200 2438 250 2474 in
282 2436 568 2474 cervicibus
599 2448 788 2480 sumus,
828 2448 950 2484 prave
980 2445 1184 2484 separatur
1214 2441 1337 2471 totum
1369 2434 1486 2478 illud,
1520 2432 1624 2481 quod

202 2509 336 2545 eodem
368 2507 550 2557 pertinet:
585 2519 673 2543 nec
703 2506 903 2543 falleret-
933 2513 1003 2543 etc.
1073 2505 1225 2542 Deinde
1254 2517 1332 2541 non
1362 2510 1465 2541 recte
1496 2504 1543 2539 de
1566 2515 1627 2547 eo,

202 2579 309 2628 quod
338 2590 451 2623 nunc,
482 2577 513 2614 si
542 2583 662 2614 tentet
692 2578 872 2623 Perseus,
901 2577 984 2614 fieri
1016 2583 1195 2626 nequeat,
1225 2575 1383 2625 ponitur
1411 2586 1497 2610 nec
1537 2572 1625 2609 fal-

200 2649 326 2686 leret
358 2649 465 2697 (prm
498 2660 583 2684 nec
612 2647 754 2684 fallet
784 2654 850 2685 aut
879 2648 917 2684 in
938 2648 1136 2697 fingendo:
1167 2659 1251 2684 nec
1272 2646 1457 2693 fallat).
1500 2646 1628 2681 Acce·
