1811 2925
256 123 331 154 Lib.
351 123 520 153 XXXIV.
924 124 1001 159 398

257 247 412 295 opinor:
442 247 595 296 Regia
625 247 835 291 scilicet,
866 245 1009 282 simul
1039 259 1139 282 cuni
1168 246 1277 294 ipsa
1299 249 1415 284 urbe
1446 254 1573 291 nata,
1596 252 1668 287 etc.

257 318 382 354 Paulo
413 323 500 365 post
551 318 585 365 (ξ
622 316 705 365 10),
751 317 814 353 ubi
852 316 993 352 editur:
1037 317 1156 353 Nam
1208 317 1247 353 si
1292 317 1390 355 ista
1432 319 1510 355 lex
1554 317 1669 355 ideo

257 389 358 424 lata
388 394 533 433 esset‚
565 395 648 433 ete,
680 388 861 436 quoniam
887 393 925 423 et
954 387 987 423 B
1019 394 1055 423 et
1085 387 1263 436 vulgares
1294 389 1443 426 codices
1475 388 1670 436 (Draken-

257 459 454 495 borchiani
505 466 673 507 septem,
723 465 936 495 ceterorum
985 458 1156 507 vestigiis
1207 460 1307 498 idem
1351 460 1670 509 significantibus)

257 531 417 566 habent:
454 531 571 567 Nam
616 530 654 565 si
692 529 790 565 ista
828 529 904 564 lex
942 534 1026 564 aut
1063 528 1170 567 ideo
1208 530 1308 567 lata
1338 537 1465 568 esset
1491 537 1574 575 etc„
1606 530 1670 567 Li-

258 599 342 635 vius
373 600 570 648 scripsisse
598 601 765 637 videtur:
813 600 931 636 Nam
976 600 1015 637 si
1061 601 1156 637 ista
1202 601 1280 638 lex
1324 609 1404 638 aut
1448 602 1670 650 [antiqua

257 669 359 721 aut]
391 671 497 708 ideo
527 672 627 708 lata
657 677 785 708 e'sset
824 676 894 706 etc.
966 670 1131 707 Inferius
1174 670 1207 722 (ξ
1244 672 1332 719 15),
1372 672 1438 708 ubi
1475 672 1670 709 scribitur:

259 742 369 779 Tali
413 749 629 791 tempore
672 743 718 779 in
759 742 955 778 luxuria
994 747 1037 777 et
1068 749 1238 778 ornatu
1278 749 1505 779 matronae
1535 756 1671 780 occu-

258 820 380 862 patae
410 821 566 859 erant,
611 820 659 850 ut
700 814 757 850 ad
798 825 897 849 eam
928 813 1243 849 coercendam
1284 813 1361 849 lex
1399 813 1561 862 Oppia
1595 813 1671 849 de-

260 885 480 921 siderata
520 884 609 921 sit?
660 885 698 920 in
736 885 866 921 codice
913 883 1191 932 Bambergensi
1231 885 1383 921 inverso
1433 884 1566 920 ordine
1616 890 1673 920 est

259 956 416 1005 Oppia
439 956 536 999 lex;
575 955 724 997 vellem,
756 956 897 991 omisso
928 955 1093 997 nomine,
1131 956 1378 992 scriberetur:
1409 962 1457 992 ut
1487 956 1543 991 ad
1574 968 1672 991 eam

259 1027 576 1063 coercendam
621 1026 698 1061 lex
741 1026 1023 1062 desiderata
1072 1026 1158 1063 sit?
1243 1025 1384 1062 Melior
1431 1026 1530 1061 enim
1568 1026 1673 1061 fieret

261 1098 459 1137 sententiaq
496 1097 652 1133 notione
681 1096 851 1144 generali
889 1097 1026 1144 posita.

372 1167 468 1216 Cap.
516 1171 551 1212 7,
603 1169 623 1203 2
672 1174 709 1203 et
757 1169 797 1203 3:
846 1167 922 1203 hic
965 1169 1118 1204 Romae
1148 1167 1318 1203 infimo
1359 1166 1673 1214 generi‚1na-

261 1239 433 1287 gistris
464 1238 698 1284 vicorum,
743 1245 865 1286 togae
907 1245 1153 1287 praetextae
1198 1237 1429 1273 habendae
1467 1237 1543 1273 ius
1572 1223 1685 1284 pers

261 1309 515 1353 mittimus,
561 1322 645 1345 nec
689 1316 739 1345 ut
782 1309 881 1345 vivi
933 1309 1085 1346 solum
1129 1309 1341 1345 habeant
1391 1314 1576 1343 tantum
1606 1306 1675 1342 in-

261 1379 417 1428 signe,
451 1379 534 1415 sed
565 1376 712 1416 etiam
743 1387 791 1416 ut
820 1392 918 1415 cum
951 1392 1003 1415 eo
1047 1385 1318 1417 crementur
1340 1378 1525 1415 mortui.
1584 1379 1673 1415 Non

263 1456 390 1498 potest
437 1455 620 1486 tantum
665 1462 735 1498 pro
782 1450 970 1487 adiectivo
1011 1463 1111 1495 esse3
1155 1462 1244 1486 nam
1290 1462 1413 1496 neque
1455 1461 1672 1497 magnum

262 1521 457 1569 insigne
499 1535 570 1570 pro
614 1520 825 1557 honorifico
864 1528 902 1557 et
937 1521 1136 1570 splendido
1182 1521 1319 1557 dicitur
1354 1526 1391 1556 et
1421 1519 1601 1555 Valerius
1637 1518 1675 1555 id

263 1593 388 1641 ipsum
419 1593 600 1641 disputat,
648 1605 848 1628 commune
891 1600 928 1628 et
970 1592 1129 1641 vulgare
1172 1592 1319 1639 insigne
1358 1603 1539 1639 purpurae
1580 1602 1675 1626 esse.

264 1664 403 1712 Itaque
443 1675 601 1712 prorsus
646 1663 876 1700 coniunctim
922 1677 1000 1700 una
1043 1662 1270 1712 interposita
1299 1674 1394 1698 voce
1425 1661 1563 1698 dicitur
1593 1674 1676 1698 nec

265 1735 418 1771 solum
449 1740 634 1770 tantum
665 1747 735 1782 pro
766 1748 848 1771 nec
879 1735 1030 1771 solum
1070 1741 1134 1771 aut
1165 1746 1249 1770 nec
1278 1739 1485 1777 tantum,
1519 1732 1623 1780 quod
1655 1745 1678 1768 a

264 1805 468 1842 Perizonio
507 1812 573 1841 aut
610 1806 768 1842 Dukero
808 1818 884 1841 non
925 1811 1100 1841 notatum
1142 1804 1270 1839 miror.
1335 1803 1524 1850 Equidem
1565 1803 1678 1839 valde

265 1889 496 1921 ve1·e01·‚nc
533 1876 685 1912 solum
730 1876 831 1912 mala
870 1888 985 1911 manu
1023 1875 1194 1911 additum
1234 1873 1302 1918 sit,
1344 1886 1460 1920 quum
1493 1879 1677 1910 tanturn

267 1948 314 1983 ad
345 1960 429 1984 nec
458 1953 507 1983 ut,
535 1947 634 1983 vivi
665 1947 854 1995 pertinere
884 1960 960 1982 non
990 1941 1410 1990 animadverteretur.¹)

377 2018 473 2067 Cap.
499 2019 556 2063 13,
580 2021 600 2054 4
620 2018 684 2065 (de
705 2019 758 2056 M.
781 2018 928 2055 Catone
946 2016 1153 2054 consulein
1171 2015 1361 2064 Hispania
1378 2028 1458 2051 rem
1481 2014 1676 2063 gerente):

270 2089 361 2126 Ubi
392 2088 517 2125 satis
548 2089 801 2125 admodum
834 2096 879 2126 et
925 2100 1115 2125 suorum
1156 2092 1201 2122 et
1239 2085 1445 2122 hostium
1491 2084 1679 2121 animos

295 2294 323 2336 ¹)
360 2296 458 2335 Quod
472 2297 607 2337 quidam
620 2298 790 2338 nuperhic
803 2308 862 2328 sex
878 2295 1250 2327 verbatoliivoluerunt
1264 2294 1344 2331 (hic
1361 2294 1518 2324 Romae.
1540 2317 1547 2323 .
1566 2293 1602 2323 vi
1616 2302 1680 2324 co-

363 2358 478 2395 rum),
511 2358 696 2389 rectissime
721 2358 892 2393 Valerius,
919 2358 975 2398 qui
1001 2357 1209 2388 coloniarum
1235 2361 1268 2386 et
1293 2355 1550 2396 municipiorum
1575 2354 1681 2393 magi-

365 2426 486 2450 stratus
506 2420 791 2457 commcmoravit,
819 2421 896 2461 quid
926 2420 993 2451 hic
1010 2419 1148 2451 Romae
1175 2418 1241 2455 fiat,
1258 2418 1429 2454 admonet,
1448 2426 1555 2455 neque
1575 2415 1680 2446 ullum

365 2482 505 2512 omnino
532 2481 565 2511 in
591 2481 677 2512 Livii
704 2482 879 2513 codicibus
897 2488 947 2513 cst
964 2481 1143 2519 vestigium
1163 2479 1353 2510 huiusmodi
1373 2478 1681 2509 additamentorum

364 2553 467 2574 novas
484 2552 619 2583 prorsus
642 2552 695 2573 res
713 2544 754 2573 ad
777 2553 845 2580 cas,
862 2554 944 2583 quas
963 2543 1077 2574 Livius
1096 2540 1384 2577 commemoravit,
1410 2539 1681 2579 adiungentium.

363 2603 456 2634 Idem
484 2604 565 2634 mihi
591 2605 631 2635 dc
659 2615 686 2635 c.
710 2606 761 2642 16,
792 2609 804 2635 l
828 2606 953 2636 dictum
979 2613 1061 2639 esto.
1112 2603 1304 2634 Permultas
1330 2602 1469 2633 lacunas
1495 2605 1682 2632 ceterorum

366 2666 519 2697 codicum
547 2667 660 2704 (etiam
686 2666 733 2707 B)
765 2667 858 2697 solus
884 2666 920 2696 M
946 2664 1070 2706 czgplet.
