1811 2925
777 130 852 165 537
1316 130 1390 161 Lib.
1411 132 1522 165 XLII.

106 251 259 288 nihilo
290 250 612 299 paratiorem,
647 250 888 286 Romanos
921 249 1140 285 omnibus
1172 250 1523 290 instructiores

107 322 254 358 rebus
285 326 546 368 coepturos
577 319 708 356 bellu
721 331 769 355 m.
821 320 905 356 Nec
931 320 1098 356 dubitari
1121 320 1234 357 facile
1263 328 1402 370 potest,
1434 324 1524 371 quin

107 393 173 428 hae
203 403 301 428 eum
338 395 462 426 ortum
494 389 540 425 sit
579 402 627 425 ex
658 401 825 434 aecum3
857 389 928 436 (sic
950 389 1049 425 euim
1067 390 1209 438 partim
1240 392 1418 429 scribitur
1434 394 1523 430 alibi

106 462 144 497 in
176 461 330 505 codice,
370 459 510 508 partim
542 460 751 507 antiquitus
781 459 964 507 scriptum
999 458 1117 496 fuisse
1148 473 1197 497 ex
1227 463 1373 499 mendis
1404 476 1523 512 appa-

107 537 176 577 ret,
210 531 459 578 similiterque
489 530 780 578 propincum
802 529 982 566 scribitur
1003 542 1034 566 c.
1059 532 1122 575 50,
1143 533 1161 567 7
1180 538 1217 568 et-
1237 533 1345 579 alia).
1384 534 1525 570 Proxi-

108 615 210 638 mum
227 601 344 650 igitur
361 600 609 637 obiiceretur:
626 600 800 648 spatio
833 605 988 636 autem
1012 599 1103 638 ind.
1131 609 1322 651 sumpto
1346 616 1521 652 aequum

107 679 366 708 venturum
399 672 435 717 (e
448 675 518 713 ηπ),
548 670 579 707 si
614 670 715 706 credi
746 675 900 718 posset,
938 670 992 706 ita
1028 671 1168 708 Latine
1199 673 1273 710 dici
1303 675 1358 719 (es
1390 676 1524 712 wiirde

107 741 411 790 Gleichgewicht
443 741 659 786 cinti-eten);
691 740 757 777 sed
788 753 912 788 neque
942 753 1117 789 aequum
1139 744 1392 789 (nominativo
1415 749 1522 793 casu)

106 825 230 860 neque
261 812 426 848 venire
471 811 524 847 sic
564 811 713 849 dicitur.
794 811 960 847 Videtur
988 811 1109 848 latere
1139 820 1222 849 aut:
1265 815 1310 850 in
1346 828 1522 864 aequum

107 890 344 919 venturos
373 888 454 917 aut:
485 894 664 930 aequum
696 888 946 918 certamen
978 888 1248 921 venturum.
1285 885 1521 934 (Spatium

107 952 421 989 induciarum
453 963 645 987 sumere
677 964 777 987 cum
809 952 991 1000 aliquo,
1025 953 1127 999 quod
1143 954 1255 990 video
1286 956 1436 1001 tentari⁷
1466 957 1522 992 ni-

106 1023 158 1059 hil
189 1028 267 1066 cst;
299 1021 458 1057 vitiosus
489 1022 697 1057 verbm-um
730 1022 825 1058 ordo
856 1023 1014 1068 manet.)

217 1092 313 1141 Cap.
347 1093 410 1136 48,
444 1093 466 1127 6
497 1103 581 1138 sqq.
647 1092 820 1129 Primum
853 1093 1051 1129 sententiae
1086 1094 1139 1129 sic
1174 1094 1394 1133 dirimendae
1418 1107 1523 1135 sunt:

104 1164 369 1210 iussusque
402 1162 476 1204 (M.
508 1162 733 1210 Lucretius)
766 1164 823 1199 ab
855 1164 1008 1200 sociis
1040 1176 1095 1199 ex
1125 1163 1328 1203 foedere
1359 1180 1521 1217 accep-

104 1234 172 1270 tis
204 1234 411 1270 navibus
439 1231 495 1267 ad
529 1231 905 1280 Cephalleniam
954 1235 1109 1271 classi
1143 1248 1415 1282 occurrere,
1467 1240 1523 1275 ab

105 1303 341 1352 Rheginis
372 1301 561 1338 triremi
591 1315 709 1344 una,
742 1306 800 1341 ab
834 1305 1007 1342 Locris
1039 1306 1238 1352 duabus,
1283 1308 1340 1344 ab
1373 1308 1522 1346 Uriti-

104 1376 190 1411 bus
225 1373 280 1423 (ῗ)
313 1378 559 1422 quattuor.
641 1374 830 1411 Praeter
863 1388 996 1411 oram
1030 1383 1101 1414 cet.
1176 1378 1280 1414 Nam
1313 1379 1367 1414 ab
1398 1380 1522 1415 Rhe-

106 1445 233 1493 ginis
264 1444 456 1479 triremi
489 1456 580 1479 una
621 1472 656 1482 ..
695 1446 890 1482 traiicit
920 1446 1101 1483 vitiosum
1135 1455 1210 1492 estg
1264 1449 1350 1497 (etsi
1391 1450 1520 1486 rectis-

105 1515 261 1551 simum:
292 1513 480 1551 triremi
513 1527 603 1550 una
634 1515 864 1562 traiicio).
923 1516 1075 1552 Deinde
1099 1529 1348 1565 quamquam,
1379 1520 1410 1555 si
1428 1533 1521 1556 meae

107 1585 303 1621 collationi
333 1585 426 1621 fides
459 1591 536 1629 cst7
567 1598 643 1620 non
676 1586 864 1622 omittitur
892 1586 1066 1631 Italiae,
1115 1589 1183 1623 sed
1227 1589 1280 1624 sic
1326 1590 1522 1626 scribitur:

106 1656 291 1691 Praeter
339 1668 466 1690 oram
518 1664 843 1703 supervectus
874 1656 1033 1693 Italiae
1072 1656 1316 1696 Calabriae
1360 1667 1520 1697 extre-

106 1738 221 1761 mum
256 1726 654 1774 promuntorium,
699 1732 801 1763 recte
848 1735 976 1764 tamen
1021 1741 1045 1765 a
1073 1729 1390 1766 Weissenbornio
1421 1731 1520 1768 Ita-

104 1794 176 1831 liae
206 1795 397 1831 sublatum
430 1796 601 1840 videtui-3
648 1809 763 1844 quum
796 1798 894 1834 enim
934 1812 1004 1847 per
1035 1812 1075 1835 se
1105 1800 1199 1836 satis
1229 1800 1322 1836 dure
1353 1801 1522 1837 dicatur:

103 1870 280 1912 praeter
301 1878 429 1902 oram
464 1868 727 1914 supervehi
759 1870 1382 1916 promuntorium,molestius
1401 1871 1520 1908 multo

105 1936 142 1971 id
173 1936 235 1980 fit,
284 1937 414 1972 addito
459 1937 628 1985 regionis
678 1944 863 1986 tanquam
894 1939 1057 1976 diversae
1090 1954 1111 1976 a
1144 1939 1327 1977 Calabria
1357 1942 1520 1980 nomine.

105 2006 231 2041 Locus
262 2006 376 2042 etiam
409 2007 469 2052 (in
501 2008 602 2053 cod.)
634 2015 853 2056 suspectum
885 2010 921 2045 id
956 2023 1094 2046 nomen
1125 2010 1230 2047 facit.
1303 2011 1378 2049 Sed
1409 2012 1521 2048 simul

103 2076 272 2112 tollenda
302 2077 454 2114 videtur
483 2078 601 2114 fuisse
631 2079 852 2127 praepositio
904 2080 1009 2128 (in),
1042 2087 1126 2117 orta
1171 2094 1218 2117 ex
1253 2089 1424 2118 extrema
1461 2082 1521 2119 lit-

103 2154 185 2182 tera
216 2151 288 2191 (ιιι)
324 2148 573 2195 praecedentis
603 2149 722 2193 vocis.)
755 2155 795 2184 ut
825 2150 1033 2186 scribatur:
1064 2151 1139 2190 Pr.
1173 2164 1231 2189 or.
1264 2164 1520 2200 supervec-

103 2222 180 2251 tus
212 2215 457 2253 Calabriae
489 2225 608 2254 extr.
641 2219 1045 2266 promuntorium,
1076 2222 1195 2257 mari
1222 2222 1366 2258 Ionio
1400 2223 1519 2272 Dyr-

103 2287 354 2323 rhachium
388 2288 590 2324 traiicit.
649 2290 752 2325 Nam
793 2296 833 2326 ut
876 2290 1026 2326 dicatur
1065 2298 1168 2327 recte
1196 2294 1520 2340 promuntori-

106 2369 176 2393 um
208 2357 252 2392 in
284 2358 402 2393 mari
432 2358 576 2394 Ionio
609 2358 675 2408 (—
708 2360 825 2407 paulo
857 2360 955 2396 euim
989 2361 1181 2398 diversum
1214 2369 1288 2397 est:
1319 2362 1365 2398 in
1396 2363 1521 2398 mari

104 2427 246 2463 Ionio
278 2428 375 2463 haec
424 2435 534 2465 sunt
575 2431 928 2477 promuntoria
962 2431 1053 2478 ——),
1102 2439 1230 2468 tamen
1261 2445 1397 2480 parum
1433 2440 1521 2480 apte

105 2497 158 2532 sic
188 2497 378 2538 scribitur,
428 2505 612 2546 tanquam
645 2499 828 2537 Calabria
867 2502 915 2538 ad
949 2501 1026 2537 alia
1056 2502 1169 2538 etiam
1203 2502 1325 2539 maria
1356 2502 1521 2538 obversa

102 2567 243 2603 habeat
282 2568 559 2616 promuntoria.
