1811 2925
797 157 869 193 129
1329 158 1403 189 Lib.
1431 158 1494 190 VI.

121 289 206 315 sum
246 277 552 322 substantivum,
597 277 658 314 cui
697 278 804 315 initio
842 279 969 327 posito
1014 278 1162 327 reliqua
1203 281 1445 330 appositione
1475 282 1542 318 ad—

122 349 343 397 iunguntur,
373 355 411 385 et
439 348 626 397 repetitur
654 349 701 385 iis
732 349 886 396 additis,
920 361 1005 397 quae
1037 362 1114 386 non
1149 350 1260 387 unius
1290 352 1442 400 generis
1474 365 1542 401 op-

121 419 396 469 portunitatem
439 419 665 465 ostendant,
712 420 779 456 sed
823 420 953 456 omnia
995 420 1172 458 universe
1216 422 1545 470 comprehendant

123 490 297 536 (locum
330 490 610 538 elegerunt,
656 512 708 518 —
740 491 892 528 colles
936 491 1201 528 —flumen
1240 513 1279 518 —-
1318 505 1447 529 mare
1477 514 1543 537 -—-,

124 560 326 597 medium
360 581 406 587 —
441 561 499 597 ad
528 561 646 598 incr.
678 562 777 598 urb.
808 567 902 599 nat.
936 574 1005 598 un.
1037 562 1226 609 locum).
1292 563 1440 599 Verum
1470 564 1544 600 hoe

124 631 272 668 vitiosae
313 632 551 680 repetitionis
591 632 835 670 incommodo
877 631 1056 669 liberabit
1086 644 1157 669 nos
1187 633 1329 669 rectior
1359 633 1544 670 orationis

122 702 393 750 interpunctio.
452 704 555 740 Nam
587 704 636 740 ab
668 703 956 739 enumeratione
986 702 1224 751 singulorum
1252 704 1545 740 commodorum

123 773 198 810 loci
227 773 364 809 transit
395 772 579 810 Camillus
613 774 662 810 ad
695 775 1024 811 confirmationem
1056 774 1243 810 universae
1276 774 1332 810 rei
1362 787 1411 811 ex
1431 787 1545 811 even-

124 850 164 880 tu
198 844 271 880 hoc
303 843 435 880 modo:
476 844 547 880 Ad
578 844 924 881 incrementum
952 845 1087 881 urbis
1117 851 1278 881 natum
1310 845 1452 881 unice
1482 845 1545 881 lo-

125 926 246 959 cum,
293 922 578 962 argumento
617 922 688 952 est
728 916 835 964 ipsa
867 916 1150 964 magnitudo
1181 923 1274 952 tam
1307 928 1439 952 novae
1469 929 1546 952 ur-

125 985 209 1022 bis.
268 986 354 1022 Hoc
385 992 559 1034 reperto7
589 985 816 1034 relinquitur
845 986 940 1022 illud
978 985 1230 1034 regionum
1265 986 1423 1022 Italiae
1454 999 1546 1023 me-

126 1056 278 1101 dium,
308 1055 346 1092 in
393 1067 469 1103 quo
514 1056 599 1104 ipso
631 1056 833 1105 displicent
872 1056 1102 1104 regiones
1133 1055 1292 1092 Italiae
1323 1056 1376 1092 sic
1405 1056 1549 1093 infinite

126 1126 236 1163 dictae
276 1139 347 1175 pro
378 1125 493 1162 Italia
531 1126 708 1173 (Italiae
738 1127 971 1173 medium).
1047 1127 1219 1163 Vereor.
1266 1139 1314 1163 ne
1357 1127 1548 1175 genitivus

125 1197 376 1246 regionum
409 1203 515 1232 ortus
546 1196 594 1232 sit
624 1209 672 1233 ex
702 1198 932 1246 praecedenti
964 1197 1194 1234 classium
1235 1205 1548 1234 externarum

126 1267 398 1316 scripseritque
444 1267 597 1304 Livius:
647 1269 892 1319 regionem
938 1267 1098 1304 Italiae
1141 1268 1358 1308 mediam.
1417 1270 1549 1313 Recte,

127 1337 358 1375 enumeratis
390 1338 615 1381 commodis,
647 1351 731 1386 quae
761 1339 799 1375 in
830 1339 905 1375 loci
934 1338 1054 1387 ipsius
1072 1344 1213 1375 natura
1244 1346 1281 1375 et
1310 1339 1463 1387 ingenio
1480 1351 1550 1387 po-

127 1409 202 1446 sita
233 1415 363 1454 eraut,
407 1408 629 1457 adiungitur
669 1410 828 1458 regio,
875 1410 948 1446 hoc
993 1416 1051 1446 est
1091 1409 1185 1446 situs
1218 1410 1257 1445 in
1299 1416 1403 1447 certa
1433 1409 1550 1446 tot-ius

128 1480 253 1518 Italiae
282 1476 448 1528 pai-tel).

731 1750 834 1797 Lib.
871 1751 913 1797 V
917 1751 952 1797 Ι.

259 1891 354 1941 Cap.
377 1894 411 1936 5,
433 1894 453 1927 5
482 1891 567 1934 (ubi
596 1890 658 1927 lex
692 1891 847 1939 agraria
877 1905 900 1927 a
929 1892 1092 1928 tribunis
1122 1892 1245 1940 plebis
1277 1892 1423 1941 agitata
1453 1904 1558 1929 com-

135 1968 408 2008 memoratum:
458 1963 598 1998 Haud
651 1974 821 2010 magno
867 1975 1015 2011 opere
1059 1962 1250 2011 plebem
1295 1968 1558 1999 moverant.

137 2032 563 2081 Plusquamperfectum
581 2039 671 2081 post.
687 2032 913 2080 imperfecta
930 2032 965 2081 (0
977 2045 998 2069 0
1009 2046 1032 2069 n
1046 2034 1102 2070 ab
1114 2042 1193 2069 ant
1206 2047 1258 2069 ur
1278 2054 1323 2059 —
1348 2045 1370 2068 o
1381 2038 1558 2068 stenta-

138 2104 161 2140 b
173 2110 218 2140 at
230 2116 343 2139 ur—
358 2102 529 2138 crimin
541 2103 596 2138 ab
609 2109 721 2139 antu
732 2103 767 2150 r)
786 2110 889 2140 reete
905 2104 1078 2148 haberet,
1110 2104 1142 2140 si
1173 2103 1464 2153 significaretur,
1483 2114 1558 2150 quo

169 2316 202 2358 ¹)
229 2319 338 2350 Paulo
363 2323 442 2360 post
468 2317 499 2357 (ξ
527 2317 563 2357 6)
589 2318 671 2348 satis
699 2325 828 2348 certum
855 2324 914 2357 est,
947 2324 1106 2360 corrupta
1133 2328 1206 2350 esse
1232 2319 1321 2350 haec:
1348 2327 1433 2359 quae
1466 2318 1514 2358 (m
1526 2328 1563 2348 a-

232 2380 329 2420 lum)
356 2380 473 2411 ratio
510 2385 578 2410 est
604 2380 804 2420 expertis
843 2380 933 2410 alia
960 2381 1176 2421 experiri?
1213 2391 1292 2412 narn
1332 2390 1394 2411 nec
1432 2380 1563 2410 dativus

234 2447 324 2473 recte
349 2440 488 2482 ponitur
513 2446 572 2470 aut
598 2441 775 2480 experti
802 2440 959 2471 absolute
985 2441 1144 2473 dicuntur
1167 2452 1229 2473 nec
1260 2442 1346 2473 alia
1371 2441 1562 2482 expertis

234 2513 296 2544 pro
322 2503 434 2539 aliis,
463 2507 592 2541 atque
618 2502 797 2542 experti
834 2502 953 2540 estis,
979 2502 1096 2535 Livius
1121 2504 1217 2534 dixit.
1265 2503 1332 2536 Sed
1358 2502 1566 2533 emendatio-

236 2572 314 2594 nem
338 2573 406 2594 non
433 2563 575 2603 reperio.
637 2562 725 2594 Nam
754 2562 820 2593 his
847 2563 1046 2594 desertis
1072 2564 1258 2595 violentum
1284 2570 1352 2601 est,
1379 2564 1567 2594 desertis

237 2625 438 2666 expertis
465 2624 628 2664 (desertis
653 2624 705 2662 iis,
725 2633 800 2664 quae
826 2629 969 2665 experta
996 2624 1091 2666 sunt)
1123 2625 1311 2657 orationem
1340 2626 1444 2657 habet
1467 2626 1566 2656 nimis

238 2686 356 2718 duram
383 2690 416 2716 et
439 2685 622 2717 insolitam.

217 2757 359 2781 MADVIGU
379 2756 586 2781 Extuomlanv.
1278 2750 1296 2777 9
