1811 2925
257 166 331 197 Lib.
360 164 490 196 XLIV.
930 163 1007 200 580

257 288 444 339 appellari
474 293 658 336 possunt,
701 299 818 335 quum
849 283 1027 321 universe
1059 283 1314 332 significetur,
1333 283 1514 323 Gentium
1533 299 1578 323 eo
1600 287 1678 323 iarn

256 361 505 409 perductum,
548 363 590 393 ut
615 357 758 394 bellum
790 366 874 391 cum
901 353 1089 390 Romanis
1127 354 1345 390 necessario
1385 356 1581 404 suscipiat,
1612 369 1678 393 ne-

259 444 332 481 que
376 427 706 465 necessitates
756 426 814 467 ad
857 423 1041 461 bellum
1088 424 1378 460 contrahere
1427 425 1682 463 tolerabiliter

257 501 396 537 dicitur
440 510 566 546 neque
608 497 776 545 utique
820 508 907 532 curn
941 494 1182 531 substantivo
1222 494 1465 531 coniunctum
1497 496 1677 533 Latinum

257 578 333 616 est;
380 570 485 618 (nam
532 568 679 604 sicum
710 567 831 604 verbo
875 565 1107 612 coniungere
1151 577 1311 610 conere,
1358 567 1549 603 sententia
1590 568 1681 604 erit:

256 642 427 690 utique
457 639 512 676 ad
547 638 744 682 bellum,
775 637 812 673 si
843 649 933 672 non
964 635 1020 671 ad
1052 635 1194 671 aliam
1216 648 1333 681 rem,
1363 637 1435 672 hoc
1466 642 1534 681 est,
1572 636 1679 685 inep-

257 710 437 759 tissima).
505 710 551 746 In
581 708 714 745 codice
745 713 820 744 est:
860 705 1173 743 contraxisse
1212 719 1313 742 eum
1344 706 1679 744 necessitatis.

259 781 509 821 scribendum
556 785 630 815 est:
682 776 994 815 contraxisse
1038 788 1138 812 eum
1193 777 1512 814 necessitatis
1555 778 1680 817 satis

260 866 312 890 ac
343 851 641 893 bellaturum
672 849 840 897 utique
873 859 974 883 cum
1005 847 1249 884 Romanis.

371 922 469 972 Cap.
494 923 558 960 28.
611 920 746 957 Livius
775 920 1014 955 Antenorem
1043 924 1079 954 et
1113 916 1331 967 Callippum
1364 931 1386 954 a
1417 919 1563 955 Perseo
1594 930 1680 955 cum

261 996 337 1032 XL
387 993 522 1030 lembis
568 990 768 1027 Tenedum
815 989 972 1034 missos7
1018 995 1059 1024 ut
1099 988 1186 1024 inde
1232 989 1357 1037 sparsi
1389 1002 1458 1038 per
1490 987 1681 1037 Cycladas

259 1065 404 1102 insulas
435 1075 554 1100 naves
586 1059 857 1097 Macedoniam
898 1071 982 1095 cum
1015 1058 1206 1095 frumento
1236 1065 1410 1108 petentes
1454 1065 1685 1104 tutarentur,

261 1141 405 1173 stantes
447 1133 595 1171 Tenedi
638 1131 677 1168 in
720 1136 833 1179 portu
880 1130 1054 1166 Rhodias
1093 1142 1211 1165 naves
1240 1129 1450 1166 incolumes
1495 1129 1684 1166 dimisisse

261 1202 451 1249 narrat.¹)
517 1204 619 1240 Tum
652 1202 688 1248 (ξ
725 1200 765 1247 4)
806 1199 859 1235 sic
898 1199 1039 1248 pergit:
1081 1199 1288 1248 Cognito
1321 1200 1513 1246 deinde,
1544 1200 1590 1237 in
1619 1200 1682 1236 la-

261 1284 362 1313 tere
394 1275 554 1312 altero
587 1271 770 1320 (Tenedi)
807 1269 1168 1318 quinquaginta
1205 1271 1458 1307 onerarias
1492 1283 1682 1307 suarum

262 1344 516 1394 (suorumP)
661 1341 881 1378 inclusas
930 1352 1060 1385 esse,
1108 1340 1429 1377 circumvecti
1475 1353 1685 1390 propere

261 1429 315 1453 ac
345 1414 588 1453 submotis
618 1419 810 1449 terrore
840 1410 1052 1447 hostium
1085 1411 1291 1447 navibus
1328 1411 1581 1447 onerarias
1610 1441 1618 1449 .

261 1489 309 1523 in
339 1485 681 1522 Macedoniam
715 1482 926 1519 mittunt.
988 1480 1123 1518 Codex
1152 1482 1286 1517 habet:
1318 1482 1686 1518 circumvectus

327 1588 334 1595 .
376 1556 549 1600 mittit3
597 1554 700 1603 quod
732 1566 778 1589 ex
816 1551 880 1588 illo
917 1552 1006 1588 oriri
1045 1553 1112 1588 vix
1153 1553 1287 1601 potuit.
1364 1553 1504 1600 Itaque
1541 1552 1685 1598 Livius,

263 1640 379 1676 quum
408 1626 515 1662 initio
549 1626 645 1661 duos
676 1622 879 1673 praefectos
902 1623 1034 1659 classis
1066 1623 1176 1671 quasi
1207 1623 1392 1671 dignitate
1418 1635 1531 1671 pares
1562 1623 1687 1659 nomi-

262 1703 416 1742 nasset,
460 1696 553 1732 satis
594 1694 832 1743 negligenter
862 1693 920 1729 sui
952 1693 1090 1729 oblitus
1125 1694 1200 1730 iam
1244 1694 1304 1730 hie
1335 1693 1384 1729 ad
1413 1706 1530 1729 unum
1564 1694 1684 1728 Ante-

262 1780 394 1803 norem
425 1766 686 1802 narrationem
719 1764 937 1809 transtulit,
985 1777 1096 1812 quein
1141 1764 1278 1800 deinde
1320 1764 1357 1799 in
1403 1770 1484 1799 tota
1527 1764 1600 1799 hac
1643 1775 1687 1798 re

265 1850 378 1873 unum
412 1836 599 1880 nominat,
631 1834 810 1883 Callippo
828 1845 986 1882 prorsus
1007 1832 1162 1878 omisso,
1194 1835 1256 1878 §S
1290 1840 1325 1870 et
1354 1837 1397 1870 15
1431 1840 1467 1869 et
1497 1846 1528 1870 c.
1560 1835 1624 1877 29,
1647 1835 1683 1870 3.

263 1907 475 1944 Tollendus
510 1906 647 1942 deinde
682 1909 699 1950 ξ
733 1908 753 1941 6
786 1904 823 1940 in
858 1904 1011 1939 nomine
1041 1904 1198 1952 proprio
1229 1905 1360 1952 gravis
1391 1917 1515 1940 error:
1545 1905 1684 1941 Nono

262 1984 371 2026 post
402 1977 477 2013 die
525 1976 656 2023 (lembi
701 1975 739 2011 in
770 1974 1041 2010 Macedoniam
1073 1973 1193 2020 missi)
1241 1975 1297 2010 ad
1343 1974 1547 2010 classem
1593 1973 1685 2010 iam

263 2048 322 2084 ad
354 2048 544 2096 Sigeum
578 2052 788 2082 stantem
812 2044 1077 2080 redierunt.
1135 2044 1253 2080 Inde
1285 2044 1475 2081 Subota
1507 2044 1685 2091 (insula

263 2119 532 2154 interiecta
564 2123 636 2153 est
664 2117 801 2153 Elaeae
832 2122 874 2151 et
894 2114 1039 2159 Atho)
1071 2113 1343 2149 traiiciunt.
1388 2115 1687 2152 Perversissime

265 2188 500 2225 Subotorum
543 2187 637 2223 situs
680 2185 858 2221 definitur
902 2185 1000 2220 inter
1039 2184 1114 2219 duo
1170 2183 1257 2220 loca
1287 2184 1487 2221 minimum
1527 2185 1686 2234 triginta

265 2259 445 2295 milliaria
478 2257 791 2307 geographorum
822 2267 1009 2291 mensurae
1040 2254 1234 2298 distantia,
1279 2254 1376 2290 inter
1420 2267 1505 2302 quae
1535 2255 1685 2292 Lesbus

289 2452 317 2493 ¹)
360 2454 459 2493 Quod
480 2456 513 2485 in
533 2454 648 2484 codice
667 2453 828 2484 scribitur
854 2461 1032 2492 sparsae,
1058 2461 1100 2483 ex
1127 2461 1167 2482 eo
1185 2451 1310 2482 rectius
1333 2451 1513 2483 Creverius
1541 2451 1683 2490 sparsi

359 2516 440 2547 fecit
461 2526 561 2556 quum
588 2514 889 2545 Drakenborchius
925 2519 957 2544 et
992 2514 1195 2544 recentiores
1231 2523 1421 2554 sparsas.
1472 2511 1540 2552 Ipsi
1568 2511 1683 2552 spargi

359 2577 548 2615 debebant,
586 2582 625 2606 ut
657 2585 761 2607 naves
796 2575 1007 2607 Alexandria
1031 2580 1065 2605 et
1090 2574 1228 2605 aliunde
1254 2575 1429 2605 venientes
1456 2578 1489 2604 et
1515 2571 1684 2614 Cycladas

358 2638 680 2680 praetcrnavigantes
713 2641 796 2674 (non
828 2646 962 2678 sparsas
996 2646 1055 2676 per
1088 2634 1273 2676 Cycladas)
1311 2641 1513 2666 tutarentur.
1563 2634 1684 2675 Itaque

357 2699 460 2731 lembi
486 2698 612 2730 Delum
638 2698 813 2729 traiiciunt
839 2699 871 2739 (ξ
902 2699 970 2738 16),
1009 2697 1130 2729 deinde
1154 2706 1233 2737 pars
1254 2705 1314 2736 per
1340 2693 1509 2736 Cycladas
1532 2696 1684 2736 disponi-

359 2766 414 2792 tur
435 2761 480 2801 (c.
508 2763 563 2798 29,
591 2760 643 2801 4).
