1811 2925
229 144 306 176 Lib.
326 143 497 175 XXXIX.
905 144 980 178 454

343 265 440 314 Cap.
474 266 538 310 25,
575 267 596 301 3
629 270 666 300 et
696 267 718 300 4
763 262 843 313 (ubi
887 262 1015 310 agitur
1057 262 1104 298 de
1147 262 1268 299 tribus
1297 263 1434 311 legatis
1464 265 1651 301 Romanis

231 337 281 372 ad
312 337 461 384 Tempe
503 335 732 372 Thessalica
769 334 807 370 in
849 338 1039 370 conventu
1081 333 1365 368 controversias
1402 334 1572 383 Philippi
1616 341 1653 371 et

231 406 509 443 Thessalorum
559 400 904 454 disceptant.ibus):
951 402 1004 438 In
1055 403 1442 439 controversiam
1490 410 1654 440 autem

231 476 496 512 veniebant
537 472 929 524 PliilippopoliS‚
963 472 1163 515 Tricca,
1201 472 1437 510 Phaloria
1481 481 1524 511 et
1566 476 1654 512 Eu-

232 559 438 595 rymenae
476 552 520 582 et
557 552 720 582 cetera
751 544 882 581 circa
909 554 988 579 eas
1019 542 1220 590 oppida,
1251 549 1414 580 utrum
1449 545 1655 581 Thessa-

232 617 385 653 lorum
431 616 578 659 iuris,
636 627 773 662 quum
826 614 872 650 vi
928 614 1160 660 ademptae
1213 625 1549 662 possessaeque
1595 615 1656 651 ab¹

232 687 414 724 AEtolis
445 686 611 723 forent
642 688 762 729 (nam
794 683 1072 732 Philippum
1103 682 1282 718 AEtolis
1315 684 1549 720 ademisse
1574 697 1654 720 eas

234 756 524 804 constabat),
567 769 623 792 an
663 754 878 793 AEtoliea
919 753 1193 801 antiquitus
1237 766 1289 789 ea
1325 754 1503 802 oppida
1537 754 1658 790 fuis-

233 832 350 863 sent.
414 827 507 864 Non
529 825 785 873 quaerebatur,
819 830 973 861 certone
995 823 1123 870 aliquo
1144 828 1316 871 ternpore
1340 826 1464 869 (tum,
1500 826 1653 872 quum)

234 897 512 935 Thessalorum
543 895 635 931 iuris
679 907 725 931 ea
756 894 900 943 oppida
929 893 1101 935 fuissene
1147 894 1213 929 sed
1255 906 1345 930 num
1380 895 1588 943 antiquitus
1619 901 1656 931 et

235 973 433 1016 perpetuo,
465 979 534 1003 nec
553 966 609 1002 ita
631 966 888 1013 quaerebatur,
919 969 959 1000 ut
980 977 1051 1012 pro
1075 975 1258 1000 concesso
1283 971 1393 1009 esset‚
1414 965 1452 1000 vi
1475 965 1656 1014 adempta

235 1045 271 1074 et
300 1050 482 1086 possessa
513 1038 562 1073 ab
593 1036 740 1074 AEtolis
771 1047 872 1079 esse3
913 1047 1002 1069 nam
1042 1033 1079 1069 id
1119 1034 1201 1070 fieri
1238 1047 1314 1070 non
1345 1036 1544 1083 potuisset,
1584 1036 1660 1072 nisi

236 1108 513 1145 Thessalorum
539 1108 632 1144 iuris
662 1107 846 1149 fuissent,
878 1116 960 1149 nec,
992 1103 1023 1139 si
1052 1103 1091 1138 id
1125 1104 1267 1140 factum
1301 1111 1412 1150 esset,
1442 1107 1656 1154 potuissent

236 1180 313 1216 ullo
344 1179 461 1215 modo
490 1178 711 1215 AEtolica
743 1175 1017 1223 antiquitus
1050 1186 1145 1213 esse.
1198 1175 1424 1223 'Perspicua
1453 1177 1533 1213 haec·
1563 1178 1656 1213 fiunt

237 1263 285 1286 ex
317 1250 376 1294 iis,
410 1261 493 1297 quie
524 1248 792 1284 subiiciuntur:
831 1246 900 1281 ita
932 1245 1053 1281 enim
1085 1245 1294 1282 Acilium
1327 1246 1429 1293 regi
1461 1258 1655 1283 conces-

237 1320 360 1356 sisse
393 1318 455 1367 (ea
488 1318 676 1366 oppida),
721 1316 763 1352 si
793 1316 1069 1352 AEtolorum
1106 1315 1314 1351 fuissent
1351 1323 1395 1351 et
1425 1316 1463 1351 si
1494 1317 1659 1352 volun-

331 1494 536 1525 stituendum
563 1491 695 1521 videtur
721 1500 737 1520 e
765 1488 982 1527 vulgaribus:
1020 1488 1179 1528 optime
1214 1489 1254 1519 in
1281 1499 1325 1519 eo
1347 1489 1444 1529 ipso
1472 1489 1662 1527 meritam

328 1565 406 1586 nam
435 1564 480 1584 eo
509 1554 603 1594 ipso
631 1562 697 1593 quo
716 1551 892 1586 referatur,
919 1549 1118 1580 nonhabet.
1168 1549 1330 1579 Proxime
1352 1551 1394 1580 ad
1415 1550 1657 1581 correctionem

328 1618 363 1648 in
397 1617 449 1646 ed.
487 1615 699 1646 Ascensiana
730 1613 916 1644 adhibitam
951 1611 1164 1642 scribendum
1202 1611 1353 1644 videtur:
1413 1612 1574 1652 optime
1609 1612 1659 1641 de

330 1679 425 1719 ipso
460 1677 639 1708 meritae.
700 1675 766 1706 Sed
804 1674 919 1704 mendi
953 1673 1049 1712 origo
1086 1673 1230 1703 obscura
1274 1678 1334 1702 est.
1408 1671 1578 1713 Cap.14,
1618 1676 1657 1703 4:

332 1739 499 1780 (Patres
525 1748 656 1779 pavor
690 1737 848 1776 ingens
878 1734 996 1775 cepit
1032 1743 1154 1774 quum
1181 1733 1357 1774 publico
1383 1734 1552 1764 nomine
1578 1757 1585 1763 .
1614 1757 1620 1763 .
1649 1757 1656 1763 .

331 1807 419 1832 tum
459 1799 667 1841 privatim
710 1807 881 1828 suorum
925 1796 1106 1835 quisque
1148 1795 1296 1836 vicem)
1342 1800 1430 1826 recte
1465 1793 1660 1825 Gronovius

330 1867 362 1892 et
391 1860 570 1892 Creverius
597 1865 727 1900 negant
759 1860 896 1890 Livium
925 1858 957 1887 in
992 1857 1047 1887 tali
1079 1857 1255 1886 verborum
1289 1857 1468 1897 complexu
1501 1857 1658 1887 aberrare

330 1923 490 1964 potuisse,
517 1928 554 1952 ut
581 1923 764 1963 quisque
791 1921 953 1952 scriberet
978 1928 1039 1958 pro
1066 1927 1292 1957 quemque.
1354 1918 1420 1949 Sed
1449 1927 1657 1957 quemque

330 1985 386 2029 viss
414 1985 449 2015 in
476 1984 661 2025 quisque
700 1982 841 2014 transire
875 1981 996 2022 potuit.
1053 1980 1196 2012 Fuitne:
1235 1989 1405 2010 suorum
1443 1979 1659 2018 cuiusque

330 2048 464 2077 vicem
495 2045 626 2087 (eorum
655 2045 772 2076 vicem,
800 2043 856 2082 qui
884 2042 935 2073 sui
962 2042 1122 2082 cuiusque
1155 2041 1292 2080 erant)?
1343 2040 1427 2081 Cap.
1458 2044 1510 2080 19,
1539 2044 1570 2077 4,
1599 2040 1655 2070 ubi

332 2109 372 2138 do
399 2107 548 2148 praemiis
576 2108 618 2138 ob
646 2105 876 2138 Bacchanalia
902 2104 1052 2134 indicata
1078 2104 1220 2134 decretis
1242 2104 1362 2142 agitur,
1397 2112 1457 2142 pro
1487 2112 1537 2140 eo,
1567 2103 1657 2142 quod

332 2180 348 2199 e
369 2168 569 2209 vulgaribus
589 2167 764 2198 codicibus
785 2167 912 2196 editur:
946 2175 1048 2196 neve
1076 2164 1252 2205 (AEhutio)
1278 2173 1482 2194 censores
1508 2173 1656 2203 equum

330 2230 557 2270 publicum
586 2229 891 2268 assignarent,
924 2227 959 2257 in
985 2227 1022 2257 M
1049 2232 1114 2257 est:
1149 2235 1252 2256 neve
1280 2235 1430 2256 censor
1459 2225 1656 2255 Licinius

331 2301 483 2331 equum
511 2291 735 2332 publicum
758 2289 1024 2327 assignaret.
1074 2287 1144 2318 Sub
1171 2287 1308 2317 nomine
1333 2296 1469 2326 prorsus
1496 2286 1657 2322 absurdo,

332 2353 422 2392 quod
449 2353 483 2383 in
510 2353 706 2392 vulgaribus
741 2351 838 2381 codd.
872 2350 1034 2380 omissum
1061 2354 1129 2385 est,
1166 2358 1267 2387 quum
1306 2358 1373 2378 non
1398 2348 1654 2387 intelligeretur,

331 2414 413 2444 latet
448 2419 560 2445 tamen
592 2414 738 2453 aliquid;
782 2418 813 2443 et
851 2411 1035 2443 desiderari
1070 2410 1219 2441 dativum
1257 2407 1354 2439 inulti
1390 2414 1583 2446 senserunt;
1621 2408 1656 2438 in

330 2475 450 2505 litteris
477 2475 507 2504 li
534 2476 621 2505 inest
647 2474 702 2512 ei,
725 2474 783 2505 sed
810 2473 890 2512 quid
914 2472 1034 2503 ceteris
1062 2470 1231 2512 (cinius)
1258 2471 1325 2508 fiat,
1354 2469 1491 2500 difficile
1518 2470 1656 2499 inventu

330 2542 396 2574 θεῖς
430 2536 464 2565 in
494 2540 641 2566 mentem
676 2535 787 2565 venit:
824 2543 930 2564 neve
969 2542 1120 2563 censor
1153 2533 1189 2562 ei
1223 2531 1306 2561 civi
1340 2540 1491 2571 equum
1517 2529 1656 2570 publi-

331 2607 423 2627 cum
450 2597 715 2635 assignaret.
768 2595 835 2627 Sed
865 2595 977 2625 otiosa
1003 2594 1085 2624 civis
1104 2593 1289 2634 appellatio
1305 2592 1446 2622 videtur.
1503 2590 1663 2629 Longius

329 2668 349 2688 a
375 2658 567 2688 litterarum
606 2657 826 2688 similitudine
864 2655 1008 2686 discedit
1043 2664 1144 2685 neve
1183 2663 1330 2684 censor
1365 2653 1399 2683 ei
1442 2651 1555 2682 ullus
1593 2655 1661 2681 etc-
