1811 2925
819 173 896 208 619
1355 169 1428 199 Lib.
1455 167 1566 199 XLV.

154 299 230 335 titae
253 297 328 334 sint
348 309 397 333 an
413 295 557 344 aliquid
579 294 779 338 occultent,
810 293 958 338 nescio;
990 292 1059 328 etsi
1091 291 1181 339 quid
1197 291 1316 328 latere
1348 299 1478 340 aptum
1510 292 1566 328 lo-

154 381 199 405 co
230 368 363 417 possit,
394 379 471 403 non
501 365 625 403 video.
742 366 787 402 In
819 367 836 409 ξ
869 365 890 399 9
923 370 1024 399 recte
1055 362 1286 398 intellectum
1321 369 1394 407 est,
1413 375 1565 399 omnem

152 438 388 476 accusatoris
419 437 630 473 orationem
675 435 765 484 fingi
799 434 848 470 ad
892 433 1030 469 milites
1067 445 1321 474 conversam:
1371 433 1500 481 itaque
1531 441 1567 470 et

153 509 431 547 circumiret
463 507 524 553 (de
555 507 803 555 imperatore)
836 517 856 540 e
886 503 1017 540 codice
1048 504 1265 540 restitutum
1296 512 1353 540 est
1383 511 1420 540 et
1449 504 1488 540 in
1509 505 1568 541 la-

159 592 257 617 cuna
291 578 507 628 suppletum
540 578 707 613 ductus
737 588 803 620 es,
849 573 1169 623 quumGrynaeus
1199 574 1386 611 duxisti
1416 576 1567 625 posuis-

154 659 223 689 set.
284 649 406 698 Atqui
450 648 558 685 militi
600 647 673 683 dici
707 646 855 694 nequit:
899 646 944 681 in
989 644 1207 680 statione
1250 647 1474 683 severius
1523 654 1568 684 et

155 721 397 758 intentius
427 718 675 762 institistig
706 717 946 753 scribendum
978 715 1179 752 stetisti.
1268 716 1403 753 Restat
1433 718 1471 754 in
1502 732 1568 755 ex-

156 799 278 828 tremo
292 791 417 840 capite
445 791 480 837 (ξ
506 791 568 835 13)
607 795 710 826 certa
727 795 763 824 ct
783 787 941 835 insignis
973 787 1201 825 emendatio,
1245 787 1349 823 Nam
1371 787 1569 835 Servilius,

154 875 311 899 causam
343 861 446 910 apud
476 859 612 908 integri
642 859 771 895 iudicii
801 858 1016 894 contionem
1047 857 1109 905 agi
1141 858 1312 905 fingens,
1353 859 1569 908 Populus

154 933 426 976 Romanus,
469 930 614 979 inquit.
674 960 709 966 ..
774 929 997 977 proximo
1043 935 1177 964 certe
1208 928 1393 965 Punico
1439 930 1568 966 bello

157 1002 269 1050 quid
300 1003 428 1038 inter
478 1002 531 1039 M.
566 1000 827 1037 Minucium
877 999 1163 1047 magistrum
1205 1000 1415 1047 equitum
1448 1008 1489 1036 et
1523 1003 1568 1047 Q.

155 1072 357 1109 Fabium
387 1073 676 1108 dictatorem
710 1070 1006 1112 interfuerit,
1037 1070 1264 1106 meminit.
1331 1070 1480 1107 Deinde
1502 1072 1570 1107 ad-

154 1142 294 1190 iungit:
324 1142 503 1190 Itaque
534 1149 880 1178 accusatorem
925 1141 971 1177 id
1005 1141 1130 1176 scire
1160 1140 1384 1189 potuisse
1415 1148 1458 1178 et
1492 1155 1568 1178 su-

154 1225 522 1262 pervacaneam
553 1214 890 1249 defensionem
921 1212 1063 1249 Pauli
1105 1211 1279 1249 fuisse.
1344 1212 1469 1248 Multa
1501 1213 1565 1249 hic

155 1296 350 1332 perversa.
380 1285 543 1332 primum
575 1285 613 1320 in
642 1284 827 1320 orationis
848 1291 1059 1326 structura3
1087 1282 1186 1318 unde
1204 1282 1303 1319 enim
1325 1283 1464 1331 pendet
1481 1297 1567 1320 sen-

155 1355 275 1391 tentia
304 1355 450 1392 infinita
477 1356 531 1392 sic
550 1355 694 1404 posita:
726 1354 936 1403 populus
968 1353 1207 1400 meminit3
1236 1354 1404 1402 itaque
1435 1367 1571 1391 accu-

157 1432 372 1462 satorem
404 1426 452 1462 id
495 1427 620 1462 scire
650 1424 908 1474 potuisse?
949 1425 1085 1460 deinde
1125 1425 1163 1460 in
1206 1424 1404 1460 sententia.
1469 1426 1571 1462 Me-

154 1496 426 1532 mineratne
466 1497 656 1545 populus.
698 1503 960 1532 accusatorem
992 1496 1030 1531 id
1074 1495 1189 1539 scire,
1239 1496 1356 1531 immo
1405 1495 1443 1532 id
1474 1496 1572 1532 scire

154 1566 400 1614 potuisse?
459 1567 736 1604 Memineratne
770 1579 898 1616 porro,
931 1566 1044 1602 Pauli
1081 1565 1341 1602 defensionem
1387 1579 1571 1615 superva-

155 1650 315 1674 caneam
353 1638 538 1675 fuisse?
583 1637 773 1686 Quando?
820 1638 872 1674 Et
906 1637 996 1685 quid
1028 1637 1065 1673 id
1097 1637 1145 1673 ad
1176 1650 1282 1673 rem.
1326 1637 1417 1685 quid
1459 1638 1572 1674 sciret

155 1715 359 1745 accusator
390 1708 438 1744 de
466 1709 637 1746 Minucio
668 1717 704 1746 et
734 1707 883 1745 Fabio?
929 1715 995 1744 aut
1045 1708 1136 1756 quid
1181 1708 1280 1745 inter
1309 1709 1409 1744 hanc
1448 1708 1573 1744 scien-

157 1779 250 1815 tiam
304 1786 342 1815 et
386 1780 500 1816 Pauli
545 1781 806 1817 defensionem
861 1778 1077 1816 coniuncti?
1151 1781 1355 1828 Apparet.
1408 1791 1484 1815 non
1533 1779 1572 1815 id

157 1850 246 1898 agi.
292 1851 381 1898 quid
428 1851 475 1887 de
507 1859 729 1888 accusatore
759 1851 924 1899 populus
954 1850 1190 1893 meminerit.
1241 1849 1309 1886 sed
1352 1849 1572 1897 significari,

159 1920 250 1968 quia
279 1921 444 1970 populus
476 1922 710 1966 meminerit,
759 1922 963 1958 ambitiosa
992 1921 1155 1970 imperia
1200 1921 1466 1969 improspera,
1510 1932 1572 1957 se-

156 2003 251 2027 vera
297 2003 484 2040 prospera
538 1991 675 2036 fuisse,
724 1993 814 2040 quid
853 1994 1023 2029 futurum
1053 1991 1186 2037 fuerit,
1235 1992 1267 2028 si
1309 1991 1412 2040 apud
1455 1991 1570 2027 talem

157 2062 370 2110 populum,
420 2063 558 2111 integri
587 2063 742 2107 iudicii.
785 2063 900 2100 Pauli
943 2075 1063 2099 causa
1103 2068 1294 2110 ageretur.
1361 2063 1407 2098 In
1439 2062 1572 2098 codice

158 2143 229 2179 pro
260 2131 304 2167 id
330 2133 460 2169 scire
499 2140 555 2169 est
584 2133 762 2178 iscere,
808 2133 881 2168 hoc
914 2139 971 2168 est
1003 2133 1202 2169 hiscere.
1273 2133 1381 2169 Nihil
1410 2132 1570 2169 manife-

159 2201 254 2238 stius
284 2203 472 2239 certiusve
507 2210 561 2240 est
590 2216 704 2252 quam
740 2203 890 2240 Livium
922 2205 1138 2253 scripsisse:
1168 2205 1343 2253 Itaque
1374 2203 1571 2252 (populus)

161 2280 494 2310 accusatorem
541 2275 738 2314 hiscere
768 2287 861 2313 non
891 2275 1046 2315 sisset
1076 2283 1121 2312 et
1151 2286 1572 2324 supervacaneam

161 2341 496 2380 defensionem
528 2344 673 2380 Pauli
717 2345 935 2385 fecisset.
983 2345 1182 2393 (Sequitur
1212 2358 1289 2382 vox
1335 2351 1401 2381 at
1444 2344 1573 2380 littera

163 2411 380 2460 incipiens.)
457 2414 549 2452 Una
595 2421 652 2451 est
689 2415 898 2459 dubitatio,
939 2429 1009 2465 pro
1042 2428 1132 2452 non
1163 2416 1309 2451 sisset
1339 2414 1571 2462 scriptumne

161 2482 277 2518 fuerit,
307 2483 654 2531 prohibuisset.
712 2485 920 2522 Hiscere
956 2486 995 2522 in
1026 2486 1152 2522 scire
1182 2492 1404 2534 corruptum
1437 2485 1572 2533 depre-

162 2552 362 2589 hendimus
393 2553 468 2590 iam
497 2555 649 2600 XLIV,
682 2558 745 2599 45,
782 2558 842 2592 10.

275 2622 369 2672 Cap.
405 2625 476 2669 38,
514 2627 536 2661 4
569 2625 623 2672 (in
654 2626 788 2662 eadem
819 2625 973 2663 Servilii
1003 2627 1213 2671 oratione):
1244 2625 1454 2669 Erratis,
1485 2624 1574 2660 mi-

164 2692 344 2738 lites‚si
376 2694 669 2743 triumphum
698 2696 1015 2744 imperatoris
1046 2708 1099 2733 ac
1121 2708 1210 2732 non
1231 2695 1442 2731 militum
1462 2706 1572 2742 quo·

167 2774 258 2811 que
287 2770 331 2799 et
365 2764 582 2801 universi
611 2765 780 2814 populi
809 2766 1008 2803 Romani
1039 2778 1143 2803 esse
1173 2766 1316 2802 decus
1338 2764 1573 2808 censetis;
