1811 2925
809 137 857 174 89
1330 135 1404 165 Lib.
1432 134 1491 165 IV.

129 260 282 310 scripsit
310 260 461 298 Livius:
501 259 954 298 Reminiscerentur
983 258 1048 305 (ex
1079 258 1201 294 altera
1231 256 1372 306 parte),
1403 270 1540 306 quam

130 331 430 368 maiestatem
482 337 677 367 senatus
730 330 825 379 ipsi
877 343 899 366 a
942 329 1166 379 patribus
1215 328 1541 377 accepissent.

131 415 266 451 quam
301 402 471 439 liberis
501 401 736 438 tradituri
771 407 949 445 essent3
982 400 1049 447 (ex
1079 399 1200 435 altera
1230 398 1355 448 parte)
1391 411 1542 447 quem-

132 473 381 510 admodum
429 474 566 522 plebs
606 472 814 521 gloriari
856 476 1021 523 posset
1067 470 1331 507 auctiorem
1374 470 1543 519 ampli-

131 557 355 593 oremque
399 558 447 585 se
493 557 607 581 esse.
681 544 843 580 Finem
875 554 987 591 ergo
1022 553 1112 577 non
1144 540 1268 577 fieri.
1346 541 1429 578 Nec
1460 553 1545 577 mea

131 616 210 652 haec
242 622 299 652 est
328 616 556 661 emendatio,
594 616 660 652 sed
693 615 740 651 ab
773 614 856 651 aliis
886 613 962 650 iam
996 618 1155 655 tentata,
1189 612 1253 660 qui
1284 618 1319 648 et
1350 612 1386 648 in
1415 611 1545 648 codice

133 699 207 723 uno
239 693 275 722 et.
308 687 427 723 altero
469 687 646 724 deteriori
693 698 740 722 se
785 685 876 733 (alio
924 682 1026 733 loco)
1075 683 1302 719 addiderunt
1332 690 1368 719 et
1397 695 1466 732 pro
1499 689 1546 719 ut

132 758 251 806 (quod
291 770 362 806 ego
407 758 541 802 delevi,
588 765 719 795 natum
765 771 811 795 ex
855 756 1004 793 duabus
1047 754 1225 791 extremis
1269 753 1403 790 litteris
1440 752 1546 789 verbi

133 830 308 875 essent)
352 836 394 864 et
436 829 688 877 scripserunt,
736 829 838 877 quod
885 828 999 864 etiam
1040 827 1140 864 Tan.
1184 826 1313 862 Faber
1357 824 1469 860 alicui
1509 824 1545 859 in

132 907 296 936 mentem
332 899 481 935 venisse
511 908 654 938 narrat.
731 901 808 941 (De
839 905 885 935 ut
917 911 964 935 ex
993 904 1042 933 nt
1082 895 1311 945 praecedenti
1348 902 1432 931 orto
1478 894 1546 930 cfr.

133 971 248 1009 VIII.
279 972 342 1009 28.
376 971 428 1018 3.)

246 1041 427 1090 Sequitur
455 1042 492 1078 in
525 1041 658 1078 codem
702 1041 826 1089 capite
860 1039 895 1088 (ς
934 1040 998 1080 13)
1030 1038 1242 1085 eademque
1284 1036 1457 1073 oratione
1490 1036 1550 1072 hic

132 1112 257 1148 locus:
317 1112 438 1159 Quid
482 1125 579 1148 eam
624 1124 786 1147 vocem
835 1110 1100 1146 animorum
1152 1120 1243 1143 non
1287 1107 1417 1155 plebi
1457 1108 1550 1144 Ro-

133 1195 297 1221 manae.
348 1183 427 1219 sed
471 1183 667 1219 Volscis
723 1187 766 1218 et
807 1181 978 1229 AEquis
1021 1186 1065 1215 et
1100 1178 1390 1215 Veientibus
1429 1178 1550 1214 alla-

133 1253 314 1290 turam?
359 1267 512 1290 nonne
543 1252 777 1290 Canuleio
810 1253 925 1288 duce
958 1264 1005 1287 se
1035 1257 1320 1299 speraturos
1351 1248 1550 1298 Capito-

134 1324 247 1360 lium
279 1331 423 1373 atque
456 1337 611 1361 arcem
652 1324 885 1361 scandere
925 1335 1087 1373 posse.
1129 1321 1167 1357 si
1203 1321 1427 1370 patribus
1465 1321 1551 1356 tri-

134 1396 247 1431 buni
281 1408 380 1432 cum
409 1396 512 1432 iure
543 1408 593 1432 ac
634 1395 892 1431 maiestate
933 1393 1157 1442 adempta
1195 1393 1378 1429 animos
1410 1392 1552 1428 etiam

137 1466 432 1515 eripuerint?
501 1465 736 1503 Consules
768 1472 967 1514 paratos
1001 1476 1105 1500 esse
1135 1464 1278 1500 duces
1307 1465 1440 1513 prius
1472 1464 1553 1500 ad-

137 1549 307 1572 versus
337 1537 495 1573 scelus
527 1537 700 1573 civium
733 1549 868 1584 quam
906 1535 1141 1571 adversus
1171 1536 1378 1572 hostium
1414 1548 1554 1572 arma.

139 1611 334 1656 Apparet.
380 1607 665 1656 languidissime
704 1607 807 1643 illam
840 1606 1124 1643 condicionem:
1171 1606 1209 1642 si
1248 1606 1472 1655 patribus
1504 1627 1551 1632 —

140 1680 282 1715 etiam
333 1679 601 1727 eripuerint
656 1679 851 1714 adhaerere
899 1678 1115 1714 vehementi
1163 1677 1453 1726 interrogationi
1507 1689 1553 1712 ex

140 1750 399 1799 superioribus
431 1757 540 1798 aptae.
601 1749 744 1785 Verum
778 1762 852 1785 non
883 1749 1005 1785 solum
1038 1749 1219 1797 languida
1250 1749 1329 1784 haec
1357 1755 1455 1787 sunt,
1486 1747 1553 1783 sed

139 1833 297 1870 prorsus
326 1833 520 1870 perversa.
577 1821 757 1857 Hostium
791 1820 889 1856 enim
921 1832 1027 1868 spem
1059 1819 1244 1855 incitabat
1274 1818 1446 1855 Canuleii
1476 1831 1555 1854 vox

140 1899 288 1928 tantum
321 1905 396 1928 non
428 1893 562 1928 ducem
593 1904 632 1927 se
660 1891 706 1927 iis
736 1891 961 1940 profitentis,
992 1903 1060 1927 nec
1093 1903 1137 1926 ea
1169 1902 1255 1939 spes
1284 1890 1322 1926 in
1356 1903 1400 1926 eo
1431 1896 1554 1926 verte-

141 1965 272 2001 batur.
317 1964 362 1999 de
393 1976 468 2011 quo
498 1964 626 1999 hostes
655 1961 748 1998 nihil
781 1962 946 1998 audituri
979 1969 1106 2001 erant..
1147 1969 1271 1998 utrum
1303 1961 1443 1997 tribuni
1475 1960 1554 1996 ani-

143 2046 225 2071 mos
263 2034 436 2083 patribus
485 2033 710 2082 eripuissent
749 2045 876 2070 necne.
957 2033 1048 2070 Non
1090 2032 1212 2068 minus
1250 2044 1428 2081 perverse
1469 2031 1556 2067 huic

141 2105 432 2153 interrogationi
462 2112 497 2141 et
527 2104 740 2141 condicioni
772 2104 970 2140 subiicitur
999 2110 1186 2152 tanquam
1205 2115 1441 2151 consequens
1463 2115 1555 2139 con-

143 2177 266 2212 sulum
308 2175 536 2226 promissum
574 2174 787 2211 condicioni
832 2174 883 2210 illi
930 2186 1087 2223 prorsus
1119 2174 1371 2211 contrarium:
1432 2172 1554 2210 Con-

145 2247 275 2283 sules
306 2253 507 2295 paratos
537 2257 642 2282 esse
674 2252 743 2282 etc.
802 2246 981 2282 Debebat
1012 2245 1147 2281 saltem
1179 2244 1270 2281 dici:
1321 2244 1409 2282 Sed
1445 2257 1555 2280 con-

145 2318 274 2354 sules
310 2325 380 2355 etc.
450 2316 590 2353 Omnia
629 2316 709 2352 haec
747 2317 841 2352 vitia
884 2329 958 2352 una
1001 2316 1128 2352 littera
1170 2323 1318 2352 mutata
1359 2323 1393 2352 et
1434 2315 1556 2351 oratio

147 2389 280 2426 melius
311 2388 489 2424 distincta
518 2387 688 2423 sanabit:
718 2399 872 2423 nonne
900 2385 1134 2424 Canuleio
1167 2387 1281 2423 duce
1311 2399 1358 2422 se
1389 2398 1556 2435 spera-

145 2467 285 2496 turos
310 2458 607 2508 Capitolium
641 2464 787 2506 atque
819 2469 972 2493 arcem
1003 2458 1238 2494 scandere
1266 2456 1435 2506 posse?
1509 2456 1556 2496 Ni

146 2531 373 2580 patribus
403 2529 592 2566 tribuni
621 2550 674 2555 -—
705 2529 888 2565 animos
929 2528 1073 2564 etiam
1114 2528 1403 2577 eripuerint,
1447 2540 1557 2564 con-

147 2601 276 2638 sules
315 2607 514 2650 paratos
557 2612 661 2636 esse
700 2601 844 2637 duces
889 2606 959 2634 etc.
1038 2599 1156 2635 Recte
1199 2612 1222 2635 a
1263 2598 1559 2648 reprehensione

147 2672 381 2709 detestabilis
425 2671 621 2708 consulum
666 2669 854 2706 sententia
905 2669 1010 2705 vocis
1055 2669 1179 2706 oratio
1229 2669 1462 2706 convertitur
1510 2667 1558 2704 ad
