1811 2925
795 157 866 192 143
1324 155 1396 185 Lib.
1425 155 1501 185 VH.

232 278 379 314 Eodem
411 279 535 326 capite
565 278 600 323 (ξ
621 278 678 323 9),
710 278 772 313 ubi
805 278 945 313 editur:
978 277 1107 313 forte
1139 277 1207 313 ita
1238 277 1350 313 tulit
1379 289 1534 317 casus..

119 355 171 384 nt
201 348 446 385 Genucius
486 350 541 385 ad
573 350 736 385 hostes
778 360 957 394 magno
999 355 1173 384 conatu
1206 348 1459 395 profectus
1490 349 1532 384 in

123 418 329 454 iusidias
360 420 773 468 praecipit-aretur,
806 418 1087 465 legionibus
1118 419 1420 466 necopinato
1459 432 1532 467 pa-

122 502 238 525 vore
286 489 412 526 fusis
453 490 620 526 consul
660 490 1019 526 circumventus
1067 489 1121 524 ab
1160 488 1353 532 insciis,
1401 501 1533 536 quein

121 560 509 605 interfecissent,
539 561 797 605 occideret,
819 559 982 608 primum
1016 565 1201 595 retentum
1223 560 1403 606 oportuit,
1420 559 1534 607 quod,

123 630 281 667 Dukero
311 631 514 670 suadente.
551 631 893 667 Drakenborchins
935 642 954 665 e
986 630 1025 665 M
1060 636 1265 678 posuerat.
1308 630 1533 678 praecipi-

122 707 262 739 taret.
330 702 481 738 Livium
513 702 609 737 cuim
643 701 688 736 ‹lc
726 702 794 737 iis.
839 701 902 749 qui
946 700 981 736 in
1025 699 1182 735 insidias
1225 699 1360 735 locave
1405 700 1536 747 iniqua

122 771 291 807 incidant
327 771 420 822 (ipsi
461 785 652 820 casuque.
703 786 778 808 nou
825 773 873 808 ab
913 770 997 806 aliis
1034 770 1274 812 trudantur),
1313 782 1389 805 non
1420 770 1534 805 modo

122 842 346 890 plerumque
377 843 443 878 sed
473 856 624 891 semper
654 843 779 879 activo
797 855 906 879 usum
929 853 1013 877 csse
1034 841 1385 888 praecipitandi
1416 840 1534 876 verbo

123 926 192 961 pro
224 913 476 957 intransitiva,
507 920 649 950 certum
684 913 846 955 videtur,
877 924 952 947 non
982 911 1137 947 minime
1169 911 1218 946 ob
1252 923 1335 946 eam
1359 923 1534 954 causam,

125 983 226 1031 quod
257 984 294 1019 in
325 983 369 1019 iis
408 983 514 1020 verbi
544 984 698 1028 formis,
738 995 898 1031 quarum
942 980 1134 1017 difficilior
1171 988 1253 1017 erat
1293 981 1535 1029 permutatio,

123 1066 273 1101 semper
302 1054 467 1090 activum
500 1055 649 1090 codices
688 1060 826 1090 tenent.
901 1052 1061 1099 Legitur
1101 1059 1227 1087 autem
1273 1051 1438 1087 activum
1478 1051 1535 1087 his

123 1124 235 1160 locis:
269 1125 329 1168 ΙΙ,
364 1127 435 1164 51,
469 1128 489 1160 5
523 1124 918 1173 (praecipitavere
948 1124 991 1159 in
1023 1122 1270 1169 insidias),
1317 1122 1372 1161 V,
1410 1123 1480 1165 18,
1514 1125 1531 1157 7

125 1195 276 1242 (eadem
307 1196 447 1239 verba,
478 1195 547 1231 etsi
589 1195 640 1231 ibi
675 1195 814 1231 MPHl
840 1222 848 1232 .
880 1193 1088 1229 deteriores
1120 1193 1272 1228 codices
1302 1199 1389 1240 post
1418 1204 1535 1240 prae-

123 1265 392 1314 cipitavere
420 1266 566 1302 addunt
596 1277 661 1310 se3
693 1278 808 1313 quam
839 1277 980 1313 prave,
1012 1263 1091 1299 dixi
1122 1275 1240 1310 supra
1273 1276 1307 1310 p.
1345 1262 1432 1310 32),
1463 1262 1534 1306 VI,

125 1337 188 1379 30,
221 1341 241 1372 4
277 1335 426 1384 (eadem
456 1337 614 1383 verba),
657 1337 805 1375 XXV,
842 1338 910 1376 11,
955 1337 975 1369 5
1010 1333 1223 1382 (plurimi
1261 1333 1310 1368 in
1356 1333 1533 1368 fossam

123 1407 526 1455 praecipitavere),
558 1407 719 1450 XLIII,
753 1407 825 1442 23.
858 1407 878 1441 ss
912 1404 974 1450 (in
1008 1404 1184 1439 vallem
1220 1404 1276 1438 ab
1308 1404 1534 1439 hostibus

122 1478 363 1514 insessam
398 1476 725 1526 p1·aecipitant;
770 1477 807 1512 in
851 1475 980 1511 codice
1017 1475 1104 1510 huic
1141 1474 1260 1509 verbo
1292 1473 1531 1509 adhaeserunt

122 1561 187 1593 ea,
227 1560 311 1596 quae
351 1553 580 1595 sequuntur,
623 1546 677 1582 sie
726 1551 924 1593 corrupta:
968 1543 1532 1592 praecipstanffibusidem

122 1619 327 1664 occisis).
388 1617 512 1654 Paulo
545 1617 621 1652 alia
650 1616 929 1663 significatione
948 1616 1139 1657 XXVII,
1172 1618 1235 1656 ⁴0,
1271 1616 1291 1648 3
1325 1614 1379 1649 ad
1411 1614 1532 1650 Can-

123 1702 205 1726 nas
238 1688 576 1737 praecipitasse
608 1688 826 1723 Romana
856 1697 930 1721 res
962 1685 1118 1723 dicitur.
1151 1684 1477 1732 quemadmodum
1511 1697 1533 1720 a

123 1759 307 1796 Cicerone
338 1771 408 1807 pro
440 1758 545 1795 Sulla
582 1759 626 1794 31
666 1756 945 1804 respublica
976 1756 1307 1804 prae<:i1›itans,
1370 1755 1533 1791 I‘assiva

122 1831 249 1867 forma
279 1829 384 1866 verbi
415 1827 719 1877 impersonaliter
752 1834 792 1862 ut
822 1826 1050 1862 intransitivi
1081 1826 1235 1874 ponitur
1264 1826 1350 1866 ΙΙΙ,
1394 1827 1463 1864 13,
1498 1828 1534 1867 Ξ),

124 1901 188 1950 qui
219 1901 323 1936 loeus
354 1911 453 1935 nune
484 1905 585 1934 recte
616 1898 896 1945 interpungitur
927 1897 1304 1945 (praecipitatum
1347 1897 1391 1931 in
1422 1896 1533 1931 insi-

123 1973 227 2008 dias
258 1983 381 2010 esse;
416 1969 623 2006 Siccium
655 1989 707 1995 —
739 1968 1019 2015 militesque
1051 1967 1283 2014 quosdam
1316 1989 1366 1993 —
1398 1966 1540 2002 amis--

123 2044 228 2088 sos).
287 2041 506 2082 Dubitatur,
536 2044 675 2087 praeter
706 2052 803 2081 eum,
837 2039 885 2074 ad
905 2051 1014 2085 quem
1039 2038 1118 2073 haee
1136 2037 1379 2073 adnotantur.
1396 2037 1535 2080 locum,

123 2113 160 2149 in
196 2113 362 2148 duobus:
393 2111 512 2150 XXI,
545 2111 608 2153 25,
638 2111 678 2144 9:
711 2109 796 2146 ibi.
833 2108 1156 2156 inexplorato
1187 2108 1462 2154 profectus,
1491 2107 1533 2142 in

123 2183 334 2219 insidias
363 2180 700 2230 praecipitatus
746 2179 995 2226 multaque
1038 2191 1138 2213 cum
1183 2178 1305 2213 caede
1340 2190 1531 2213 suorum

125 2266 248 2302 aegre
288 2254 332 2289 in
375 2258 572 2300 apertos
617 2261 810 2297 campos
842 2249 1052 2285 emersit.
1127 2248 1253 2283 Sensit
1299 2248 1534 2291 Gronovius,

125 2336 244 2372 prave
274 2312 468 2370 coniungi:
498 2321 837 2369 praecipitatus
870 2319 1117 2366 multaque
1147 2340 1201 2346 —
1226 2318 1424 2354 emersit
1454 2320 1535 2361 (ne-

126 2406 200 2442 que
229 2393 327 2429 enim
358 2391 612 2441 participium,
646 2390 788 2426 omisso
820 2396 902 2429 cst,
933 2401 1017 2424 cum
1050 2390 1167 2425 verbo
1199 2389 1304 2425 finito
1335 2389 1388 2424 sic
1419 2401 1534 2437 copu-

127 2463 239 2508 latur,
268 2464 314 2499 de
345 2475 420 2511 quo
453 2462 575 2498 dicam
609 2461 738 2501 aubin
770 2461 898 2507 itaque
930 2472 1022 2507 que
1052 2459 1132 2495 tolli
1166 2459 1338 2501 volebam
1369 2460 1535 2496 scriben-

126 2534 216 2570 dum
247 2540 320 2570 est:
350 2533 626 2582 praecipitat
656 2531 900 2578 multaque
927 2531 1252 2576 etc.;xxv,1ss,
1290 2530 1535 2568 15:G1·ac-

127 2605 254 2648 chus,
285 2604 506 2640 fraudem
539 2609 582 2638 et
612 2601 821 2637 sermoni
854 2607 898 2637 et
927 2601 994 2636 rei
1028 2602 1200 2637 abesse
1232 2606 1367 2636 ratus
1398 2612 1448 2635 ac
1477 2599 1535 2634 si·-

127 2673 400 2710 militudine
445 2674 546 2709 veri
581 2679 774 2720 captus,
820 2684 917 2708 cum
970 2671 1229 2708 lictoribus
1283 2683 1339 2707 ac
1384 2677 1537 2706 turma
