1811 2925
824 168 898 204 173
1326 165 1399 197 Lib¹
1426 165 1526 196 VIII.

150 291 235 340 ipsa
267 290 361 327 aciei
392 295 585 326 structura
625 289 848 325 coniunctus
896 294 965 326 est.
1081 288 1206 324 Paulo
1237 296 1324 335 post
1356 293 1393 334 (ξ
1432 292 1471 337 7)
1502 290 1573 326 mi·

150 374 234 398 rum
257 369 329 405 est,
361 361 423 397 edi
454 361 690 397 etiamnunc:
720 372 813 396 rem
845 372 930 409 per
963 371 1010 396 se
1040 358 1332 408 popularem
1365 361 1435 396 ita
1462 361 1573 397 dex-

150 438 224 469 ter
253 432 381 481 egit,
423 444 539 480 quum
571 430 767 480 geminata
796 431 924 467 littera
967 429 1208 466 scribendum
1249 442 1332 467 esse
1373 431 1574 468 dextere

151 503 250 553 egit
286 503 364 539 iam
418 502 643 539 emendator
690 501 828 549 aliquis
880 500 1104 537 recentioris
1154 501 1296 538 codicis
1343 502 1574 540 intellexerit

149 573 332 625 (Portug.
377 580 415 610 et
458 572 597 622 fragm.
628 572 828 619 Haverc.).
906 570 1035 618 Quum
1082 585 1153 621 per
1189 584 1230 609 se
1262 573 1464 609 Livianum
1496 586 1572 610 non

150 653 207 684 est
238 644 468 681 adiectivum
497 644 536 680 in
566 644 640 680 hac
670 642 855 679 orationis
885 641 1036 688 forma,
1080 649 1161 680 tum
1201 643 1240 679 in
1266 644 1339 680 hac
1370 656 1573 692 compara-

151 717 255 754 tione
285 716 340 752 rei
385 715 504 764 ipsius
547 712 862 764 (popularem)
906 721 943 750 et
985 714 1089 750 modi
1135 715 1273 764 agendi
1318 715 1571 753 intolerabile.

152 788 247 839 (IX,
284 788 343 824 12.
380 789 392 823 l
429 792 531 822 recte
560 797 660 821 nunc
691 784 815 821 editur
845 784 1023 821 deinde
1053 792 1337 830 evenerunt;
1369 786 1407 822 in
1439 786 1572 822 arche-

151 865 244 908 typo
277 857 349 895 fuit
379 857 552 893 deinde
581 861 848 896 venerunt.)

276 927 372 977 Cap.
407 928 482 971 38,
532 929 576 963 15
620 927 674 974 (in
719 927 847 962 verbis
887 928 939 963 A.
971 925 1140 963 Cornelii
1171 928 1328 964 Arvinae
1358 927 1571 974 dictatoris,

152 1000 291 1048 quibus
322 999 376 1037 M.
409 997 594 1039 Fabium,
625 1009 726 1046 mag.
758 998 899 1045 equit.5
939 997 1045 1034 iubet
1085 1010 1168 1034 cum
1201 999 1374 1046 equitatu
1404 998 1571 1034 hostium

153 1070 300 1118 equites
329 1068 603 1118 impedimenta
624 1069 889 1105 Romanorum
915 1069 1129 1118 diripiendo
1147 1069 1354 1117 dissipatos
1376 1069 1572 1118 aggredi):

151 1152 294 1177 raros
326 1140 464 1189 equis
491 1139 774 1185 insidentes,
795 1152 944 1183 raros,
963 1139 1138 1188 quibus
1169 1138 1344 1176 ferrum
1367 1140 1411 1176 in
1434 1153 1572 1176 manu

153 1211 238 1255 sit,
274 1210 512 1255 invenies3
554 1222 800 1258 equosque
838 1211 942 1247 dum
980 1211 1140 1260 praeda
1183 1219 1403 1257 onerant,
1448 1211 1572 1248 caede

151 1281 363 1318 inermes
419 1288 771 1329 cruentamque
819 1280 923 1317 illis
974 1281 1181 1330 praedam
1226 1282 1383 1320 redde.
1460 1282 1573 1319 Ferri

150 1351 267 1400 plane
296 1353 428 1401 nequit
458 1352 539 1388 haec
582 1351 632 1388 ad
674 1351 729 1387 rei
760 1358 900 1388 statum
936 1352 1152 1401 expositum
1182 1352 1333 1401 imperii
1365 1360 1401 1389 et
1430 1353 1571 1389 adhor-

152 1421 308 1458 tationis
339 1421 426 1458 inde
459 1423 583 1459 ductae
614 1435 684 1471 per
713 1422 942 1470 particulam
976 1435 1063 1470 que
1094 1424 1289 1460 adiunctio
1314 1424 1569 1471 (invenies,

152 1504 399 1540 equosque
446 1515 496 1520 —
545 1492 706 1542 caede);
753 1505 822 1529 nec
867 1493 991 1529 minus
1031 1507 1212 1543 perverse
1243 1508 1355 1531 omne
1387 1495 1571 1531 orationis

149 1563 302 1612 pondus
332 1563 371 1599 in
403 1575 634 1611 equorum
668 1576 809 1600 nomen
847 1563 1050 1605 incumbit,
1101 1566 1358 1602 coniunctioni
1388 1566 1572 1615 praeposi-

151 1640 250 1679 tum3
285 1638 392 1675 (nam
423 1634 454 1670 si
482 1634 521 1670 in
555 1634 756 1671 contrariis
786 1634 1000 1678 luderetur,
1048 1636 1151 1683 quod
1184 1636 1311 1685 inepte
1342 1649 1435 1673 sane
1464 1638 1573 1674 fieret-

150 1704 190 1740 in
219 1717 261 1740 re
291 1704 534 1752 gravissima,
566 1705 766 1741 dicendum
800 1712 899 1741 erat:
937 1718 1184 1755 equosque
1216 1708 1319 1744 dum
1351 1717 1571 1753 onerant,

150 1775 285 1824 ipsos
316 1774 474 1821 caede).
538 1776 662 1812 Recta
692 1776 822 1813 onmia
854 1783 963 1812 erunt
991 1776 1195 1824 geminatis
1235 1778 1384 1816 duabus
1413 1779 1571 1816 litteris:

158 1866 198 1872 -
227 1845 471 1891 invenies;
501 1859 551 1886 se
582 1859 830 1895 equosque
860 1847 966 1883 dum
995 1847 1156 1895 praeda
1187 1856 1419 1894 onerant,v
1448 1851 1571 1886 caede

151 1923 222 1953 oet.
309 1917 429 1952 Recte
465 1916 543 1953 iam
582 1917 621 1953 in
659 1917 743 1965 ipso
788 1918 985 1954 sententiae
1014 1917 1122 1954 initio
1154 1919 1382 1956 admonetur
1411 1921 1570 1961 Fabius,

149 1999 228 2022 non
258 1986 383 2022 minus
414 1987 560 2035 equites
589 1987 694 2037 ipsos
734 2001 849 2036 quam
882 2001 1001 2036 equos
1033 1990 1185 2026 onerari
1215 1999 1252 2026 et
1282 1989 1513 2040 impediri.¹)

175 2198 204 2242 ¹)
243 2201 282 2232 In
308 2199 475 2242 proximis
510 2199 622 2229 verbis
662 2198 752 2240 (cap.
780 2202 843 2236 39,
885 2197 917 2239 1)
958 2199 1042 2230 scire
1068 2199 1185 2236 velim,
1223 2200 1398 2233 dicaturne
1431 2203 1569 2234 Latine:

245 2263 365 2293 acies
393 2261 537 2302 qualis
572 2269 660 2302 quae
685 2270 778 2292 esse
814 2260 1174 2292 instructissima
1202 2267 1358 2302 potest;
1392 2268 1572 2302 exspccta-

243 2325 320 2356 bam
348 2324 453 2355 enim:
497 2323 640 2363 qualis
676 2332 768 2354 esse
790 2322 1146 2353 instructissima
1172 2329 1336 2363 potest,
1364 2330 1401 2354 ut
1427 2324 1568 2354 dicitur:

245 2392 409 2427 quanta
442 2394 539 2416 csse
580 2385 762 2415 maxima
787 2390 943 2424 potest.
1005 2383 1124 2423 Longe
1162 2385 1252 2415 enim
1292 2385 1390 2416 aliter
1431 2385 1568 2415 dicitur:

245 2454 327 2478 tam
354 2447 575 2478 instructa
602 2455 721 2486 quam
749 2453 836 2486 quae
861 2445 1236 2484 instructissima;
1272 2456 1333 2478 nec
1366 2447 1419 2477 hae
1452 2446 1569 2477 formae

245 2509 347 2540 facile
374 2506 535 2538 confundi
561 2513 727 2548 poterant.
779 2506 888 2536 Haesit
915 2506 1015 2537 etiam
1042 2507 1351 2539 Weissenbornius.
1403 2507 1486 2548 Cap.
1514 2512 1568 2545 40,

245 2574 265 2600 4
291 2579 358 2600 non
383 2575 466 2610 puto
480 2574 570 2599 recte
589 2568 670 2599 dici:
697 2567 869 2598 familia
894 2568 944 2598 ad
969 2578 1010 2600 se
1036 2579 1211 2610 quaeque
1240 2570 1428 2601 trahunt.
1466 2571 1570 2600 Rcctc

244 2631 333 2662 cuim
367 2630 553 2670 quisque
585 2632 677 2670 (pro
710 2639 752 2661 se
779 2630 982 2671 quisque,
1017 2630 1101 2671 cet.)
1136 2631 1345 2672 appositione
1373 2631 1570 2670 adiungitur

242 2693 285 2723 ad
325 2691 512 2723 subiectum
548 2691 690 2732 pluralis
725 2692 855 2722 numeri
887 2692 955 2722 sive
995 2700 1194 2732 expressum
1222 2693 1292 2723 sive
1317 2701 1359 2722 ex
1398 2693 1568 2732 superiore
