1811 2925
224 137 300 168 Lib.
324 136 437 168 XLII.
903 135 980 172 528

225 261 352 310 pilos
383 260 651 302 duxerant,
682 257 827 294 citati
864 257 1088 294 tribunos
1119 256 1280 305 plebis
1318 255 1656 304 appellarunt,

226 338 328 368 recte
359 329 563 367 Creverius
596 327 890 371 animadvertit,
933 327 1133 375 particulae
1173 327 1254 363 sed
1284 326 1412 363 locum
1441 338 1519 362 non
1550 339 1654 374 esse',

226 404 299 438 hoc
338 401 423 449 ipso
465 400 640 436 homines
684 397 1003 443 offendebantur,
1061 397 1165 446 quod
1215 397 1459 434 centuriones
1487 397 1654 446 =primus

227 473 390 522 quisque
422 471 649 516 citarentur,
687 471 763 506 hoc
794 474 875 513 est,
919 468 1103 505 continua
1133 468 1244 514 serie,
1287 469 1393 504 nullo
1424 468 1655 513 discrimine,

227 555 324 592 quos
356 542 519 590 quisque
545 547 661 577 antea
696 539 850 577 ordines
892 539 1067 576 duxisset
1108 539 1223 586 (vid.,
1269 552 1353 587 quae
1384 539 1432 575 de
1462 539 1656 586 significa-

227 615 330 651 tione
360 613 567 649 verborum
611 611 797 660 primus
830 610 1044 658 quisque
1084 610 1248 659 exposui
1282 611 1332 646 ad
1366 608 1446 647 Cic.
1478 609 1563 646 Fin.
1599 610 1655 654 II,

229 687 277 722 32
308 698 345 734 p.
378 686 470 726 321,
501 683 568 720 ubi
598 681 786 730 exemplis
815 681 906 718 addi
936 687 1065 730 potest
1095 681 1180 717 Liv.
1203 681 1368 725 XXXI,
1404 682 1438 725 1,
1471 683 1506 726 5,
1538 681 1655 717 Varr.

228 758 273 792 lt.
304 756 351 792 R.
391 757 422 797 l,
456 756 519 799 55,
552 756 602 798 5).
671 752 809 789 Codex
840 752 977 788 habet:
1019 763 1119 787 eum
1161 757 1215 788 tr.
1247 751 1339 787 mil.
1381 751 1461 798 qui
1494 758 1656 787 centu-

228 826 388 862 riones
420 824 504 861 scd
533 824 735 873 primum
769 835 1020 872 quemque.
1101 822 1356 859 Scribendum
1398 828 1473 857 est:
1516 834 1656 870 quum

228 896 412 933 tribuni
444 895 558 939 mit,
597 894 675 943 qui
707 894 1024 931 centuriones
1055 898 1237 937 essent,
1268 892 1469 941 primum
1502 906 1656 941 quem-

229 980 315 1015 que
357 966 586 1003 citarent.
662 965 819 1001 Erroris
862 964 971 1013 origo
1011 977 1059 1000 ex
1097 976 1144 1000 es
1189 963 1306 1000 semel
1348 964 1491 1013 scripto
1534 964 1656 1000 mani-

229 1038 330 1074 festa
360 1044 430 1075 est.

341 1109 439 1157 Cap.
469 1109 534 1151 33,
573 1109 610 1143 l:
644 1106 711 1142 Eo
744 1105 811 1151 (ad
837 1105 1020 1141 subsellia
1040 1105 1297 1152 tribunorum)
1315 1107 1370 1142 M.
1404 1106 1656 1154 Popillius

229 1179 507 1217 consularis
539 1177 834 1221 advocatus,
866 1175 1184 1212 centuriones
1223 1183 1267 1212 et
1305 1176 1474 1212 consul
1518 1189 1655 1213 vene·

229 1258 351 1289 runt.
420 1248 764 1287 Enumerationem
805 1246 844 1282 in
875 1247 1137 1282 membrorum
1176 1247 1444 1284 coniunctione
1475 1247 1656 1284 vitiosam

231 1323 325 1369 (vid.
357 1322 405 1358 ad
435 1321 512 1365 III,
550 1322 581 1364 l,
627 1320 674 1365 5)
710 1317 1051 1354 W'eissenbornius
1081 1318 1286 1354 emendare
1317 1318 1452 1363 voluit,
1486 1319 1656 1355 scribens

231 1392 507 1429 advocatus
539 1397 584 1427 et
618 1388 951 1426 centuriones.
1029 1387 1106 1425 Sed
1138 1388 1250 1424 nimis
1280 1389 1382 1425 nude
1413 1389 1550 1426 dicitur
1581 1390 1655 1425 ad-

231 1468 435 1499 vocatus
482 1467 518 1497 et
558 1472 681 1509 prave
722 1466 811 1494 ante
854 1458 960 1506 ipsos
993 1459 1235 1495 centuriones
1279 1459 1493 1496 advocatus
1526 1472 1658 1496 eorum

230 1532 463 1568 nominat-ur.
525 1531 664 1577 Itaque
696 1529 923 1566 Gronovius
966 1530 1236 1566 advocatus
1280 1529 1658 1566 centurionibus

230 1602 344 1639 scribi
382 1601 524 1645 voluit3
568 1601 636 1636 sed
672 1600 727 1636 sic
769 1600 844 1648 ipsi
882 1600 1124 1637 centuriones
1168 1613 1328 1649 prorsus
1366 1601 1656 1637 submoventur.

231 1673 395 1710 Accedit
425 1672 474 1708 ad
505 1676 645 1716 cetera,
689 1682 774 1718 quae
807 1671 1087 1708 dubitationem
1118 1671 1283 1716 habent,
1328 1672 1432 1719 quod
1476 1671 1570 1707 satis
1601 1671 1657 1707 in-

231 1743 434 1780 commode
463 1742 630 1791 primum
671 1742 727 1777 M.
761 1742 952 1790 Popillius
984 1742 1197 1778 advocatus
1243 1742 1464 1778 nominatur
1501 1750 1537 1778 et
1574 1742 1657 1777 uni-

232 1825 342 1850 verse
374 1812 587 1849 consularis
621 1812 852 1860 appellatur,
895 1812 1032 1847 deinde
1074 1818 1163 1860 post
1204 1812 1300 1848 duos
1342 1824 1501 1857 versus,
1547 1812 1658 1860 quasi

230 1884 400 1920 nondum
423 1883 660 1931 significatus
683 1882 743 1927 sit,
771 1882 824 1918 sic
841 1882 1053 1918 inducitur:
1083 1885 1116 1919 l’
1127 1897 1178 1919 ro
1207 1883 1582 1919 centurionibus
1603 1883 1657 1918 M.

234 1954 498 2002 Popillius,
530 1954 611 2001 qui
642 1952 841 1989 biennio
873 1960 985 1989 ante
1020 1955 1191 1990 consul
1220 1954 1483 1995 fuci-anitii
1503 1954 1658 1989 verba

230 2025 359 2061 fecit.
430 2025 525 2061 llaec
556 2024 647 2060 mihi
679 2023 940 2060 consideranti
960 2024 1095 2060 Livius
1111 2025 1264 2061 videtur
1293 2024 1457 2072 primum
1490 2030 1656 2059 tantum-

231 2096 346 2132 modo
378 2108 443 2131 eos
474 2095 707 2139 nominasse,
751 2107 848 2141 quos
884 2095 982 2131 inter
1021 2096 1261 2132 certabatur:
1307 2096 1374 2131 Eo
1413 2093 1656 2130 centurio-

232 2178 313 2201 nes
348 2173 391 2201 et
427 2166 598 2201 consul
639 2172 902 2209 venerunt,
944 2165 1100 2209 deinde,
1144 2166 1376 2215 procedente
1422 2164 1657 2209 narratione,

231 2248 347 2283 quum
367 2236 557 2271 contionis
580 2236 782 2272 advocatae
804 2234 946 2271 mentio
969 2235 1075 2271 facta
1105 2243 1217 2281 esset,
1247 2235 1456 2284 Popillium
1489 2247 1656 2270 comme-

232 2317 416 2348 morasse,
447 2306 627 2342 librarius
659 2312 789 2341 autem
822 2305 974 2352 aliquis,
1007 2305 1071 2352 qni
1101 2318 1233 2342 omnes
1264 2306 1388 2354 primo
1419 2304 1547 2340 statim
1571 2304 1656 2340 loco

230 2375 420 2411 nominari
454 2376 580 2421 vellet,
612 2375 829 2411 addidisse:
875 2376 930 2410 M.
975 2376 1092 2423 Pop.
1126 2376 1406 2412 consularis
1453 2374 1655 2410 advoca-

230 2451 318 2484 tus.
387 2445 429 2482 si
459 2445 496 2481 in
527 2446 653 2494 prima
685 2446 831 2482 decade
863 2458 1052 2490 versarer,
1095 2446 1177 2481 sine
1209 2445 1448 2482 dubitatione
1478 2444 1656 2488 dicerem,

231 2515 521 2551 adnotationem
566 2516 781 2564 argumenti
827 2529 847 2551 e
891 2515 1065 2563 margine
1109 2515 1328 2563 irrepsisse3
1375 2515 1442 2550 sed
1473 2514 1552 2550 eins
1602 2513 1655 2549 rei

230 2585 335 2621 nulla
379 2585 417 2621 in
462 2585 592 2621 codice
627 2586 919 2621 Vindobonensi
951 2585 1114 2634 vestigia
1144 2593 1241 2622 sunt.
