1811 2925
822 151 896 187 115
1374 150 1450 182 Lib.
1477 151 1523 185 V.

144 279 282 310 contra
327 278 395 309 est.
492 272 632 321 Itaque
676 273 767 322 ipsi,
837 274 902 322 qui
951 273 1158 311 defendere
1205 280 1405 313 conantur,
1459 275 1573 312 simul

148 343 225 380 alia
250 344 400 380 ratione
430 343 556 380 locum
593 345 765 393 expediri
793 357 908 394 posse
941 345 1169 393 significant,
1201 351 1242 381 ut
1271 357 1454 393 pavore
1486 359 1570 382 cum

144 415 438 452 incidentem
467 415 629 463 portis
660 416 927 465 coniungatur.
1007 415 1085 454 Sed
1115 423 1157 452 ut
1194 416 1370 452 omittam
1402 412 1572 454 vitiosis-

144 486 283 522 simam
308 485 605 534 copulationem,
638 499 713 534 qua
744 499 928 535 pavore
959 494 1146 535 tanquam
1168 487 1320 523 tertium
1353 487 1575 536 adiungitur

146 556 298 593 duobus
318 556 396 592 his:
427 555 541 605 fuga
571 558 836 606 trepidum,
867 558 1057 607 plenum
1088 558 1336 594 vulnerum
1362 558 1469 606 (nam
1492 559 1573 595 haec

149 639 303 675 quoque
349 628 399 664 ad
443 628 742 665 incidentem
785 629 944 677 portis
989 627 1209 677 pertinent),
1254 629 1392 666 dicitur
1434 630 1574 667 Latine

147 710 317 746 magno
347 711 529 747 pavore
571 699 791 736 incidere
819 700 978 748 portis
1023 699 1086 749 (de
1117 700 1232 736 modo
1265 709 1300 737 et
1331 700 1459 738 forma
1488 702 1574 749 νεῖ),

147 781 330 818 pavore
356 769 575 807 incidere
605 771 762 819 portis
792 771 887 807 nihil
918 778 985 808 est.
1046 771 1099 807 Ni
1129 770 1255 815 fallor.v
1287 772 1421 808 Livius
1454 773 1575 821 scrip-

148 848 270 877 serat:
312 840 427 889 fuga
457 841 716 890 trepidum,
758 842 950 890 plenum
982 841 1231 878 vulnerum
1263 856 1362 880 cum
1393 856 1575 892 pavore

147 912 445 948 incidentem
482 912 655 960 portis.

262 981 356 1030 Cap.
394 983 460 1025 12,
494 985 534 1018 5:
596 984 634 1019 A
666 983 718 1020 M.
749 983 898 1020 Furio
938 983 987 1020 in
1022 983 1235 1020 Faliscis
1271 991 1313 1020 et
1346 983 1423 1023 Cn.
1457 985 1576 1022 Cor-

148 1053 277 1089 nelio
318 1053 364 1089 in
394 1051 643 1101 Capenate
687 1067 803 1103 agro
835 1055 1004 1091 hostes
1045 1055 1174 1091 nulli
1212 1062 1353 1092 extra
1386 1057 1576 1093 moenia

147 1123 354 1168 inventi3
404 1125 572 1172 praedae
603 1132 723 1161 actae
753 1125 1092 1173 incendiisque
1125 1126 1356 1163 villarum
1389 1140 1441 1164 ac
1471 1127 1575 1164 fru-

147 1207 253 1243 gum
283 1195 469 1231 vastati
507 1194 655 1241 fines3
707 1197 886 1245 oppida.
932 1204 1215 1246 oppugnata
1245 1210 1330 1234 nec
1371 1199 1577 1236 obsessa

147 1272 268 1302 sunt.
326 1265 454 1302 Valde
487 1280 642 1315 vereor2
666 1281 715 1305 ne
743 1269 938 1304 turbatum
972 1269 1118 1317 aliquid
1148 1269 1210 1305 hic
1240 1270 1302 1307 sit.
1372 1270 1478 1306 Nam
1508 1283 1577 1307 ne-

149 1349 224 1385 que
252 1337 292 1373 in
322 1336 553 1376 affirmando
586 1340 769 1389 oppida
798 1339 853 1374 sic
878 1339 1057 1376 universe
1089 1340 1223 1376 Livius
1255 1340 1426 1377 dicturus
1459 1340 1579 1378 fuisse

147 1408 318 1453 videtur,
363 1409 431 1445 sed
461 1409 641 1458 oppida
671 1410 877 1458 aliquot,
926 1423 996 1447 nec
1042 1411 1254 1448 omissurus
1283 1412 1474 1450 infelicem
1506 1427 1579 1463 op-

146 1479 396 1528 pugnationis
421 1487 599 1516 eventum
627 1481 748 1530 (nec,
780 1494 917 1529 quum
948 1494 1114 1530 parum
1141 1485 1442 1532 oppugnatio
1473 1498 1578 1534 pro-

149 1551 407 1590 cessisset,
439 1557 505 1587 aut
535 1551 739 1598 similiter).
805 1551 1129 1601 Contrariumque
1162 1554 1220 1590 his
1251 1555 1470 1592 subiicitur:
1515 1558 1579 1594 At

147 1622 196 1658 in
228 1621 427 1658 Volscis
449 1625 693 1659 —-Anxur
721 1623 1042 1672 nequicquam
1079 1633 1411 1674 oppugnatum
1441 1649 1489 1654 —
1514 1635 1579 1675 et,

149 1700 407 1742 postquam
454 1692 526 1728 vis
563 1692 712 1729 irrita
753 1701 875 1739 erat,
922 1715 972 1719 —
1005 1716 1056 1720 —-
1089 1695 1312 1734 obsideri
1343 1705 1577 1748 coeptum.

150 1764 291 1812 Itaque
324 1764 363 1800 in
406 1763 570 1800 Faliscis
609 1770 646 1799 et-
687 1762 877 1812 Capenati
919 1765 1003 1813 agri
1041 1767 1260 1804 vastatione
1298 1770 1466 1806 contenti
1495 1771 1580 1808 Ro-

150 1834 255 1870 mani
285 1834 437 1883 oppidis
469 1834 699 1870 abstinuisse
716 1835 895 1872 videntur
912 1836 1124 1885 Liviusque
1150 1839 1367 1887 scripsisse:
1399 1841 1581 1889 oppida

151 1917 240 1945 nec
274 1911 557 1954 oppugnata
587 1918 673 1942 nec
704 1906 908 1943 obsessa
939 1914 1070 1943 sunt.
1105 1911 1431 1957 quemadmodum
1463 1913 1580 1958 (224,

153 1977 175 2012 2
208 1976 254 2012 de
301 1976 464 2012 tribunis
507 1977 668 2013 militum
711 1986 846 2014 contra
887 1979 1044 2015 eosdem
1074 1979 1251 2016 Faliscos
1284 1980 1582 2031 Capenatesque

150 2047 292 2083 bellum
336 2048 557 2096 gerentibus
598 2048 747 2084 scribit:
803 2050 860 2086 ab
904 2050 967 2086 iis
1009 2063 1099 2086 non
1139 2052 1287 2088 urbes
1329 2053 1373 2088 vi
1414 2054 1583 2103 (oppug-

151 2118 298 2164 nando)
343 2125 423 2154 aut
462 2118 694 2167 operibus
737 2118 984 2167 (obsidendo)
1025 2128 1292 2171 temptatae,
1340 2124 1422 2160 sed
1468 2137 1585 2174 ager

153 2195 225 2225 est
259 2189 586 2238 depopulatus
617 2191 886 2239 praedaeque
919 2214 968 2218 ——
1002 2200 1131 2229 actae.
1207 2193 1305 2242 (Cfr.
1337 2195 1410 2239 IV,
1443 2197 1507 2242 21,
1541 2198 1584 2233 2:

153 2260 297 2296 urbes
327 2266 485 2297 tamen
515 2273 606 2296 non
638 2261 967 2310 oppugnatae.)

265 2329 363 2379 Cap.
405 2332 472 2376 13,
519 2332 576 2366 12.
654 2329 873 2379 Capenates
915 2339 952 2369 et
994 2333 1157 2379 Falisci,
1207 2347 1325 2383 quum
1372 2339 1581 2376 exercitum

152 2403 394 2447 Romanum,
440 2402 505 2449 qui
536 2401 655 2438 Veios
688 2402 910 2449 obsidebat,
951 2404 1125 2452 aggressi
1156 2413 1301 2452 essent,
1341 2419 1363 2443 a
1394 2408 1583 2446 Romanis

152 2472 294 2521 repulsi
317 2478 354 2508 et
376 2473 467 2508 victi
488 2479 616 2510 erant:
647 2462 892 2521 Repulsos
922 2474 1095 2511 deinde
1124 2471 1338 2514 insecuti
1366 2478 1585 2517 victores

153 2542 393 2591 ingentem
429 2543 687 2579 ediderunt
717 2543 911 2589 caedem3
958 2557 1044 2582 nec
1074 2545 1143 2582 ita
1174 2547 1322 2584 multo
1352 2556 1464 2598 post
1492 2551 1584 2587 iam

153 2614 378 2662 palantes
428 2614 583 2651 veluti
628 2613 757 2650 forte
794 2614 951 2651 oblati
990 2617 1317 2665 populatores
1369 2618 1586 2669 Capena-

155 2684 220 2721 tis
253 2685 361 2733 agri
391 2684 628 2733 reliquias
658 2697 826 2733 pugnae
856 2686 1182 2735 absumpsere.
1248 2689 1470 2728 Haeserunt
1500 2693 1589 2729 Du-

1272 2757 1317 2790 8*
