1811 2925
233 150 308 181 Lib.
327 150 440 184 XLV.
908 153 986 188 598

233 273 365 321 populi
395 272 562 309 Romani
599 285 738 308 nomen
784 272 935 309 duobus
970 273 1144 310 versibus
1188 279 1275 308 ante
1316 273 1487 309 additum
1520 274 1652 322 putide

233 343 428 391 repetitur.
493 341 591 389 (Cfr.
624 342 671 378 de
701 343 840 378 mendo
871 354 901 378 c.
936 344 999 385 39,
1033 344 1112 385 ll.)

346 411 442 461 Cap.
465 414 526 457 16,
559 415 599 448 7:
633 412 764 457 Inde,
798 413 924 460 quod
955 413 1009 448 ad
1041 413 1272 448 honorem
1305 413 1436 448 deum
1468 413 1653 449 immor-

232 483 400 519 talium
428 482 724 530 pertineret,
769 483 987 519 decrevit
1029 489 1241 528 senatus,
1276 489 1324 519 ut
1369 512 1405 521 ..
1444 484 1568 519 dona
1606 513 1614 521 .

232 559 466 601 praetores
511 560 741 588 curarent
785 553 951 590 danda.
1027 554 1157 590 Etiam
1208 566 1292 601 quae
1337 553 1513 601 proxime
1563 562 1652 590 ante

233 629 596 666 commemorantur,
629 623 677 658 ad
712 623 872 659 deorum
902 624 1090 659 honorem
1120 624 1322 672 pertinent,
1355 624 1583 671 supplicatio
1616 631 1652 660 et

234 693 490 729 sacrificatum
524 693 734 729 maioribus
764 694 911 730 hostiis.
981 693 1075 730 Cod.
1119 694 1241 729 idem
1280 706 1350 741 pro
1386 693 1516 738 inde3
1560 694 1653 729 scri-

233 764 417 800 bendum:
449 763 568 799 Item
602 764 725 810 quod
757 764 814 799 ad
844 765 948 802 hon.
984 770 1074 807 cet„
1119 765 1192 800 hoc
1224 770 1291 807 est,
1333 763 1493 799 alterum
1536 763 1650 799 etiam

232 834 426 869 decretum
458 839 613 869 senatus
646 832 748 878 fecit,
780 834 884 881 quod
915 834 963 870 ad
994 835 1081 871 hon.
1114 834 1150 870 d.
1183 833 1400 882 pertineret,

345 903 441 952 Cap.
478 905 538 948 17,
571 904 592 939 2
627 903 708 949 (ubi
739 904 866 952 agitur
901 904 948 940 de
981 905 1021 940 X
1052 903 1188 952 legatis
1218 903 1257 938 in
1286 903 1569 948 Macedoniam,
1612 903 1651 939 V

231 975 268 1010 in
300 974 496 1022 Illyricum
527 974 653 1009 missis
684 974 733 1009 ad
775 985 835 1009 res
866 972 1122 1022 ordinandas)
1166 973 1203 1008 in
1246 973 1344 1008 mira
1395 974 1468 1009 hac
1509 973 1650 1009 codicis

232 1044 442 1092 scriptura:
473 1044 527 1079 In
562 1043 899 1080 Macedoniam
930 1043 1109 1091 culpmi
1150 1043 1190 1095 (p
1220 1043 1346 1079 littera
1381 1043 1542 1080 delenda
1571 1043 1652 1091 sig-

233 1113 426 1159 nificatur)
459 1113 712 1158 nominati⁷
752 1116 802 1150 A.
839 1113 1126 1150 Postumius
1173 1115 1332 1150 Lucus
1372 1113 1433 1158 (id
1467 1119 1534 1157 est,
1566 1113 1650 1149 Lu-

231 1187 354 1230 scus)
389 1190 471 1228 cet„
503 1183 594 1231 quid
625 1184 725 1220 effici
746 1184 896 1228 debeat,
927 1197 1004 1220 non
1036 1197 1108 1232 ego
1130 1184 1252 1232 magis
1274 1183 1352 1219 scio
1385 1196 1501 1230 quam
1523 1183 1649 1219 ceteri.

230 1254 335 1290 Nam
367 1255 470 1301 quod
499 1254 538 1290 in
569 1259 733 1289 mentem
773 1253 886 1290 facile
929 1254 1057 1290 veniat
1090 1255 1162 1301 (na
1193 1261 1280 1290 ante
1311 1265 1367 1288 no
1400 1252 1566 1299 addito):
1596 1253 1649 1288 In

231 1324 573 1360 Macedoniam
615 1323 827 1360 culmina
872 1323 1112 1359 nominati
1148 1326 1200 1359 A.
1243 1323 1526 1359 Postumius
1564 1323 1648 1358 Lu-

230 1406 362 1438 scus,
394 1393 437 1430 C.
469 1393 726 1437 Claudius,
758 1394 893 1429 ambo
926 1393 1164 1438 censorii7
1196 1392 1238 1429 C.
1262 1392 1483 1429 Licinius
1512 1391 1650 1428 Cras·

227 1476 328 1508 sus,
363 1464 556 1512 collega
587 1464 633 1499 in
668 1463 929 1499 consulatu
960 1463 1120 1507 Pauli,
1298 1463 1384 1498 His
1431 1463 1653 1499 consula—

226 1534 362 1570 ribus
408 1534 641 1570 addidere
689 1540 774 1578 cet„
822 1541 862 1569 ut
904 1533 1149 1582 significetur,
1194 1533 1265 1568 hos
1310 1539 1386 1568 tres
1431 1531 1651 1568 consulares

229 1605 340 1652 quasi
371 1605 499 1652 capita
529 1604 733 1652 legationis
768 1609 805 1639 et
840 1603 1082 1651 splendorem
1123 1602 1262 1647 fuisse,
1307 1615 1384 1638 non
1426 1602 1519 1638 satis
1558 1614 1648 1638 con—

228 1676 403 1711 firmatur
437 1687 507 1711 usu
538 1674 732 1722 loquendi.
791 1673 963 1709 Facilius
986 1679 1158 1708 extremo
1190 1672 1314 1720 capite
1348 1676 1387 1717 (ξ
1413 1676 1454 1717 7)
1486 1671 1648 1720 expoliri

228 1751 356 1793 potest
386 1745 546 1794 Grynaei
577 1743 814 1787 emendati03
848 1756 936 1779 nam
969 1743 1072 1790 quod
1102 1743 1134 1778 is
1166 1756 1213 1778 ex
1242 1744 1315 1778 hac
1346 1742 1487 1778 codicis
1528 1741 1646 1790 scrip-

228 1821 332 1853 tura:
378 1813 613 1851 tamenin
642 1820 817 1849 senatu
850 1825 1044 1860 quoque
1084 1813 1293 1861 agitalte
1327 1818 1435 1849 sunt
1468 1824 1648 1847 summa

229 1884 551 1920 consiliorum
608 1883 751 1920 effecit:
786 1890 945 1919 tamen
1110 1883 1303 1930 agitata
1352 1889 1425 1918 est
1469 1893 1647 1917 summa

229 1954 569 1999 consiliorum7
609 1954 734 2002 potuit
777 1959 814 1989 et
844 1953 975 1989 debuit
1017 1953 1158 1989 codicis
1190 1953 1353 2000 vestigia
1393 1952 1509 2001 paulo
1539 1964 1647 2000 pres-

228 2022 306 2058 sius
326 2024 627 2071 sequittamen
650 2051 660 2062 .
680 2053 688 2061 .
706 2051 715 2062 .
746 2023 945 2072 agitatae
973 2030 1082 2059 sunt
1103 2035 1286 2058 summae
1315 2022 1646 2058 consiliorum.

228 2091 396 2128 Pluralis
440 2105 621 2129 numerus
665 2093 758 2129 satis
790 2094 970 2130 convenit
1012 2093 1243 2129 multitudini
1272 2105 1397 2128 rerum
1430 2092 1468 2127 in
1498 2091 1648 2127 duabus

228 2162 437 2209 provinciis
468 2163 782 2199 ordinandarum.

340 2230 437 2280 Cap.
476 2234 544 2277 18,
578 2234 600 2268 3
650 2232 731 2280 (ubi
775 2232 981 2280 exponitur
1021 2245 1172 2269 summa
1219 2232 1360 2267 decreti
1402 2238 1556 2266 senatus
1600 2229 1647 2265 de

229 2302 499 2350 componendo
548 2302 789 2337 Macedoniae
832 2303 968 2348 st-atu):
1017 2302 1215 2338 Metalli
1260 2315 1450 2350 quoque
1494 2302 1644 2337 Mace-

226 2371 413 2417 donici,
458 2373 583 2420 quod
628 2373 797 2420 ingens
840 2371 1058 2419 vectigal
1103 2378 1229 2416 erat,
1274 2372 1646 2418 locationesque

224 2441 517 2489 praediorum
548 2442 850 2478 rusticorum
880 2442 992 2477 tolli
1022 2441 1264 2490 placebat.
1340 2442 1471 2478 Mendi
1502 2441 1645 2488 aliquid

226 2511 287 2546 hic
317 2512 486 2555 subesse⁷
530 2511 615 2559 ipsa
646 2512 831 2547 orationis
872 2511 999 2548 forma
1037 2512 1130 2547 satis
1161 2511 1349 2554 declarat3
1391 2522 1515 2557 neque
1546 2508 1647 2544 enim

226 2580 411 2616 metalli
443 2580 827 2628 locationesque
868 2581 1156 2629 praediorum
1198 2593 1268 2628 pro
1310 2580 1495 2616 metalli
1534 2592 1645 2628 prae-

225 2649 509 2696 aliorumque
553 2649 891 2685 locationibus
934 2650 1059 2686 dicere
1102 2650 1200 2687 licet.
1271 2651 1407 2696 Itaque
1436 2649 1564 2685 nescio
1596 2661 1644 2684 an
