1811 2925
817 130 894 165 457
1303 127 1378 159 Lib.
1397 127 1569 159 XXXIX.

139 258 242 289 recte
295 251 521 289 Gronovius
566 250 682 287 scribi
722 249 894 286 iusserit:
943 262 1083 298 quum
1126 262 1208 286 eos
1260 250 1306 286 in
1351 250 1570 300 legiones

141 328 379 371 quattuor
409 321 814 370 descripsissem,
849 331 1086 368 quamquam
1117 319 1156 355 in
1186 332 1346 357 numero
1362 320 1570 369 legionum,

139 393 172 430 si
202 405 288 429 eum
318 392 402 441 ipse
432 391 566 428 Livius
596 392 749 441 posuit,
788 390 942 427 erravit.
1021 391 1126 427 Nam
1158 390 1254 426 duas
1299 391 1336 427 in
1365 392 1570 441 Hispaniis

138 463 258 500 fuisse
302 463 493 512 legiones,
543 462 716 511 singulas
764 463 804 499 in
860 468 1025 509 utraque
1064 460 1286 509 provincia,
1337 462 1419 511 ipse
1475 463 1572 499 dixit

139 533 400 578 XXXVIII,
431 533 481 569 36
517 532 786 581 significatque
823 533 980 569 minime
1011 531 1175 568 obscure
1206 532 1281 568 hoc
1310 532 1409 570 libro
1443 545 1474 570 c.
1507 535 1571 577 30,

146 606 204 641 12.
276 604 354 642 Sed
395 609 584 652 praeterea
629 615 677 639 ex
708 604 811 640 Livii
856 603 1162 650 Latinorumque
1193 614 1264 639 usu
1309 604 1361 646 (in
1411 616 1571 641 numero

139 676 359 712 excurrenti
389 688 459 724 per
488 674 720 710 vocabulum
752 674 859 723 plus
890 673 1160 722 significando)
1183 673 1426 710 scribendum
1457 680 1570 723 puto:

139 759 231 795 quo
262 747 371 795 plus
403 757 542 794 quam
575 744 787 793 quinque
817 745 953 782 milia
994 774 1029 783 ..
1069 750 1212 781 esset.
1295 744 1390 781 Dixi
1438 745 1485 781 de
1526 758 1572 782 ea

137 830 179 854 re
209 817 433 854 adolescens
477 815 516 851 in
558 816 906 853 Emendationibus
946 814 1211 852 Ciceronianis
1251 815 1492 864 (Academic.
1535 823 1572 853 et

138 888 225 925 libr.
257 888 303 924 de
333 886 452 936 legg.)
484 900 525 936 p.
563 888 625 931 72.Δ
656 887 722 923 ubi
752 888 817 927 lib.
848 888 951 933 XL,
983 889 1056 931 36,
1096 889 1142 923 10
1179 900 1199 923 e
1231 886 1427 923 codicibus
1457 887 1571 924 resti-

136 959 322 995 tuendum
361 970 444 994 esse
485 958 635 994 ostendi
673 970 764 1006 quo
807 957 1020 1006 amplius
1067 958 1190 1005 (quod
1233 957 1571 995 Weissenbornius

137 1029 351 1079 probavit).
370 1026 402 1076 ¹)
463 1029 529 1065 Ad
560 1041 646 1065 eum
678 1028 838 1065 modum
870 1041 971 1064 nunc
1002 1028 1128 1064 editur
1167 1027 1206 1063 in
1237 1026 1317 1064 Cic.
1347 1028 1462 1065 Verr.
1494 1029 1573 1074 III,

143 1103 217 1146 16,
263 1101 312 1136 42
362 1112 410 1136 ex
441 1098 664 1135 melioribus
709 1099 928 1145 codicibus,
960 1106 1123 1148 excepto
1157 1104 1287 1135 tamen
1318 1099 1571 1148 palimpsesto

137 1171 350 1208 Vaticano:
405 1182 494 1218 quo
541 1169 650 1218 plus
694 1170 902 1206 sumit-ur
949 1183 1090 1218 quam
1125 1170 1340 1206 debetur.
1422 1169 1572 1207 Contra

136 1243 372 1278 ducentos
403 1240 572 1289 plures
604 1241 693 1287 (hoc
724 1247 792 1285 est,
824 1240 997 1277 ducentis
1030 1240 1141 1289 plus)
1176 1240 1404 1289 recipere
1433 1242 1573 1278 dicitur

138 1313 297 1360 (XXII,
329 1313 393 1358 23,
428 1313 481 1359 7).

250 1382 346 1432 Cap.
379 1385 427 1420 47
446 1411 454 1427 ,
488 1385 509 1419 9
558 1383 611 1424 (in
649 1395 836 1431 responso
868 1388 1025 1418 senatus
1057 1381 1258 1418 Demetrio
1289 1383 1462 1432 Philippi
1493 1383 1572 1419 filio

138 1456 266 1502 dato):
289 1455 445 1491 Multa
477 1461 521 1489 et
552 1453 870 1490 dissimulare
905 1458 950 1488 et
981 1453 1219 1489 oblivisci
1249 1461 1293 1490 et
1321 1453 1425 1502 pati
1456 1466 1570 1502 prae-

137 1526 289 1562 terita
319 1532 538 1561 senatum
576 1536 743 1573 posse,
775 1530 819 1560 et
868 1524 1066 1561 credere
1106 1524 1273 1568 etiam,
1318 1524 1569 1561 Demetrio

139 1594 429 1630 credendum
461 1607 578 1633 esse.
654 1595 765 1631 Mirae
807 1595 866 1631 hae
911 1596 1096 1644 ambages
1143 1602 1230 1632 sunt
1269 1594 1453 1643 loquendi
1484 1607 1568 1631 cum

138 1665 360 1714 importuna
391 1665 560 1702 eiusdem
591 1666 700 1702 verbi
731 1665 976 1714 repetitione,
1007 1665 1220 1702 rectissime
1251 1666 1402 1702 codices
1423 1666 1520 1702 Lov.
1546 1668 1568 1701 4

141 1743 177 1772 et
226 1737 358 1773 Mead.
417 1738 438 1772 2
488 1737 555 1779 (de
585 1737 627 1773 M
672 1739 838 1781 tacetur)
880 1737 1025 1772 habent
1064 1742 1233 1772 tantum:
1279 1743 1323 1772 et
1369 1736 1570 1787 =credere

139 1806 284 1843 etiam
310 1806 567 1843 Demetrio
599 1806 748 1853 (multa,
781 1807 828 1843 de
858 1806 1018 1855 mult-is).
1079 1807 1288 1856 Polybium
1321 1807 1498 1856 (XXIV,
1534 1809 1569 1849 2,

140 1879 183 1923 9)
225 1877 303 1913 iam
334 1877 678 1913 Drakenborchius
723 1877 985 1926 comparavit:
1029 1869 1273 1929 α’πόκρισιν
1320 1875 1483 1917 ἔδωκεν
1525 1871 1569 1928 (ἦ

140 1940 421 2001 σύγκλητος),
457 1940 569 1987 διότι
613 1946 714 1999 περὶ
755 1941 944 1987 πάντων
980 1947 1051 1988 καὶ
1088 1946 1178 1987 τῶν
1209 1947 1461 2000 εἰρημένων
1490 1940 1569 1987 ὑπ’

140 2011 283 2058 αὐτοῦ
314 2017 386 2058 καὶ
414 2017 505 2058 τῶν
535 2012 892 2072 α’νεγνωσμὲνων
914 2017 1158 2073 Δημητρίῳ
1191 2012 1407 2059 πιστεύει.
1474 2019 1568 2068 (Ini-

139 2090 192 2126 tio
224 2090 336 2126 huius
367 2091 504 2139 capitis
536 2091 660 2127 oratio
699 2091 753 2128 sic
802 2091 1112 2140 interpungenda
1149 2097 1217 2136 est,
1248 2091 1462 2140 significato
1494 2091 1569 2127 levi

141 2161 393 2198 anacolutho:
422 2162 828 2210 Respondendum
869 2194 875 2200 .
947 2161 1198 2198 Demetrio
1233 2169 1352 2201 erat.
1419 2162 1566 2209 Quum

140 2232 266 2267 haud
311 2231 463 2268 facile
509 2240 637 2268 esset
787 2232 1051 2280 complecti
1088 2233 1191 2279 (nec
1229 2233 1352 2269 enim
1483 2246 1568 2281 per

139 2303 349 2351 gratiam
380 2303 860 2348 iudicatis),—nihil
889 2304 1059 2339 horum
1090 2316 1245 2351 neque
1270 2304 1566 2341 Demetrium

166 2535 194 2579 ι)
235 2540 301 2571 1110
328 2540 404 2571 loco
430 2546 594 2581 praeterea
617 2550 692 2571 cum
720 2540 847 2579 Pighio
880 2541 1039 2571 addenda
1075 2546 1126 2572 est
1152 2541 1347 2582 praepositio
1388 2541 1441 2581 (in
1464 2541 1566 2571 dua-

237 2602 314 2633 bus
339 2601 628 2643 legionibus);
669 2612 748 2633 nam
789 2601 959 2642 legioni
998 2611 1089 2634 esse
1132 2602 1319 2643 amplius
1359 2608 1567 2642 quattuor

239 2663 360 2694 milia
385 2664 584 2705 peditum
608 2673 709 2695 nemo
735 2664 833 2697 dixit.
