1811 2925
811 169 884 203 155
1338 165 1411 196 Lib.
1432 165 1509 196 VIli

135 289 283 328 Somno
314 303 474 339 gravem
506 297 781 339 oppresserunt
819 296 854 325 et
884 288 922 325 in
953 295 1081 325 castra
1111 296 1394 337 pertraxerunt.
1453 292 1560 327 Ante

135 361 267 398 omnia
297 361 427 410 quieta
458 368 583 398 mente
614 360 873 397 accedendum
905 366 963 397 est
993 360 1041 396 ad
1082 360 1189 397 locos
1231 360 1268 396 in
1299 361 1557 410 suspicionem

137 429 350 473 vocatos1).

248 502 344 553 Cap.
377 507 456 544 40,
507 503 527 539 2
560 509 596 539 et
629 504 649 539 3
698 503 751 549 (in
789 502 923 539 cadem
955 503 1211 545 narratione):
1256 504 1432 552 Itaque
1463 504 1556 540 iam

136 574 294 618 duces,
324 575 417 611 iam
451 574 633 610 milites
665 574 908 622 utrimque
936 586 1231 623 congressus
1264 587 1477 623 quaerere
1501 575 1558 611 ad

137 646 410 695 colloquia;
444 645 717 693 Quinctius,
749 657 881 693 quem
915 658 1156 682 armorum
1188 646 1332 683 etiam
1363 659 1448 695 pro
1480 660 1556 695 pa-

135 717 231 754 tria
261 717 474 754 satietas
506 716 896 761 tene1·et,nedum
927 716 1164 754 adversus
1194 715 1558 766 patriam,Cor-

135 789 279 825 vinus
326 801 487 825 omnes
533 789 745 825 caritate
789 787 941 829 cives,
1000 788 1245 837 praecipue
1288 788 1471 824 milites
1516 794 1559 825 et

136 867 246 896 ante
292 860 420 897 alios
468 873 601 897 suum
649 858 916 896 exercitum
963 859 1258 908 complexus.
1302 859 1358 895 ad
1404 859 1558 896 collo—

138 931 299 979 quium
339 931 599 980 processit.
679 928 888 978 Cognito
931 929 973 965 ei
1011 931 1255 978 extemplo
1289 953 1338 958 —-
1371 930 1559 967 silenti-

137 1016 205 1040 um
238 1003 411 1039 datum.
481 1002 577 1038 Haec
617 1013 694 1037 non
734 1008 836 1038 recte
875 1002 1020 1038 habere
1051 1007 1087 1037 et⁴
1126 1007 1289 1050 apparet-
1327 1008 1362 1037 et
1392 1000 1559 1045 fuerunt,

136 1074 202 1122 qui
233 1073 594 1110 animadverterent.
655 1072 718 1108 Ita
749 1072 848 1108 enim
882 1084 905 1108 a
934 1072 1048 1110 Livio
1079 1072 1281 1120 Quinctius
1315 1078 1351 1108 et
1368 1071 1560 1109 Corvinus

135 1150 439 1194 componuntur,
469 1145 671 1193 diligenter
701 1150 905 1191 exaequata
936 1143 1122 1180 orationis
1148 1143 1287 1189 forma,
1318 1143 1373 1180 ita
1389 1143 1427 1179 in
1449 1150 1554 1179 utro-

138 1230 212 1265 que
243 1229 289 1252 ea
320 1223 692 1261 commemorantur,
738 1221 898 1264 propter
940 1227 1025 1263 quae
1056 1215 1271 1252 concordiae
1309 1215 1558 1251 conciliandae

136 1295 297 1325 conatus
332 1288 382 1323 ab
426 1287 472 1323 iis
503 1286 720 1335 exspectari
759 1287 949 1335 potuerit,
995 1286 1185 1323 eminente
1215 1286 1331 1322 etiam
1360 1286 1398 1322 in
1428 1286 1559 1335 priore

135 1366 247 1408 parte
280 1359 347 1405 (de
377 1357 574 1406 Quinctio)
606 1358 644 1394 in
674 1356 758 1406 ipso
787 1358 895 1394 verbi
922 1358 1036 1395 modo
1059 1356 1283 1407 (teneret)
1316 1370 1441 1394 causae
1482 1357 1559 1405 sig-

161 1526 192 1569 ¹]
231 1529 392 1561 Eiusdem
420 1528 539 1568 capitis
565 1527 582 1567 ξ
611 1530 651 1563 6,
687 1527 847 1566 quoniam
873 1537 933 1567 pro
960 1537 1017 1564 eo,
1061 1526 1152 1568 quod
1176 1526 1211 1556 in
1238 1526 1410 1557 codicibus
1438 1526 1557 1557 scribi-

231 1596 304 1622 tur:
341 1599 496 1620 nervos
529 1589 857 1620 coniurationis
897 1589 1069 1620 eiectos
1104 1596 1196 1619 arte
1236 1588 1436 1619 consulis
1463 1598 1554 1619 cer-

231 1658 392 1689 nentes,
419 1661 438 1682 a
462 1650 709 1681 recentioribus
737 1651 917 1689 (Bekkero,
939 1650 1235 1689 Weissenbornio,
1263 1651 1410 1689 Hertzio)
1450 1651 1558 1681 adno—

231 1722 321 1745 tatur
337 1713 480 1744 Puteaui
502 1713 695 1743 coniectura
722 1720 936 1752 exsectos,
959 1712 1309 1745 omittiturGebhardi
1337 1720 1368 1743 et
1382 1713 1555 1751 Gronovii,

233 1787 298 1818 qua
324 1786 391 1807 uno
417 1780 549 1806 tantum
578 1775 700 1806 litterae
727 1776 831 1806 ductu
858 1776 993 1816 longius
1013 1782 1122 1807 tracto
1145 1774 1171 1816 (Ι
1191 1786 1251 1816 pro
1272 1776 1294 1813 i)
1310 1774 1348 1805 fit
1367 1775 1554 1812 electos,

233 1841 342 1871 dicam
377 1838 412 1868 in
445 1843 659 1875 transcursu,
703 1838 793 1869 hanc
825 1848 940 1869 veram
973 1844 1005 1869 et
1037 1844 1164 1869 certam
1192 1847 1278 1869 esse.
1347 1837 1434 1868 Nam
1468 1847 1555 1878 prae-

232 1908 282 1933 ter
305 1900 428 1932 Lucilii
468 1901 716 1938 testimonium,
752 1910 867 1932 versus
900 1901 1040 1932 modulo
1071 1900 1223 1938 firmum,
1261 1901 1318 1940 qui
1355 1907 1387 1931 et
1426 1910 1556 1931 exse-

232 1973 329 1995 care
355 1969 389 1993 et
415 1963 577 1994 elidere
604 1964 770 1994 excludit.
813 1964 901 2003 apud
932 1962 1131 1994 Ciceronem
1164 1972 1233 1993 non
1267 1962 1376 1993 solum
1403 1963 1436 1992 in
1451 1962 1557 1995 Tuse.

231 2025 301 2064 III,
334 2029 377 2056 34
411 2026 521 2056 codex
545 2025 659 2065 regius
693 2032 806 2067 aperte
831 2025 952 2056 habet:
995 2025 1164 2066 stirpes
1198 2024 1477 2064 {egritudinis
1514 2042 1555 2046 —

232 2087 448 2128 eligendae
482 2092 600 2124 sunt,
646 2087 704 2118 sed
740 2087 839 2117 etde
864 2086 976 2118 Divin.
1012 2086 1064 2125 11,
1109 2090 1174 2124 72,
1218 2086 1276 2117 ubi
1309 2086 1345 2117 in
1382 2086 1556 2118 codicibus

232 2155 283 2181 est
310 2148 510 2190 (stirpes)
547 2148 809 2186 eiiciendae,
839 2148 953 2179 *multo
988 2148 1123 2180 facilius
1148 2148 1185 2179 fit
1220 2149 1432 2188 eligendae
1461 2150 1556 2189 (nam

231 2212 398 2252 eligere
425 2216 457 2242 et
483 2211 647 2242 eiicere
673 2211 857 2252 saepissime
874 2210 1145 2251 confunduntur)
1172 2221 1271 2252 quam
1306 2212 1557 2242 excidendae

232 2279 289 2304 aut
315 2273 544 2311 elidendae,
573 2279 605 2304 et
631 2279 714 2304 orat.
741 2272 778 2304 II
803 2273 844 2304 de
869 2273 939 2313 leg.
968 2283 1040 2313 agr.
1069 2277 1123 2311 33,
1151 2273 1209 2304 ubi
1236 2272 1365 2303 editur:
1408 2273 1556 2303 nervis

234 2354 274 2359 —
303 2336 520 2374 exsectis,
562 2336 596 2366 in
624 2335 797 2366 codicibus
835 2335 993 2366 scribitur
1027 2342 1065 2366 ut
1097 2335 1153 2366 hic
1189 2334 1362 2371 eiectis,
1393 2334 1457 2365 hoc
1494 2341 1555 2373 est,

233 2398 403 2430 electis.
463 2397 527 2428 Est
552 2398 657 2438 igitur
681 2398 720 2428 in'
746 2397 798 2428 his
824 2397 908 2428 locis
944 2397 1108 2436 eligere
1134 2397 1189 2434 id,
1231 2397 1322 2436 quod
1356 2397 1559 2428 Germanice

232 2459 484 2502 ausrupfen,
505 2459 746 2500 auszupfen
773 2459 916 2497 dicitur,
955 2459 1127 2500 quomodo
1153 2458 1266 2489 Varro
1301 2463 1334 2488 et
1362 2457 1555 2489 Columella

231 2524 404 2555 herbas.
432 2522 624 2562 gramina
650 2521 815 2561 eligere
841 2521 1010 2555 dixerunt.
1060 2521 1167 2553 Aliud
1186 2527 1249 2560 est,
1266 2520 1330 2551 etsi
1357 2526 1573 2561 cognatum,-

233 2595 354 2616 nervos
397 2584 610 2621 incidere,
655 2583 821 2614 elidere
869 2582 999 2624 (νεῦρα
1035 2579 1241 2626 ἐκτέμνειν,
1293 2587 1558 2627 νευροκοπεῖν).

235 2647 321 2679 Cum
360 2647 470 2678 nervis
513 2645 668 2677 eiectis
709 2646 907 2687 pravissime
958 2652 1199 2687 comparantur
1231 2647 1380 2678 aculei
1421 2647 1559 2688 (alicui)

234 2708 425 2741 excussi.
