1811 2925
799 137 866 174 121
1346 134 1422 165 Lib.
1451 134 1494 164 V.

127 265 163 307 6,
201 264 214 298 1
251 260 530 305 (militibus,
573 259 779 308 praedani
826 272 881 296 ex
919 258 1129 295 host-ium
1175 265 1310 294 terra
1348 270 1546 294 cernen-

125 334 255 381 tib‘us
286 338 390 368 tota
421 330 577 367 classe
609 329 805 375 efferri,
837 329 1056 366 accensis
1087 329 1144 365 ad
1175 328 1546 375 traiicienduni),

125 404 347 447 XXXIX,
385 404 456 447 14,
489 403 510 437 2
543 401 712 446 (scalis
743 400 1019 437 ferentibus
1049 400 1094 436 in
1124 399 1370 448 publicum
1402 401 1546 437 obse-

124 473 283 522 ratis),
315 473 404 518 XL,
437 475 516 517 40,
561 475 606 508 15
652 471 1015 516 (exauctorat-is
1046 470 1286 507 militibus
1323 470 1368 506 in
1399 483 1547 507 naves

125 541 448 594 iinpositiS.)¹)

250 614 346 664 Cap.
381 616 444 660 32,
477 617 512 652 3.
588 614 669 651 Vix
699 614 845 658 credas,
891 627 1024 650 omnes
1058 613 1222 649 editores
1253 612 1419 649 tenuisse
1449 613 1547 649 hanc

125 686 311 723 orationis
358 686 524 722 formam
565 697 609 721 ac
661 674 741 721 sine
776 685 1026 721 adnotatione
1054 683 1363 734 praetermisisse:
1417 684 1546 720 Fusa

126 770 366 794 concursu
405 756 558 806 primo
598 755 728 792 acies
772 756 819 791 in
850 755 1030 804 filgani;
1082 755 1218 791 milia
1251 761 1359 791 octo
1391 767 1547 790 arma-

126 834 280 863 torum
313 828 368 863 ab
400 828 650 876 equitibus
694 826 968 862 interclusa
994 825 1180 874 positis
1212 826 1356 862 armis
1386 826 1434 862 in
1462 826 1547 862 de-

127 898 364 934 ditionem
396 905 659 943 venerunt3
693 897 803 945 quasi
824 897 961 933 Latine
993 897 1143 932 dicatur
1173 896 1377 932 fundere
1408 897 1451 932 in
1481 896 1547 932 fu-

126 982 243 1018 gam.
305 969 444 1006 Latina
476 958 517 1006 etr
545 975 637 1018 apta
666 969 720 1005 rei
751 969 831 1005 haec
865 968 935 1003 erit
966 967 1110 1004 oratio:
1153 967 1281 1003 Fusa
1312 980 1547 1004 concursu

125 1040 280 1089 primo
313 1040 465 1085 acies3
495 1040 543 1076 in
574 1040 695 1089 fuga
732 1039 868 1076 inilia
899 1046 1009 1075 octo
1042 1045 1113 1074 etc.
1183 1037 1328 1074 Nocuit
1357 1037 1485 1073 littera
1513 1050 1548 1076 m

124 1111 334 1160 geminata.

247 1180 342 1230 Cap.
377 1184 447 1225 34,
501 1184 521 1217 5
574 1179 662 1231 (ubi
708 1180 754 1216 de
785 1180 990 1217 Gallorum
1020 1181 1182 1216 transitu
1212 1180 1250 1216 in
1281 1179 1436 1216 Italiam
1467 1178 1547 1227 agi-

125 1260 220 1295 tur):
255 1252 303 1288 Is
335 1250 595 1299 (Bellovesus)
634 1252 763 1299 quod
788 1252 898 1288 *eius
930 1264 985 1288 ex
1015 1251 1213 1299 populis
1245 1250 1547 1294 abundabat,

126 1324 401 1372 Bituriges,
430 1324 712 1367 Arvernos,
751 1324 991 1366 Senones,
1022 1322 1225 1366 AEduos,
1261 1322 1547 1365 Ambarros,

126 1394 380 1441 Carnutes,
411 1395 655 1432 Aulercos
688 1395 891 1432 excivit.
972 1393 1146 1430 Primum
1173 1393 1261 1429 hinc
1291 1393 1547 1429 removendos

126 1478 210 1503 esse
239 1467 433 1511 Senones,
464 1466 572 1502 multi
601 1466 798 1510 viderunt,
838 1464 1021 1512 quoniam
1053 1475 1118 1499 eos
1150 1463 1283 1499 Livius
1314 1463 1430 1512 paulo
1460 1470 1547 1512 post

127 1538 175 1587 (c.
211 1539 283 1583 35,
319 1539 363 1580 3)
405 1536 777 1574 recentissimos
817 1535 1111 1571 advenarum
1149 1534 1270 1571 inulto
1300 1542 1389 1583 post
1419 1542 1548 1570 trans-

125 1610 200 1646 isse
232 1609 432 1657 significat.
490 1609 594 1645 Nan]
627 1607 730 1656 quod
761 1606 1100 1643 lVeissenbornius
1132 1605 1547 1654 aliquotBituriges,

128 1680 313 1721 Senones,
344 1687 490 1717 ceteros
518 1678 678 1727 intelligi
708 1677 801 1723 vult,
834 1677 966 1713 Livius
996 1677 1055 1721 id,
1091 1677 1193 1725 quod
1224 1676 1449 1722 abundaret,
1477 1676 1545 1712 mi-

127 1764 261 1800 grasse
304 1751 418 1795 dicit,
461 1757 503 1786 ut
531 1750 624 1786 nihil
654 1757 791 1798 postea
824 1755 1043 1797 superesset
1073 1747 1346 1791 multitudinis,
1380 1760 1450 1783 nec
1483 1754 1548 1783 aut

129 1823 244 1860 ullum
276 1823 391 1859 alium
425 1821 609 1871 populum
641 1822 700 1857 bis
730 1820 853 1868 Alpes
883 1819 1067 1855 transisse
1101 1819 1291 1867 significat
1325 1825 1390 1854 aut
1419 1818 1458 1854 iu
1481 1818 1548 1855 Se-

128 1895 292 1931 nonibus
325 1895 530 1942 quicquam
564 1906 587 1929 a
618 1892 752 1929 ceteris
783 1890 925 1927 diversi
958 1889 1087 1929 fuisse.
1137 1891 1301 1927 Videtur
1332 1890 1469 1938 aliquis
1500 1890 1548 1926 ab

128 1967 200 2003 hac
236 1965 522 2002 enumeratione
553 1964 689 2000 abesse
726 1962 894 1999 noluisse
924 1961 1110 2010 populum
1143 1962 1312 1998 omnium
1345 1961 1548 1998 Gallorum

128 2039 256 2075 Roma
301 2043 416 2085 capta
461 2035 729 2072 clarissimum.
806 2033 959 2070 Deinde
1005 2033 1106 2069 eius
1136 2046 1213 2069 non
1242 2040 1367 2081 potest
1398 2033 1470 2069 nisi
1501 2033 1549 2069 ad

129 2108 374 2145 Bellovesum
420 2105 573 2150 referri;
624 2106 732 2154 atqui
769 2106 849 2142 eius
889 2104 983 2140 nulli
1025 2111 1134 2140 eraut
1164 2103 1318 2153 populi,
1363 2104 1429 2140 sed
1463 2116 1549 2152 per-

155 2303 186 2346 ²)
225 2305 334 2344 Quam
360 2306 394 2336 in
420 2316 493 2346 cap.
522 2308 575 2341 26,
605 2307 622 2334 6
650 2310 728 2335 ante
747 2304 872 2336 multos
900 2314 1008 2335 annos
1035 2302 1180 2334 feceram
1209 2304 1449 2341 coniecturam,
1476 2313 1548 2334 cam

225 2378 267 2398 cx
292 2368 418 2399 Hertzii
456 2366 654 2407 praefatione
693 2366 789 2397 video
816 2376 835 2396 a
860 2366 989 2397 Kernio
1016 2366 1308 2405 Virtembergensi
1335 2371 1548 2407 occupatam.

224 2429 369 2460 Indici
391 2429 504 2460 nullus
528 2429 582 2459 hic
613 2428 708 2459 locus
735 2435 802 2466 est,
822 2429 877 2459 scd
899 2429 1117 2469 captivum
1143 2428 1335 2458 indidem
1353 2438 1402 2458 ex
1423 2427 1548 2467 agris.

225 2492 289 2523 hoc
316 2498 375 2530 cst,
403 2502 446 2522 ex
470 2491 538 2522 illis
565 2491 645 2532 ipsis
671 2491 762 2530 agris
782 2491 841 2530 (cx
858 2490 949 2521 illius
976 2490 1069 2521 urbis
1095 2490 1215 2530 agris),
1243 2490 1394 2520 ducem
1423 2489 1550 2520 Camil-

225 2554 278 2585 lus
311 2559 484 2585 sccutus
521 2559 583 2585 est.
663 2553 897 2593 Ascripseram
925 2552 966 2583 ad
992 2551 1092 2583 fidem
1127 2551 1314 2583 manifestae
1351 2550 1548 2581 correctioni

226 2615 418 2647 faciendam
444 2615 578 2653 XXIII,
607 2618 661 2652 46,
692 2618 744 2652 12,
774 2613 925 2650 XXVII,
956 2617 1007 2651 12,
1035 2618 1065 2653 5,
1092 2614 1260 2651 XXVIII,
1286 2616 1312 2643 l.
1329 2615 1358 2644 6.
1381 2611 1549 2643 XXXIX.

230 2681 269 2709 12
296 2679 368 2711 init.
