1811 2925
836 126 911 160 407
1313 123 1389 156 Lib.
1408 123 1574 155 XXXIV.

175 246 304 283 victo
349 252 393 282 et
438 246 481 282 in
525 246 626 282 acie
671 258 809 291 caeso,
853 259 935 294 per
979 258 1208 282 summum
1255 246 1398 282 decus
1432 253 1578 295 parta

176 317 456 365 reliquerit,
508 316 613 365 pari
661 329 758 353 cum
816 316 956 352 laude
993 317 1168 365 partim
1211 317 1266 353 ab
1303 317 1576 354 Thracibus

177 399 405 435 possessa
456 387 600 423 armis
651 387 893 436 receperit
941 387 1234 431 Antiochus,
1281 387 1457 435 partim
1504 388 1575 424 de-

177 463 327 503 serta,
369 457 495 493 sicut.
533 458 685 506 ipsam
720 457 1093 506 Lysimachiam,
1132 465 1173 494 et
1207 458 1454 494 revocatis
1485 458 1576 495 cul-

177 527 368 564 toribus
405 528 791 575 frequentaverit
821 534 883 572 et,
925 540 1022 576 quae
1058 535 1213 565 strata
1249 528 1403 564 ruinis
1435 535 1576 576 atque

176 597 413 634 incendiis
457 604 611 643 erant,
663 598 942 647 ingentibus
986 599 1202 648 inpensis
1245 598 1575 635 aedificaverit.

175 668 368 715 Quattuor
397 669 517 705 verba
548 669 622 705 alio
638 669 768 705 ordine
801 669 949 706 codices
980 669 1135 714 habent,
1164 670 1196 706 B
1228 675 1264 705 et
1293 669 1490 718 vulgares:
1521 669 1575 706 ab

176 739 447 775 Thracibus
476 740 650 788 partim
681 751 921 788 possessa,
954 740 1100 776 Meum
1122 740 1206 776 edd.
1225 747 1316 777 vett.
1339 741 1393 777 ab
1427 741 1576 777 Thra-

185 811 320 847 cibus
351 822 580 858 possessa
610 810 807 858 partim3
839 810 905 846 sed
936 811 1085 847 codices
1115 810 1188 846 fide
1219 811 1323 860 digni
1353 810 1464 858 (ΜΒ)
1489 816 1577 846 ante

177 881 233 917 ab
263 880 534 919 Thracibus
565 880 709 917 addunt
739 881 901 917 eadem
936 881 1050 929 idque
1072 880 1408 917 Weissenbornius
1437 880 1578 929 recepit

177 952 238 999 (co
257 952 400 997 ordine,
420 964 530 1000 quem
553 952 584 987 B
603 958 638 987 et
653 950 831 999 vulgares
848 949 1018 999 habent).
1065 950 1141 989 Sed
1164 951 1202 987 in
1223 952 1296 988 hac
1316 951 1578 987 coniunctione

178 1022 273 1067 (sine
317 1021 470 1070 copula)
533 1021 694 1057 duorum
752 1022 1008 1058 membrorum
1053 1021 1151 1057 iden]
1204 1021 1394 1058 obiectum
1446 1022 1576 1069 (quae)

174 1092 393 1128 habentium
424 1092 462 1128 id
491 1104 715 1141 pronomen,
747 1092 849 1140 quod
871 1091 1197 1141 comparationem
1228 1092 1395 1140 aliquam
1425 1091 1578 1136 indicat,

174 1163 263 1199 addi
293 1170 393 1199 recte
423 1163 565 1210 nequit.
631 1162 831 1199 Accedunt
861 1162 937 1198 alia
962 1162 1217 1208 incommoda,
1249 1162 1343 1199 ordo
1360 1163 1578 1206 verborum,

176 1235 211 1270 in
242 1235 314 1271 hac
345 1233 615 1270 sententiarum
647 1232 922 1278 coniunctione,
952 1246 1028 1270 non
1058 1239 1159 1270 recte
1189 1233 1359 1270 variatus
1391 1233 1445 1282 (in
1474 1240 1578 1268 utro-

175 1318 249 1353 que
266 1305 363 1341 enim
395 1304 566 1340 membro
589 1304 799 1340 subiectum
829 1304 1044 1353 praecedere
1075 1304 1258 1340 debebat:
1291 1316 1389 1352 quae
1420 1303 1579 1341 Seleu-

175 1388 255 1413 cus
285 1397 337 1401 ——
367 1374 645 1422 reliquerit.
693 1375 965 1411 Antiochus
995 1396 1047 1401 -—
1078 1366 1339 1423 receperit)
1376 1380 1410 1411 et
1442 1374 1578 1410 transi-

174 1455 233 1483 tus
263 1446 486 1482 durissimus
516 1457 585 1481 nec
614 1445 792 1481 ferendus
834 1450 969 1493 (quum
1008 1445 1112 1482 nulla
1156 1458 1225 1482 nec
1263 1457 1379 1482 causa
1415 1457 1484 1481 nec
1514 1457 1579 1481 ex-

173 1516 318 1552 cusatio
363 1516 433 1561 sit)
486 1527 509 1551 a
554 1515 735 1551 feminino
778 1529 915 1565 genere
959 1517 1007 1552 ad
1052 1523 1226 1552 neutrum
1273 1516 1506 1563 (Thraciae
1537 1522 1580 1552 et

173 1586 470 1623 Chersonesi
506 1586 723 1631 urbibus,
775 1599 872 1634 quae
912 1586 1145 1624 Seleucus
1188 1594 1334 1636 parta
1376 1586 1578 1634 relique-

174 1657 236 1693 rit
265 1670 354 1706 pro:
386 1669 502 1705 quas
533 1678 583 1682 —
618 1663 785 1704 partas
823 1657 1113 1706 reliquerit).
1177 1658 1294 1694 Viam
1327 1658 1407 1694 veri
1437 1657 1578 1706 reperi-

173 1727 258 1763 endi
286 1728 535 1764 certissimam
568 1728 771 1764 ostendunt
800 1729 881 1764 illa:
932 1729 1039 1777 pari
1087 1741 1187 1764 cum
1232 1729 1373 1764 laude
1417 1728 1578 1764 eadem

172 1811 247 1834 una
279 1810 362 1834 cum
394 1799 526 1835 ordine
555 1799 771 1841 verborum,
802 1805 843 1834 ut
884 1798 975 1844 dixi,
1005 1799 1157 1835 inverso
1197 1798 1312 1847 (quae
1351 1798 1579 1836 Seleucus

237 1899 244 1906 .
286 1869 570 1917 reliquerit,
609 1900 617 1907 .
637 1900 672 1906 ..
712 1869 873 1905 eadem
909 1898 918 1907 .
939 1900 946 1907 .
967 1900 975 1907 .
1007 1870 1252 1918 receperit
1276 1868 1579 1916 Antiochus);

174 1946 335 1989 apparet
368 1940 479 1985 enim,
522 1940 692 1976 relativae
732 1939 946 1984 sententiae,
993 1940 1032 1976 in
1074 1954 1151 1989 qua
1191 1953 1403 1990 pronomen
1434 1937 1577 1990 (quae)

172 2011 381 2060 generatim
427 2016 605 2060 ponatur,
650 2023 726 2047 non
773 2010 821 2046 ad
868 2011 1038 2054 urbes,
1084 2012 1423 2049 demonstrativam
1472 2010 1579 2046 reddi

172 2074 612 2129 (ἅνταποὸῖδοσθαι),
646 2081 749 2129 quod
779 2087 819 2116 ut
844 2081 925 2117 fieri
954 2087 1055 2118 recte
1086 2083 1207 2131 possit
1236 2081 1458 2129 servarique
1490 2092 1578 2116 con-

172 2154 425 2190 iunctivorum
456 2153 715 2202 (receperit
749 2151 835 2197 etc.)
867 2164 1006 2198 causa,
1049 2153 1225 2189 addenda
1264 2159 1320 2190 est
1351 2151 1578 2195 coniunctio,

173 2237 256 2272 quae
311 2224 553 2260 similitudine
598 2224 808 2260 litterarum
861 2223 1000 2259 extrita
1055 2231 1134 2267 est,
1183 2230 1220 2260 et
1259 2224 1314 2260 ita
1357 2222 1577 2260 scribendus

171 2301 274 2332 totus
306 2295 423 2331 locus:
488 2294 749 2330 Enimvero
794 2293 840 2329 id
871 2293 1034 2330 auditu
1067 2294 1209 2330 etiam
1240 2294 1399 2331 dicere
1427 2293 1577 2342 indig-

171 2378 275 2402 num
314 2378 417 2402 esse
458 2365 792 2413 Hegesianax,
835 2364 1055 2400 Thraeiae
1096 2370 1140 2401 et
1178 2363 1468 2402 Chersonesi
1508 2377 1577 2401 ur-

173 2436 312 2472 bibus
343 2436 499 2472 arceri
529 2435 840 2477 Antiochum,
878 2446 1033 2486 quum,
1068 2448 1170 2483 quae
1211 2434 1444 2474 Seleucus
1474 2448 1576 2483 pro-

173 2519 288 2543 avus
330 2507 450 2551 eius,
492 2505 782 2555 Lysimacho
823 2517 931 2554 rege
976 2506 1104 2542 bello
1148 2506 1278 2543 victo
1319 2512 1362 2541 et
1391 2505 1436 2541 in
1475 2505 1577 2541 acie

173 2588 313 2621 caeso,
343 2590 424 2626 per
453 2588 676 2612 summum
698 2575 842 2612 decus
866 2583 1004 2625 parta
1030 2577 1311 2625 reliquerit,
1343 2576 1448 2625 pari
1479 2588 1576 2612 cum

173 2646 315 2682 laude
345 2647 523 2692 eadem,
555 2647 614 2683 ab
649 2647 924 2684 Thracibus
955 2659 1201 2696 possessa,
1223 2648 1398 2696 partim
1431 2647 1577 2684 armis

174 2716 418 2765 receperit
454 2717 747 2763 Antiochus,
788 2717 967 2766 partim
999 2723 1068 2755 etc.
1142 2719 1238 2755 Post
1283 2719 1576 2756 Antiochum
