<?xml version="1.0" encoding="UTF-8"?>
<!DOCTYPE html PUBLIC "-//W3C//DTD XHTML 1.0 Transitional//EN"
    "http://www.w3.org/TR/xhtml1/DTD/xhtml1-transitional.dtd">
<html xmlns="http://www.w3.org/1999/xhtml" xml:lang="en" lang="en">
 <head>
  <title>
</title>
<meta http-equiv="Content-Type" content="text/html;charset=utf-8" />
  <meta name='ocr-system' content='tesseract 3.04.00' />
  <meta name='ocr-capabilities' content='ocr_page ocr_carea ocr_par ocr_line ocrx_word'/>
</head>
<body>
  <div class='ocr_page' id='page_1' title='image "./emendationeslivi00madvuoft_0406.png"; bbox 0 0 1811 2925; ppageno 0'>
   <div class='ocr_carea' id='block_1_1' title="bbox 253 148 1000 182">
    <p class='ocr_par' dir='ltr' id='par_1_1' title="bbox 253 148 1000 182">
     <span class='ocr_line' id='line_1_1' title="bbox 253 148 1000 182; baseline 0.003 -2"><span class='ocrx_word' id='word_1_1' title='bbox 253 150 328 182; x_wconf 84' lang='lat' dir='ltr'>Lib.</span> <span class='ocrx_word' id='word_1_2' title='bbox 354 148 519 180; x_wconf 87' lang='lat' dir='ltr'>XXXIV.</span> <span class='ocrx_word' id='word_1_3' title='bbox 924 148 1000 182; x_wconf 85' lang='grc'>400</span> 
     </span>
    </p>
   </div>
   <div class='ocr_carea' id='block_1_2' title="bbox 254 266 1681 2365">
    <p class='ocr_par' dir='ltr' id='par_1_2' title="bbox 254 266 1666 806">
     <span class='ocr_line' id='line_1_2' title="bbox 255 266 1661 320; baseline -0.004 -10"><span class='ocrx_word' id='word_1_4' title='bbox 255 284 354 309; x_wconf 81' lang='lat' dir='ltr'>esse.</span> <span class='ocrx_word' id='word_1_5' title='bbox 414 273 604 320; x_wconf 83' lang='lat' dir='ltr'>Apparet,</span> <span class='ocrx_word' id='word_1_6' title='bbox 635 266 875 303; x_wconf 89' lang='lat' dir='ltr'>scribendum</span> <span class='ocrx_word' id='word_1_7' title='bbox 910 279 1009 303; x_wconf 89' lang='lat' dir='ltr'>esse:</span> <span class='ocrx_word' id='word_1_8' title='bbox 1038 268 1210 303; x_wconf 83' lang='lat' dir='ltr'>Patres</span> <span class='ocrx_word' id='word_1_9' title='bbox 1242 267 1415 312; x_wconf 80' lang='lat' dir='ltr'>nostri,</span> <span class='ocrx_word' id='word_1_10' title='bbox 1447 278 1585 314; x_wconf 87' lang='lat' dir='ltr'>quum</span> <span class='ocrx_word' id='word_1_11' title='bbox 1616 266 1661 305; x_wconf 87' lang='lat' dir='ltr'>in</span> 
     </span>
     <span class='ocr_line' id='line_1_3' title="bbox 256 337 1665 391; baseline -0.006 -11"><span class='ocrx_word' id='word_1_12' title='bbox 256 341 495 391; x_wconf 86' lang='lat' dir='ltr'>Hispania</span> <span class='ocrx_word' id='word_1_13' title='bbox 540 337 1024 386; x_wconf 80' lang='lat' dir='ltr'>Carthaginiensium</span> <span class='ocrx_word' id='word_1_14' title='bbox 1065 343 1110 373; x_wconf 77' lang='lat' dir='ltr'>et.</span> <span class='ocrx_word' id='word_1_15' title='bbox 1147 337 1470 386; x_wconf 85' lang='lat' dir='ltr'>imperatores</span> <span class='ocrx_word' id='word_1_16' title='bbox 1504 342 1549 372; x_wconf 85' lang='lat' dir='ltr'>et</span> <span class='ocrx_word' id='word_1_17' title='bbox 1589 349 1665 372; x_wconf 83' lang='lat' dir='ltr'>ex-</span> 
     </span>
     <span class='ocr_line' id='line_1_4' title="bbox 255 406 1666 457; baseline -0.006 -7"><span class='ocrx_word' id='word_1_18' title='bbox 255 413 438 450; x_wconf 85' lang='lat' dir='ltr'>ercitus</span> <span class='ocrx_word' id='word_1_19' title='bbox 471 415 632 447; x_wconf 80' lang='lat' dir='ltr'>essent</span> <span class='ocrx_word' id='word_1_20' title='bbox 661 414 732 447; x_wconf 82' lang='lat' dir='ltr'>etc.</span> <span class='ocrx_word' id='word_1_21' title='bbox 804 407 931 454; x_wconf 77' lang='lat' dir='ltr'>Quum</span> <span class='ocrx_word' id='word_1_22' title='bbox 962 407 1183 456; x_wconf 82' lang='lat' dir='ltr'>praepositio</span> <span class='ocrx_word' id='word_1_23' title='bbox 1225 414 1313 457; x_wconf 75' lang='lat' dir='ltr'>post</span> <span class='ocrx_word' id='word_1_24' title='bbox 1340 406 1505 444; x_wconf 82' lang='lat' dir='ltr'>litteram</span> <span class='ocrx_word' id='word_1_25' title='bbox 1540 420 1594 451; x_wconf 88' lang='lat' dir='ltr'>m,</span> <span class='ocrx_word' id='word_1_26' title='bbox 1624 412 1666 442; x_wconf 77' lang='lat' dir='ltr'>ut,</span> 
     </span>
     <span class='ocr_line' id='line_1_5' title="bbox 255 477 1666 532; baseline -0.006 -12"><span class='ocrx_word' id='word_1_27' title='bbox 255 496 368 532; x_wconf 83' lang='lat' dir='ltr'>saepc,</span> <span class='ocrx_word' id='word_1_28' title='bbox 393 481 657 525; x_wconf 72' lang='lat' dir='ltr'>intercidisset,</span> <span class='ocrx_word' id='word_1_29' title='bbox 689 477 858 514; x_wconf 86' lang='lat' dir='ltr'>additum</span> <span class='ocrx_word' id='word_1_30' title='bbox 892 485 949 515; x_wconf 82' lang='lat' dir='ltr'>est</span> <span class='ocrx_word' id='word_1_31' title='bbox 977 478 1054 515; x_wconf 89' lang='lat' dir='ltr'>ibi.</span> <span class='ocrx_word' id='word_1_32' title='bbox 1114 479 1164 515; x_wconf 87' lang='lat' dir='ltr'>Et</span> <span class='ocrx_word' id='word_1_33' title='bbox 1194 479 1238 515; x_wconf 95' lang='lat' dir='ltr'>in</span> <span class='ocrx_word' id='word_1_34' title='bbox 1269 485 1352 515; x_wconf 83' lang='lat' dir='ltr'>erat</span> <span class='ocrx_word' id='word_1_35' title='bbox 1379 478 1416 514; x_wconf 89' lang='lat' dir='ltr'>in</span> <span class='ocrx_word' id='word_1_36' title='bbox 1437 477 1666 514; x_wconf 77' lang='lat' dir='ltr'>editionibus</span> 
     </span>
     <span class='ocr_line' id='line_1_6' title="bbox 254 548 1665 597; baseline -0.005 -6"><span class='ocrx_word' id='word_1_37' title='bbox 254 561 343 591; x_wconf 81' lang='lat' dir='ltr'>ante</span> <span class='ocrx_word' id='word_1_38' title='bbox 387 551 657 595; x_wconf 86' lang='lat' dir='ltr'>Gronovium,</span> <span class='ocrx_word' id='word_1_39' title='bbox 703 549 770 586; x_wconf 90' lang='lat' dir='ltr'>sed</span> <span class='ocrx_word' id='word_1_40' title='bbox 808 561 923 597; x_wconf 87' lang='lat' dir='ltr'>quum</span> <span class='ocrx_word' id='word_1_41' title='bbox 970 548 1082 584; x_wconf 89' lang='lat' dir='ltr'>simul</span> <span class='ocrx_word' id='word_1_42' title='bbox 1124 549 1193 585; x_wconf 88' lang='lat' dir='ltr'>ibi</span> <span class='ocrx_word' id='word_1_43' title='bbox 1237 549 1480 593; x_wconf 70' lang='lat' dir='ltr'>retineretur,</span> <span class='ocrx_word' id='word_1_44' title='bbox 1526 548 1665 584; x_wconf 82' lang='lat' dir='ltr'>vitiosa</span> 
     </span>
     <span class='ocr_line' id='line_1_7' title="bbox 256 618 1662 667; baseline -0.006 -6"><span class='ocrx_word' id='word_1_45' title='bbox 256 626 372 661; x_wconf 74' lang='lat' dir='ltr'>flebat</span> <span class='ocrx_word' id='word_1_46' title='bbox 398 623 533 660; x_wconf 81' lang='lat' dir='ltr'>oratio.</span> <span class='ocrx_word' id='word_1_47' title='bbox 594 623 812 665; x_wconf 88' lang='lat' dir='ltr'>Postremo,</span> <span class='ocrx_word' id='word_1_48' title='bbox 842 633 889 656; x_wconf 92' lang='lat' dir='ltr'>ne</span> <span class='ocrx_word' id='word_1_49' title='bbox 921 619 1010 667; x_wconf 87' lang='lat' dir='ltr'>quid</span> <span class='ocrx_word' id='word_1_50' title='bbox 1048 619 1251 664; x_wconf 82' lang='lat' dir='ltr'>reticeam,</span> <span class='ocrx_word' id='word_1_51' title='bbox 1286 619 1352 655; x_wconf 78' lang='lat' dir='ltr'>vix</span> <span class='ocrx_word' id='word_1_52' title='bbox 1391 619 1535 665; x_wconf 86' lang='lat' dir='ltr'>dubito,</span> <span class='ocrx_word' id='word_1_53' title='bbox 1575 618 1662 667; x_wconf 91' lang='lat' dir='ltr'>quin</span> 
     </span>
     <span class='ocr_line' id='line_1_8' title="bbox 260 688 1665 740; baseline -0.005 -8"><span class='ocrx_word' id='word_1_54' title='bbox 260 695 389 732; x_wconf 74' lang='lat' dir='ltr'>Livius</span> <span class='ocrx_word' id='word_1_55' title='bbox 429 694 491 739; x_wconf 83' lang='lat' dir='ltr'>(de</span> <span class='ocrx_word' id='word_1_56' title='bbox 535 706 576 729; x_wconf 88' lang='lat' dir='ltr'>re</span> <span class='ocrx_word' id='word_1_57' title='bbox 614 692 818 740; x_wconf 78' lang='lat' dir='ltr'>imperiose</span> <span class='ocrx_word' id='word_1_58' title='bbox 849 689 1076 739; x_wconf 80' lang='lat' dir='ltr'>efflagitata)</span> <span class='ocrx_word' id='word_1_59' title='bbox 1120 690 1330 738; x_wconf 79' lang='lat' dir='ltr'>scripserit:</span> <span class='ocrx_word' id='word_1_60' title='bbox 1368 696 1523 726; x_wconf 84' lang='lat' dir='ltr'>tamen</span> <span class='ocrx_word' id='word_1_61' title='bbox 1555 688 1665 729; x_wconf 76' lang='lat' dir='ltr'>addi</span> 
     </span>
     <span class='ocr_line' id='line_1_9' title="bbox 257 761 1290 806; baseline -0.007 -3"><span class='ocrx_word' id='word_1_62' title='bbox 257 766 418 803; x_wconf 85' lang='lat' dir='ltr'>hocin</span> <span class='ocrx_word' id='word_1_63' title='bbox 449 763 648 800; x_wconf 83' lang='lat' dir='ltr'>foedere</span> <span class='ocrx_word' id='word_1_64' title='bbox 679 762 955 806; x_wconf 82' lang='lat' dir='ltr'>voluerunt,</span> <span class='ocrx_word' id='word_1_65' title='bbox 992 773 1068 797; x_wconf 90' lang='lat' dir='ltr'>non</span> <span class='ocrx_word' id='word_1_66' title='bbox 1100 761 1290 797; x_wconf 80' lang='lat' dir='ltr'>addere.</span> 
     </span>
    </p>

    <p class='ocr_par' dir='ltr' id='par_1_3' title="bbox 257 829 1678 2084">
     <span class='ocr_line' id='line_1_10' title="bbox 368 829 1665 883; baseline -0.004 -12"><span class='ocrx_word' id='word_1_67' title='bbox 368 835 462 883; x_wconf 88' lang='lat' dir='ltr'>Cap.</span> <span class='ocrx_word' id='word_1_68' title='bbox 499 837 560 879; x_wconf 84' lang='lat'>15,</span> <span class='ocrx_word' id='word_1_69' title='bbox 592 835 612 870; x_wconf 86' lang='lat'><strong>3</strong></span> <span class='ocrx_word' id='word_1_70' title='bbox 647 833 701 881; x_wconf 84' lang='lat' dir='ltr'>(in</span> <span class='ocrx_word' id='word_1_71' title='bbox 732 832 877 869; x_wconf 85' lang='lat' dir='ltr'>narrati</span> <span class='ocrx_word' id='word_1_72' title='bbox 890 845 953 869; x_wconf 77' lang='lat' dir='ltr'>me</span> <span class='ocrx_word' id='word_1_73' title='bbox 981 844 1119 880; x_wconf 84' lang='lat' dir='ltr'>pugnae</span> <span class='ocrx_word' id='word_1_74' title='bbox 1141 837 1274 867; x_wconf 79' lang='lat' dir='ltr'>contra</span> <span class='ocrx_word' id='word_1_75' title='bbox 1304 829 1543 879; x_wconf 83' lang='lat' dir='ltr'>Hispanos):</span> <span class='ocrx_word' id='word_1_76' title='bbox 1575 831 1665 868; x_wconf 91' lang='lat' dir='ltr'>Ubi</span> 
     </span>
     <span class='ocr_line' id='line_1_11' title="bbox 258 900 1665 953; baseline -0.006 -10"><span class='ocrx_word' id='word_1_77' title='bbox 258 907 418 944; x_wconf 80' lang='lat' dir='ltr'>omnia</span> <span class='ocrx_word' id='word_1_78' title='bbox 446 905 562 953; x_wconf 82' lang='lat' dir='ltr'>fuga</span> <span class='ocrx_word' id='word_1_79' title='bbox 593 903 836 952; x_wconf 84' lang='lat' dir='ltr'>completa</span> <span class='ocrx_word' id='word_1_80' title='bbox 866 902 991 938; x_wconf 83' lang='lat' dir='ltr'>vidit</span> <span class='ocrx_word' id='word_1_81' title='bbox 1021 901 1154 947; x_wconf 83' lang='lat' dir='ltr'>Cato,</span> <span class='ocrx_word' id='word_1_82' title='bbox 1185 902 1286 950; x_wconf 88' lang='lat' dir='ltr'>ipse</span> <span class='ocrx_word' id='word_1_83' title='bbox 1321 900 1376 936; x_wconf 84' lang='lat' dir='ltr'>ad</span> <span class='ocrx_word' id='word_1_84' title='bbox 1407 900 1665 936; x_wconf 85' lang='lat' dir='ltr'>secundam</span> 
     </span>
     <span class='ocr_line' id='line_1_12' title="bbox 257 973 1667 1026; baseline -0.006 -12"><span class='ocrx_word' id='word_1_85' title='bbox 257 978 520 1026; x_wconf 84' lang='lat' dir='ltr'>legionem,</span> <span class='ocrx_word' id='word_1_86' title='bbox 562 987 658 1023; x_wconf 86' lang='lat' dir='ltr'>quae</span> <span class='ocrx_word' id='word_1_87' title='bbox 702 975 746 1010; x_wconf 89' lang='lat' dir='ltr'>iu</span> <span class='ocrx_word' id='word_1_88' title='bbox 778 973 995 1010; x_wconf 81' lang='lat' dir='ltr'>subsidio</span> <span class='ocrx_word' id='word_1_89' title='bbox 1028 973 1192 1021; x_wconf 84' lang='lat' dir='ltr'>posita</span> <span class='ocrx_word' id='word_1_90' title='bbox 1234 978 1356 1015; x_wconf 84' lang='lat' dir='ltr'>erat,</span> <span class='ocrx_word' id='word_1_91' title='bbox 1388 983 1507 1019; x_wconf 89' lang='lat' dir='ltr'>equo</span> <span class='ocrx_word' id='word_1_92' title='bbox 1538 984 1667 1007; x_wconf 88' lang='lat' dir='ltr'>reve-</span> 
     </span>
     <span class='ocr_line' id='line_1_13' title="bbox 259 1042 1667 1094; baseline -0.005 -10"><span class='ocrx_word' id='word_1_93' title='bbox 259 1048 388 1084; x_wconf 84' lang='lat' dir='ltr'>hit-ur</span> <span class='ocrx_word' id='word_1_94' title='bbox 439 1054 481 1083; x_wconf 80' lang='lat' dir='ltr'>et</span> <span class='ocrx_word' id='word_1_95' title='bbox 530 1046 669 1094; x_wconf 82' lang='lat' dir='ltr'>signa</span> <span class='ocrx_word' id='word_1_96' title='bbox 719 1057 813 1093; x_wconf 80' lang='lat' dir='ltr'>prae</span> <span class='ocrx_word' id='word_1_97' title='bbox 857 1056 904 1080; x_wconf 85' lang='lat' dir='ltr'>se</span> <span class='ocrx_word' id='word_1_98' title='bbox 949 1043 1067 1080; x_wconf 83' lang='lat' dir='ltr'>ferri</span> <span class='ocrx_word' id='word_1_99' title='bbox 1116 1043 1358 1092; x_wconf 90' lang='lat' dir='ltr'>plenoque</span> <span class='ocrx_word' id='word_1_100' title='bbox 1412 1042 1561 1090; x_wconf 83' lang='lat' dir='ltr'>gradu</span> <span class='ocrx_word' id='word_1_101' title='bbox 1612 1043 1667 1078; x_wconf 88' lang='lat' dir='ltr'>ad</span> 
     </span>
     <span class='ocr_line' id='line_1_14' title="bbox 260 1112 1667 1164; baseline -0.006 -9"><span class='ocrx_word' id='word_1_102' title='bbox 260 1125 421 1155; x_wconf 83' lang='lat' dir='ltr'>castra</span> <span class='ocrx_word' id='word_1_103' title='bbox 454 1117 662 1153; x_wconf 78' lang='lat' dir='ltr'>hostium</span> <span class='ocrx_word' id='word_1_104' title='bbox 699 1115 1025 1164; x_wconf 81' lang='lat' dir='ltr'>oppugnanda</span> <span class='ocrx_word' id='word_1_105' title='bbox 1063 1114 1323 1150; x_wconf 78' lang='lat' dir='ltr'>succedere</span> <span class='ocrx_word' id='word_1_106' title='bbox 1353 1112 1497 1148; x_wconf 82' lang='lat' dir='ltr'>iubet.</span> <span class='ocrx_word' id='word_1_107' title='bbox 1556 1113 1667 1148; x_wconf 83' lang='lat' dir='ltr'>Nun-</span> 
     </span>
     <span class='ocr_line' id='line_1_15' title="bbox 260 1183 1666 1238; baseline -0.004 -13"><span class='ocrx_word' id='word_1_108' title='bbox 260 1202 375 1238; x_wconf 85' lang='lat' dir='ltr'>quam</span> <span class='ocrx_word' id='word_1_109' title='bbox 407 1188 495 1236; x_wconf 81' lang='lat' dir='ltr'>lcgi,</span> <span class='ocrx_word' id='word_1_110' title='bbox 527 1200 643 1235; x_wconf 86' lang='lat' dir='ltr'>quum</span> <span class='ocrx_word' id='word_1_111' title='bbox 673 1186 708 1221; x_wconf 89' lang='lat' dir='ltr'>in</span> <span class='ocrx_word' id='word_1_112' title='bbox 740 1187 889 1222; x_wconf 80' lang='lat' dir='ltr'>hostem</span> <span class='ocrx_word' id='word_1_113' title='bbox 920 1185 1080 1221; x_wconf 88' lang='lat' dir='ltr'>eundem</span> <span class='ocrx_word' id='word_1_114' title='bbox 1112 1191 1222 1228; x_wconf 85' lang='lat' dir='ltr'>esset,</span> <span class='ocrx_word' id='word_1_115' title='bbox 1249 1197 1324 1219; x_wconf 91' lang='lat' dir='ltr'>non</span> <span class='ocrx_word' id='word_1_116' title='bbox 1359 1184 1475 1219; x_wconf 86' lang='lat' dir='ltr'>modo</span> <span class='ocrx_word' id='word_1_117' title='bbox 1502 1183 1666 1232; x_wconf 85' lang='lat' dir='ltr'>impera-</span> 
     </span>
     <span class='ocr_line' id='line_1_16' title="bbox 260 1254 1668 1306; baseline -0.006 -9"><span class='ocrx_word' id='word_1_118' title='bbox 260 1267 381 1297; x_wconf 86' lang='lat' dir='ltr'>torem</span> <span class='ocrx_word' id='word_1_119' title='bbox 413 1259 523 1306; x_wconf 78' lang='lat' dir='ltr'>signa</span> <span class='ocrx_word' id='word_1_120' title='bbox 551 1269 643 1305; x_wconf 80' lang='lat' dir='ltr'>prae</span> <span class='ocrx_word' id='word_1_121' title='bbox 673 1268 721 1291; x_wconf 88' lang='lat' dir='ltr'>se</span> <span class='ocrx_word' id='word_1_122' title='bbox 750 1255 869 1292; x_wconf 80' lang='lat' dir='ltr'>ferri</span> <span class='ocrx_word' id='word_1_123' title='bbox 911 1257 1002 1295; x_wconf 83' lang='lat' dir='ltr'>(hoc</span> <span class='ocrx_word' id='word_1_124' title='bbox 1043 1261 1100 1292; x_wconf 81' lang='lat' dir='ltr'>est</span> <span class='ocrx_word' id='word_1_125' title='bbox 1129 1254 1358 1299; x_wconf 80' lang='lat' dir='ltr'>necessario,</span> <span class='ocrx_word' id='word_1_126' title='bbox 1395 1267 1473 1302; x_wconf 82' lang='lat' dir='ltr'>prae</span> <span class='ocrx_word' id='word_1_127' title='bbox 1503 1254 1668 1302; x_wconf 85' lang='lat' dir='ltr'>impera-</span> 
     </span>
     <span class='ocr_line' id='line_1_17' title="bbox 261 1324 1669 1380; baseline -0.006 -12"><span class='ocrx_word' id='word_1_128' title='bbox 261 1330 359 1380; x_wconf 84' lang='lat' dir='ltr'>tore)</span> <span class='ocrx_word' id='word_1_129' title='bbox 390 1329 557 1370; x_wconf 71' lang='lat' dir='ltr'>iussisse,</span> <span class='ocrx_word' id='word_1_130' title='bbox 588 1327 691 1375; x_wconf 81' lang='lat' dir='ltr'>quod</span> <span class='ocrx_word' id='word_1_131' title='bbox 722 1332 845 1362; x_wconf 89' lang='lat' dir='ltr'>totum</span> <span class='ocrx_word' id='word_1_132' title='bbox 875 1325 1074 1361; x_wconf 82' lang='lat' dir='ltr'>ridiculum</span> <span class='ocrx_word' id='word_1_133' title='bbox 1108 1332 1176 1369; x_wconf 84' lang='lat' dir='ltr'>est,</span> <span class='ocrx_word' id='word_1_134' title='bbox 1215 1326 1281 1361; x_wconf 82' lang='lat' dir='ltr'>sed</span> <span class='ocrx_word' id='word_1_135' title='bbox 1311 1338 1358 1361; x_wconf 90' lang='lat' dir='ltr'>ne</span> <span class='ocrx_word' id='word_1_136' title='bbox 1387 1325 1556 1373; x_wconf 80' lang='lat' dir='ltr'>legiones</span> <span class='ocrx_word' id='word_1_137' title='bbox 1583 1324 1669 1372; x_wconf 89' lang='lat' dir='ltr'>qui-</span> 
     </span>
     <span class='ocr_line' id='line_1_18' title="bbox 262 1394 1668 1444; baseline -0.004 -8"><span class='ocrx_word' id='word_1_138' title='bbox 262 1402 347 1438; x_wconf 85' lang='lat' dir='ltr'>dem</span> <span class='ocrx_word' id='word_1_139' title='bbox 378 1406 415 1436; x_wconf 83' lang='lat' dir='ltr'>et</span> <span class='ocrx_word' id='word_1_140' title='bbox 445 1400 620 1435; x_wconf 82' lang='lat' dir='ltr'>cohortes</span> <span class='ocrx_word' id='word_1_141' title='bbox 651 1397 788 1444; x_wconf 81' lang='lat' dir='ltr'>signa</span> <span class='ocrx_word' id='word_1_142' title='bbox 828 1409 921 1444; x_wconf 86' lang='lat' dir='ltr'>prae</span> <span class='ocrx_word' id='word_1_143' title='bbox 951 1409 998 1432; x_wconf 82' lang='lat' dir='ltr'>se</span> <span class='ocrx_word' id='word_1_144' title='bbox 1028 1395 1153 1432; x_wconf 80' lang='lat' dir='ltr'>ferre</span> <span class='ocrx_word' id='word_1_145' title='bbox 1191 1396 1334 1440; x_wconf 80' lang='lat' dir='ltr'>iussas3</span> <span class='ocrx_word' id='word_1_146' title='bbox 1375 1396 1511 1444; x_wconf 84' lang='lat' dir='ltr'>signa</span> <span class='ocrx_word' id='word_1_147' title='bbox 1550 1394 1668 1431; x_wconf 82' lang='lat' dir='ltr'>ferri</span> 
     </span>
     <span class='ocr_line' id='line_1_19' title="bbox 263 1466 1673 1517; baseline -0.006 -8"><span class='ocrx_word' id='word_1_148' title='bbox 263 1473 441 1509; x_wconf 85' lang='lat' dir='ltr'>iubentur</span> <span class='ocrx_word' id='word_1_149' title='bbox 470 1482 592 1517; x_wconf 85' lang='lat' dir='ltr'>eaque</span> <span class='ocrx_word' id='word_1_150' title='bbox 618 1468 759 1504; x_wconf 86' lang='lat' dir='ltr'>locutio</span> <span class='ocrx_word' id='word_1_151' title='bbox 791 1467 988 1515; x_wconf 79' lang='lat' dir='ltr'>permultis</span> <span class='ocrx_word' id='word_1_152' title='bbox 1034 1466 1132 1502; x_wconf 88' lang='lat' dir='ltr'>Livii</span> <span class='ocrx_word' id='word_1_153' title='bbox 1173 1466 1265 1503; x_wconf 86' lang='lat' dir='ltr'>locis</span> <span class='ocrx_word' id='word_1_154' title='bbox 1302 1467 1463 1515; x_wconf 78' lang='lat' dir='ltr'>legitur3</span> <span class='ocrx_word' id='word_1_155' title='bbox 1507 1466 1673 1513; x_wconf 83' lang='lat' dir='ltr'>quinque</span> 
     </span>
     <span class='ocr_line' id='line_1_20' title="bbox 264 1536 1674 1590; baseline -0.006 -11"><span class='ocrx_word' id='word_1_156' title='bbox 264 1542 440 1590; x_wconf 84' lang='lat' dir='ltr'>exempla</span> <span class='ocrx_word' id='word_1_157' title='bbox 481 1540 588 1576; x_wconf 78' lang='lat' dir='ltr'>dabit</span> <span class='ocrx_word' id='word_1_158' title='bbox 632 1538 974 1575; x_wconf 79' lang='lat' dir='ltr'>Drakenborchius</span> <span class='ocrx_word' id='word_1_159' title='bbox 1013 1537 1062 1572; x_wconf 83' lang='lat' dir='ltr'>ad</span> <span class='ocrx_word' id='word_1_160' title='bbox 1105 1536 1292 1577; x_wconf 80' lang='lat' dir='ltr'>XXVII,</span> <span class='ocrx_word' id='word_1_161' title='bbox 1339 1539 1410 1579; x_wconf 75' lang='grc'>47,</span> <span class='ocrx_word' id='word_1_162' title='bbox 1457 1537 1491 1581; x_wconf 74' lang='lat'>8,</span> <span class='ocrx_word' id='word_1_163' title='bbox 1537 1536 1674 1584; x_wconf 87' lang='lat' dir='ltr'>quibus</span> 
     </span>
     <span class='ocr_line' id='line_1_21' title="bbox 264 1607 1674 1662; baseline -0.005 -13"><span class='ocrx_word' id='word_1_164' title='bbox 264 1613 376 1662; x_wconf 84' lang='lat' dir='ltr'>plura</span> <span class='ocrx_word' id='word_1_165' title='bbox 405 1611 493 1648; x_wconf 82' lang='lat' dir='ltr'>addi</span> <span class='ocrx_word' id='word_1_166' title='bbox 523 1616 684 1659; x_wconf 76' lang='lat' dir='ltr'>possunt</span> <span class='ocrx_word' id='word_1_167' title='bbox 726 1614 787 1652; x_wconf 77' lang='lat' dir='ltr'>(ut</span> <span class='ocrx_word' id='word_1_168' title='bbox 819 1607 1027 1653; x_wconf 80' lang='lat' dir='ltr'>XXXIII,</span> <span class='ocrx_word' id='word_1_169' title='bbox 1065 1609 1106 1651; x_wconf 76' lang='lat'>7,</span> <span class='ocrx_word' id='word_1_170' title='bbox 1151 1607 1333 1652; x_wconf 84' lang='lat' dir='ltr'>XXXV,</span> <span class='ocrx_word' id='word_1_171' title='bbox 1362 1608 1426 1652; x_wconf 81' lang='lat'>27,</span> <span class='ocrx_word' id='word_1_172' title='bbox 1462 1610 1533 1652; x_wconf 82' lang='lat'>163</span> <span class='ocrx_word' id='word_1_173' title='bbox 1563 1607 1674 1650; x_wconf 87' lang='lat' dir='ltr'>XLI,</span> 
     </span>
     <span class='ocr_line' id='line_1_22' title="bbox 267 1677 1674 1730; baseline -0.006 -9"><span class='ocrx_word' id='word_1_174' title='bbox 267 1686 304 1730; x_wconf 80' lang='lat'>3,</span> <span class='ocrx_word' id='word_1_175' title='bbox 337 1685 358 1720; x_wconf 81' lang='lat'>8</span> <span class='ocrx_word' id='word_1_176' title='bbox 389 1683 427 1718; x_wconf 89' lang='lat' dir='ltr'>in</span> <span class='ocrx_word' id='word_1_177' title='bbox 457 1681 668 1718; x_wconf 85' lang='lat' dir='ltr'>narrando:</span> <span class='ocrx_word' id='word_1_178' title='bbox 699 1679 861 1715; x_wconf 79' lang='lat' dir='ltr'>ferunt</span> <span class='ocrx_word' id='word_1_179' title='bbox 892 1677 1030 1715; x_wconf 85' lang='lat' dir='ltr'>citati</span> <span class='ocrx_word' id='word_1_180' title='bbox 1061 1677 1216 1726; x_wconf 82' lang='lat' dir='ltr'>signa3</span> <span class='ocrx_word' id='word_1_181' title='bbox 1261 1678 1336 1721; x_wconf 89' lang='lat' dir='ltr'>IX,</span> <span class='ocrx_word' id='word_1_182' title='bbox 1368 1679 1417 1715; x_wconf 79' lang='lat'>23</span> <span class='ocrx_word' id='word_1_183' title='bbox 1450 1679 1575 1727; x_wconf 81' lang='lat' dir='ltr'>ipsum</span> <span class='ocrx_word' id='word_1_184' title='bbox 1605 1677 1674 1713; x_wconf 91' lang='lat' dir='ltr'>im-</span> 
     </span>
     <span class='ocr_line' id='line_1_23' title="bbox 265 1748 1675 1804; baseline -0.004 -14"><span class='ocrx_word' id='word_1_185' title='bbox 265 1754 411 1804; x_wconf 87' lang='lat' dir='ltr'>perium</span> <span class='ocrx_word' id='word_1_186' title='bbox 443 1752 615 1802; x_wconf 84' lang='lat' dir='ltr'>ponitur:</span> <span class='ocrx_word' id='word_1_187' title='bbox 645 1750 770 1787; x_wconf 82' lang='lat' dir='ltr'>ferte</span> <span class='ocrx_word' id='word_1_188' title='bbox 798 1750 941 1797; x_wconf 82' lang='lat' dir='ltr'>signa</span> <span class='ocrx_word' id='word_1_189' title='bbox 971 1748 1015 1784; x_wconf 91' lang='lat' dir='ltr'>in</span> <span class='ocrx_word' id='word_1_190' title='bbox 1045 1748 1266 1794; x_wconf 79' lang='lat' dir='ltr'>hostem).</span> <span class='ocrx_word' id='word_1_191' title='bbox 1341 1748 1478 1796; x_wconf 85' lang='lat' dir='ltr'>Itaque</span> <span class='ocrx_word' id='word_1_192' title='bbox 1520 1748 1675 1784; x_wconf 88' lang='lat' dir='ltr'>dubium</span> 
     </span>
     <span class='ocr_line' id='line_1_24' title="bbox 266 1818 1678 1870; baseline -0.006 -9"><span class='ocrx_word' id='word_1_193' title='bbox 266 1838 343 1862; x_wconf 88' lang='lat' dir='ltr'>non</span> <span class='ocrx_word' id='word_1_194' title='bbox 373 1830 441 1868; x_wconf 81' lang='lat' dir='ltr'>est,</span> <span class='ocrx_word' id='word_1_195' title='bbox 484 1822 574 1870; x_wconf 89' lang='lat' dir='ltr'>quin</span> <span class='ocrx_word' id='word_1_196' title='bbox 616 1823 687 1858; x_wconf 85' lang='lat' dir='ltr'>hoc</span> <span class='ocrx_word' id='word_1_197' title='bbox 727 1821 811 1858; x_wconf 91' lang='lat' dir='ltr'>loco</span> <span class='ocrx_word' id='word_1_198' title='bbox 853 1826 1073 1867; x_wconf 86' lang='lat' dir='ltr'>corruptum</span> <span class='ocrx_word' id='word_1_199' title='bbox 1120 1819 1168 1855; x_wconf 83' lang='lat' dir='ltr'>sit</span> <span class='ocrx_word' id='word_1_200' title='bbox 1212 1831 1304 1867; x_wconf 83' lang='lat' dir='ltr'>prae</span> <span class='ocrx_word' id='word_1_201' title='bbox 1346 1830 1402 1856; x_wconf 83' lang='lat' dir='ltr'>se.</span> <span class='ocrx_word' id='word_1_202' title='bbox 1463 1818 1678 1866; x_wconf 82' lang='lat' dir='ltr'>Scripserat</span> 
     </span>
     <span class='ocr_line' id='line_1_25' title="bbox 270 1888 1676 1945; baseline -0.007 -13"><span class='ocrx_word' id='word_1_203' title='bbox 270 1895 419 1932; x_wconf 87' lang='lat' dir='ltr'>Livius:</span> <span class='ocrx_word' id='word_1_204' title='bbox 465 1894 603 1941; x_wconf 80' lang='lat' dir='ltr'>signa</span> <span class='ocrx_word' id='word_1_205' title='bbox 634 1904 838 1945; x_wconf 76' lang='lat' dir='ltr'>propere</span> <span class='ocrx_word' id='word_1_206' title='bbox 868 1890 989 1927; x_wconf 84' lang='lat' dir='ltr'>ferri</span> <span class='ocrx_word' id='word_1_207' title='bbox 1021 1889 1358 1938; x_wconf 84' lang='lat' dir='ltr'>(quemadmodum</span> <span class='ocrx_word' id='word_1_208' title='bbox 1393 1888 1580 1932; x_wconf 85' lang='lat' dir='ltr'>XXXV,</span> <span class='ocrx_word' id='word_1_209' title='bbox 1613 1888 1676 1930; x_wconf 76' lang='lat'>29,</span> 
     </span>
     <span class='ocr_line' id='line_1_26' title="bbox 275 1957 1677 2013; baseline -0.007 -11"><span class='ocrx_word' id='word_1_210' title='bbox 275 1967 318 2002; x_wconf 87' lang='lat'>12</span> <span class='ocrx_word' id='word_1_211' title='bbox 367 1965 504 2013; x_wconf 79' lang='lat' dir='ltr'>signa</span> <span class='ocrx_word' id='word_1_212' title='bbox 553 1962 685 1999; x_wconf 86' lang='lat' dir='ltr'>ocius</span> <span class='ocrx_word' id='word_1_213' title='bbox 730 1962 850 1998; x_wconf 85' lang='lat' dir='ltr'>ferri</span> <span class='ocrx_word' id='word_1_214' title='bbox 896 1961 1072 1996; x_wconf 83' lang='lat' dir='ltr'>iubentur</span> <span class='ocrx_word' id='word_1_215' title='bbox 1109 1966 1145 1996; x_wconf 77' lang='lat' dir='ltr'>et</span> <span class='ocrx_word' id='word_1_216' title='bbox 1176 1960 1286 2003; x_wconf 89' lang='lat' dir='ltr'>XLI,</span> <span class='ocrx_word' id='word_1_217' title='bbox 1319 1960 1340 1995; x_wconf 89' lang='lat'><strong>3</strong></span> <span class='ocrx_word' id='word_1_218' title='bbox 1383 1959 1494 2007; x_wconf 85' lang='lat' dir='ltr'>signa</span> <span class='ocrx_word' id='word_1_219' title='bbox 1537 1957 1677 1993; x_wconf 80' lang='lat' dir='ltr'>citati</span> 
     </span>
     <span class='ocr_line' id='line_1_27' title="bbox 268 2032 470 2084; baseline -0.005 -12"><span class='ocrx_word' id='word_1_220' title='bbox 268 2032 470 2084; x_wconf 82' lang='lat' dir='ltr'>ferunt).¹)</span> 
     </span>
    </p>

    <p class='ocr_par' dir='ltr' id='par_1_4' title="bbox 272 2098 1681 2365">
     <span class='ocr_line' id='line_1_28' title="bbox 381 2098 1678 2154; baseline -0.007 -12"><span class='ocrx_word' id='word_1_221' title='bbox 381 2105 474 2154; x_wconf 85' lang='lat' dir='ltr'>Cap.</span> <span class='ocrx_word' id='word_1_222' title='bbox 508 2105 571 2149; x_wconf 84' lang='lat'>23,</span> <span class='ocrx_word' id='word_1_223' title='bbox 608 2105 629 2140; x_wconf 82' lang='lat'><strong>2</strong></span> <span class='ocrx_word' id='word_1_224' title='bbox 672 2103 755 2149; x_wconf 82' lang='lat' dir='ltr'>(ubi</span> <span class='ocrx_word' id='word_1_225' title='bbox 792 2108 972 2139; x_wconf 80' lang='lat' dir='ltr'>narratur</span> <span class='ocrx_word' id='word_1_226' title='bbox 1011 2101 1058 2137; x_wconf 92' lang='lat' dir='ltr'>de</span> <span class='ocrx_word' id='word_1_227' title='bbox 1088 2105 1275 2137; x_wconf 83' lang='lat' dir='ltr'>conventu</span> <span class='ocrx_word' id='word_1_228' title='bbox 1308 2098 1541 2147; x_wconf 82' lang='lat' dir='ltr'>legationum</span> <span class='ocrx_word' id='word_1_229' title='bbox 1588 2098 1678 2134; x_wconf 83' lang='lat' dir='ltr'>civi-</span> 
     </span>
     <span class='ocr_line' id='line_1_29' title="bbox 272 2168 1680 2221; baseline -0.006 -8"><span class='ocrx_word' id='word_1_230' title='bbox 272 2183 391 2214; x_wconf 85' lang='lat' dir='ltr'>tatum</span> <span class='ocrx_word' id='word_1_231' title='bbox 423 2176 645 2213; x_wconf 79' lang='lat' dir='ltr'>Graecarum</span> <span class='ocrx_word' id='word_1_232' title='bbox 679 2187 701 2211; x_wconf 88' lang='lat' dir='ltr'>a</span> <span class='ocrx_word' id='word_1_233' title='bbox 731 2175 778 2211; x_wconf 93' lang='lat' dir='ltr'>T.</span> <span class='ocrx_word' id='word_1_234' title='bbox 807 2173 986 2221; x_wconf 80' lang='lat' dir='ltr'>Quinctio</span> <span class='ocrx_word' id='word_1_235' title='bbox 1018 2170 1190 2208; x_wconf 77' lang='lat' dir='ltr'>Corinthi</span> <span class='ocrx_word' id='word_1_236' title='bbox 1220 2170 1351 2206; x_wconf 84' lang='lat' dir='ltr'>habito</span> <span class='ocrx_word' id='word_1_237' title='bbox 1384 2170 1432 2205; x_wconf 87' lang='lat' dir='ltr'>ad</span> <span class='ocrx_word' id='word_1_238' title='bbox 1463 2168 1680 2205; x_wconf 85' lang='lat' dir='ltr'>deliberan-</span> 
     </span>
     <span class='ocr_line' id='line_1_30' title="bbox 272 2238 1680 2289; baseline -0.007 -6"><span class='ocrx_word' id='word_1_239' title='bbox 272 2248 360 2284; x_wconf 92' lang='lat' dir='ltr'>dum</span> <span class='ocrx_word' id='word_1_240' title='bbox 406 2247 452 2282; x_wconf 93' lang='lat' dir='ltr'>de</span> <span class='ocrx_word' id='word_1_241' title='bbox 489 2246 588 2282; x_wconf 87' lang='lat' dir='ltr'>bello</span> <span class='ocrx_word' id='word_1_242' title='bbox 634 2252 768 2282; x_wconf 85' lang='lat' dir='ltr'>contra</span> <span class='ocrx_word' id='word_1_243' title='bbox 805 2244 998 2281; x_wconf 84' lang='lat' dir='ltr'>Nabidem</span> <span class='ocrx_word' id='word_1_244' title='bbox 1032 2239 1401 2289; x_wconf 59' lang='lat' dir='ltr'>Lacedaemonium:</span> <span class='ocrx_word' id='word_1_245' title='bbox 1432 2239 1582 2287; x_wconf 79' lang='lat' dir='ltr'>Quum</span> <span class='ocrx_word' id='word_1_246' title='bbox 1612 2238 1680 2274; x_wconf 92' lang='lat' dir='ltr'>le-</span> 
     </span>
     <span class='ocr_line' id='line_1_31' title="bbox 272 2308 1681 2365; baseline -0.006 -12"><span class='ocrx_word' id='word_1_247' title='bbox 272 2325 413 2365; x_wconf 80' lang='lat' dir='ltr'>gatus</span> <span class='ocrx_word' id='word_1_248' title='bbox 471 2315 870 2359; x_wconf 82' lang='lat' dir='ltr'>Atheniensium,</span> <span class='ocrx_word' id='word_1_249' title='bbox 940 2319 1164 2362; x_wconf 86' lang='lat' dir='ltr'>quantum</span> <span class='ocrx_word' id='word_1_250' title='bbox 1227 2316 1442 2360; x_wconf 80' lang='lat' dir='ltr'>poterat,</span> <span class='ocrx_word' id='word_1_251' title='bbox 1505 2308 1681 2358; x_wconf 84' lang='lat' dir='ltr'>gratiis</span> 
     </span>
    </p>
   </div>
   <div class='ocr_carea' id='block_1_3' title="bbox 299 2486 1683 2658">
    <p class='ocr_par' dir='ltr' id='par_1_5' title="bbox 299 2486 1683 2658">
     <span class='ocr_line' id='line_1_32' title="bbox 299 2486 1680 2536; baseline -0.007 -12"><span class='ocrx_word' id='word_1_252' title='bbox 299 2491 332 2536; x_wconf 89' lang='lat'>¹)</span> <span class='ocrx_word' id='word_1_253' title='bbox 365 2493 450 2534; x_wconf 80' lang='lat' dir='ltr'>Cap.</span> <span class='ocrx_word' id='word_1_254' title='bbox 478 2497 532 2532; x_wconf 78' lang='lat'>20,</span> <span class='ocrx_word' id='word_1_255' title='bbox 560 2496 578 2522; x_wconf 85' lang='lat'><strong>2</strong></span> <span class='ocrx_word' id='word_1_256' title='bbox 607 2492 818 2523; x_wconf 75' lang='lat' dir='ltr'>scribendum</span> <span class='ocrx_word' id='word_1_257' title='bbox 845 2497 942 2532; x_wconf 87' lang='lat' dir='ltr'>puto:</span> <span class='ocrx_word' id='word_1_258' title='bbox 975 2489 1263 2529; x_wconf 81' lang='lat' dir='ltr'>conscientia,</span> <span class='ocrx_word' id='word_1_259' title='bbox 1302 2488 1395 2517; x_wconf 88' lang='lat' dir='ltr'>dum</span> <span class='ocrx_word' id='word_1_260' title='bbox 1422 2486 1576 2517; x_wconf 87' lang='lat' dir='ltr'>consul</span> <span class='ocrx_word' id='word_1_261' title='bbox 1602 2510 1611 2519; x_wconf 84' lang='lat'>‚</span> <span class='ocrx_word' id='word_1_262' title='bbox 1638 2508 1646 2516; x_wconf 84' lang='lat'><strong>.</strong></span> <span class='ocrx_word' id='word_1_263' title='bbox 1673 2508 1680 2515; x_wconf 97' lang='lat'>.</span> 
     </span>
     <span class='ocr_line' id='line_1_33' title="bbox 368 2547 1682 2595; baseline -0.008 -9"><span class='ocrx_word' id='word_1_264' title='bbox 368 2561 483 2587; x_wconf 82' lang='lat' dir='ltr'>esset</span> <span class='ocrx_word' id='word_1_265' title='bbox 510 2555 584 2595; x_wconf 83' lang='lat' dir='ltr'>(pro</span> <span class='ocrx_word' id='word_1_266' title='bbox 613 2557 691 2591; x_wconf 79' lang='lat' dir='ltr'>est)</span> <span class='ocrx_word' id='word_1_267' title='bbox 712 2558 974 2594; x_wconf 81' lang='lat' dir='ltr'>occupatus,</span> <span class='ocrx_word' id='word_1_268' title='bbox 1001 2549 1393 2592; x_wconf 83' lang='lat' dir='ltr'>depopulatorum.</span> <span class='ocrx_word' id='word_1_269' title='bbox 1421 2571 1428 2578; x_wconf 93' lang='lat'>.</span> <span class='ocrx_word' id='word_1_270' title='bbox 1455 2547 1682 2579; x_wconf 82' lang='lat' dir='ltr'>sociorum.</span> 
     </span>
     <span class='ocr_line' id='line_1_34' title="bbox 369 2608 1683 2658; baseline -0.008 -10"><span class='ocrx_word' id='word_1_271' title='bbox 369 2617 486 2658; x_wconf 81' lang='lat' dir='ltr'>Neque</span> <span class='ocrx_word' id='word_1_272' title='bbox 512 2616 599 2647; x_wconf 84' lang='lat' dir='ltr'>enim</span> <span class='ocrx_word' id='word_1_273' title='bbox 627 2616 668 2645; x_wconf 85' lang='lat' dir='ltr'>ad</span> <span class='ocrx_word' id='word_1_274' title='bbox 695 2615 783 2645; x_wconf 84' lang='lat' dir='ltr'>hanc</span> <span class='ocrx_word' id='word_1_275' title='bbox 809 2612 972 2645; x_wconf 80' lang='lat' dir='ltr'>orationis</span> <span class='ocrx_word' id='word_1_276' title='bbox 998 2617 1030 2642; x_wconf 78' lang='lat' dir='ltr'>et</span> <span class='ocrx_word' id='word_1_277' title='bbox 1054 2610 1228 2643; x_wconf 80' lang='lat' dir='ltr'>sententiae</span> <span class='ocrx_word' id='word_1_278' title='bbox 1251 2609 1405 2647; x_wconf 84' lang='lat' dir='ltr'>sormam,</span> <span class='ocrx_word' id='word_1_279' title='bbox 1431 2618 1505 2649; x_wconf 82' lang='lat' dir='ltr'>quae</span> <span class='ocrx_word' id='word_1_280' title='bbox 1524 2609 1564 2639; x_wconf 88' lang='lat' dir='ltr'>de</span> <span class='ocrx_word' id='word_1_281' title='bbox 1591 2608 1683 2637; x_wconf 90' lang='lat' dir='ltr'>dum</span> 
     </span>
    </p>
   </div>
   <div class='ocr_carea' id='block_1_4' title="bbox 369 2673 1159 2720">
    <p class='ocr_par' dir='ltr' id='par_1_6' title="bbox 369 2673 1159 2720">
     <span class='ocr_line' id='line_1_35' title="bbox 369 2673 1159 2720; baseline -0.009 -11"><span class='ocrx_word' id='word_1_282' title='bbox 369 2678 500 2720; x_wconf 77' lang='lat' dir='ltr'>proprie</span> <span class='ocrx_word' id='word_1_283' title='bbox 525 2676 774 2719; x_wconf 76' lang='lat' dir='ltr'>praecipiuntur‚</span> <span class='ocrx_word' id='word_1_284' title='bbox 804 2675 971 2716; x_wconf 82' lang='lat' dir='ltr'>pertinere</span> <span class='ocrx_word' id='word_1_285' title='bbox 995 2673 1159 2704; x_wconf 83' lang='lat' dir='ltr'>videntur.</span> 
     </span>
    </p>
   </div>
  </div>
 </body>
</html>
