1811 2925
241 149 314 181 Lib.
333 148 501 179 XXXIV.
904 147 980 182 402

244 273 412 318 (urbs),
459 274 493 315 7,
540 272 560 306 3
610 268 812 313 (solum),
859 270 921 313 40,
967 270 987 304 5
1035 269 1235 317 (prope),
1279 268 1459 312 XXXV,
1513 268 1573 312 12,
1621 268 1641 305 8

245 341 486 391 (propter),
506 340 709 384 XXXVI,
732 341 806 384 4,1
842 338 1091 387 (Philippo
1122 344 1165 374 et·
1194 339 1451 375 Ptolemaeo
1471 338 1643 387 AEgyp-

243 414 278 449 ti
309 412 451 460 rege),
484 412 546 456 20,
579 412 600 447 2
634 410 781 457 (dies),
812 409 1035 454 XXXVII,
1073 411 1132 453 11,
1176 411 1197 445 3
1230 409 1304 454 (ad
1344 409 1578 458 Sipylum,
1622 422 1645 445 a

245 482 425 519 Creverio
467 479 719 529 damnatum),
753 482 816 526 30,
851 481 872 516 2
913 479 1178 525 (Rhodios),
1210 480 1274 523 42,
1306 481 1326 516 2
1359 478 1497 528 (alii),
1532 481 1594 525 58,
1623 482 1645 516 4

245 552 409 602 (tanta,
451 565 473 588 a
507 551 628 590 Gron.
663 557 700 587 et
730 549 842 588 CreV.
876 551 1129 593 damnatum).
1142 546 1172 597 ¹)

356 622 450 671 Cap.
471 623 600 665 31,19
635 622 689 668 (in
719 621 891 658 oratione
916 620 1079 657 Nabidis
1110 620 1262 669 tyranni
1292 620 1394 668 apud
1423 621 1458 656 T
1463 650 1471 658 .
1504 620 1645 667 Quinc-

245 695 373 741 tium):
403 693 629 730 Pluribus
658 705 725 728 me
754 691 856 740 ipse
890 691 1049 740 egisse
1080 703 1216 738 quam
1250 703 1334 739 pro
1364 691 1522 738 patrio
1553 703 1646 727 ser-

246 778 383 802 mone
415 762 679 800 brevitatis
709 762 885 799 fateor.
946 761 1008 799 Sic
1027 762 1061 797 B
1084 761 1171 810 (nisi
1195 762 1297 810 quod
1325 760 1428 808 met)
1454 767 1489 796 et
1509 774 1646 798 novem

246 833 617 879 Drakenborehiani,
647 833 839 870 mendose.
910 832 1022 879 Quod
1061 833 1177 881 vulgo
1212 832 1412 868 edebatur:
1450 844 1534 879 pro
1573 844 1648 880 pa-

248 906 349 942 triae
379 917 598 941 sermone
627 903 908 948 brevitatis,
949 903 1158 939 absurdum
1199 909 1298 947 erat3
1336 914 1425 938 nam
1465 901 1649 938 sermonis

247 977 415 1014 brevitas
446 981 502 1011 est
533 975 675 1023 aliqua,
708 985 832 1009 sermo
863 972 1059 1009 brevitatis
1089 973 1223 1010 nullus.
1284 972 1360 1010 Sed
1382 973 1484 1021 quod
1505 973 1650 1021 Kreys-

249 1048 366 1096 sigius
397 1054 433 1083 et·
462 1044 796 1082 Weissenbornius
827 1043 1076 1090 seripserunt:
1114 1056 1200 1091 pro
1227 1043 1387 1091 patrio
1419 1056 1606 1079 sermon
1619 1056 1650 1082 e.

250 1119 390 1155 omisso
421 1116 708 1159 brevitatis,
751 1114 915 1162 primum
957 1126 1031 1149 non
1064 1113 1296 1161 intelligitur,
1338 1114 1438 1149 unde
1467 1114 1540 1150 hoe
1571 1113 1651 1149 eui-

253 1202 366 1238 quam
412 1189 449 1224 in
493 1193 658 1223 mentem
694 1184 840 1221 venerit
885 1184 1036 1228 addere,
1080 1184 1247 1232 genitivo
1292 1184 1500 1232 praesertim
1534 1195 1649 1229 casu:

251 1260 384 1297 deinde
413 1259 506 1295 nihil
535 1263 618 1293 erat
649 1257 687 1292 in
716 1256 799 1303 ipso
830 1268 899 1303 per
922 1267 962 1290 se
983 1254 1162 1290 Doriensi
1190 1260 1226 1290 et
1243 1255 1434 1291 Laconico
1465 1266 1652 1297 sermone,

252 1344 318 1368 eur
363 1343 439 1366 non
483 1328 636 1377 copiose
676 1325 847 1362 homines
890 1326 1146 1373 loquerentur.
1224 1324 1406 1361 Proxime
1441 1325 1490 1360 ad
1519 1337 1652 1360 verum

254 1400 412 1438 accessit
450 1398 633 1443 Roellius,
674 1397 738 1444 qui
782 1395 895 1432 scribi
934 1395 1073 1431 voluit:
1114 1407 1197 1443 pro
1228 1395 1376 1443 patrii
1417 1395 1653 1432 sermonis

254 1472 517 1514 brevitate3
562 1481 695 1504 verum
736 1480 784 1503 ne
831 1467 904 1503 hoe
947 1466 1097 1514 quidem
1129 1470 1229 1501 reete
1258 1465 1412 1510 dieitur,
1457 1465 1541 1502 sed:
1570 1478 1655 1513 pro

255 1541 416 1591 patria
446 1539 683 1577 sermonis
711 1538 968 1574 brevitate.
1041 1536 1214 1573 Patrium
1246 1542 1327 1572 erat
1357 1535 1657 1572 Lacedaemoniis

255 1613 361 1649 brevi
391 1624 565 1648 sermone
602 1606 709 1654 ut.i.‘·³)

368 1682 462 1730 Cap.
498 1682 560 1725 32,
594 1682 614 1716 3
649 1680 704 1723 (in
733 1679 905 1715 orat-ione
939 1679 986 1717 T.
1009 1676 1154 1724 Quintii
1186 1675 1330 1712 Nabidi
1359 1673 1658 1724 respondentis):

257 1754 374 1790 Nam
405 1752 517 1800 quid
549 1752 702 1787 minus
747 1749 1026 1786 conveniret
1066 1758 1201 1794 quam
1245 1758 1342 1789 eos,
1384 1746 1462 1794 qui
1488 1758 1573 1794 pro
1604 1745 1660 1780 li-

286 1995 314 2039 1)
353 1998 433 2039 Cap.
471 2000 524 2027 23.
563 1998 580 2025 6
617 1992 845 2033 (Philippi)
881 1996 913 2021 et
951 1994 1004 2027 26,
1045 1993 1062 2020 ὃ
1101 1990 1155 2029 (et
1180 1987 1458 2028 Aristaenum)
1496 1993 1528 2018 et
1558 1990 1611 2018 28.
1643 1991 1660 2017 ἓ

354 2058 642 2101 (descensum)
669 2054 725 2086 W.
753 2055 787 2084 in
813 2053 918 2083 altera
944 2052 1088 2082 editione
1114 2061 1192 2081 vera
1219 2055 1352 2081 secutus
1381 2055 1440 2081 est.
1493 2048 1539 2085 (A
1553 2048 1661 2080 Sella-

355 2121 404 2152 sia
429 2120 583 2160 Spartam
611 2116 789 2153 deseendi,
822 2125 889 2145 non
916 2114 1061 2149 ascendi,
1089 2113 1267 2142 admonere
1297 2116 1428 2152 poterat
1454 2109 1567 2141 Oenus
1594 2119 1667 2139 am-

356 2183 407 2213 nis
433 2187 552 2223 preater
579 2179 760 2211 Sellasiam
788 2178 822 2207 in
848 2176 1011 2206 Eurotam
1045 2173 1223 2214 defluens.)

291 2241 319 2282 ⁹)
359 2244 443 2284 Cap.
469 2246 523 2280 30,
552 2246 569 2272 2
602 2252 678 2272 eum
703 2238 1002 2271 Drakenborchius
1029 2236 1238 2267 scribendum
1266 2239 1332 2265 estz
1364 2233 1599 2271 Postquam
1625 2230 1665 2260 id

359 2314 527 2346 quoque
558 2303 767 2334 traditum
800 2300 1005 2332 Romanis
1044 2297 1210 2328 audivit
1246 2305 1339 2326 esse
1377 2301 1419 2325 et
1455 2294 1534 2334 (hoe
1567 2292 1667 2330 vulgo

360 2367 480 2406 abest),
521 2376 645 2405 quum
670 2365 718 2394 ab
746 2368 884 2399 terra,
923 2361 1118 2391 omnibus
1149 2359 1264 2389 circa
1292 2355 1515 2389 hostibus,
1559 2352 1668 2383 nihil

361 2430 450 2470 spei
477 2433 609 2465 esset,
649 2425 796 2457 amari
835 2432 1002 2463 quoque
1042 2427 1133 2451 tot-o
1181 2430 1222 2451 se
1260 2416 1570 2449 interclusum,
1610 2424 1669 2444 ee-

362 2491 541 2521 dendum
564 2488 748 2519 fortunae
775 2491 899 2516 ratus
921 2490 983 2514 eet.
1035 2482 1129 2513 Nihil
1155 2482 1290 2513 omnino
1315 2479 1387 2510 duri
1412 2478 1516 2508 habet
1540 2475 1670 2506 omni-

362 2553 439 2583 bus
489 2550 604 2581 circa
645 2548 848 2579 hostibus
900 2556 977 2587 pro:
1032 2543 1144 2584 quod
1188 2551 1326 2572 omnes
1364 2540 1480 2570 circa
1520 2538 1671 2568 hostes

364 2618 504 2650 erant;
540 2612 597 2641 vix
634 2611 748 2641 credas
781 2609 935 2649 cuiquam
969 2607 1001 2636 in
1035 2610 1182 2635 mentem
1214 2603 1353 2639 venisse,
1390 2601 1437 2632 sie
1475 2600 1538 2630 hoe
1565 2598 1673 2638 accipi

363 2683 480 2715 posse:
508 2682 628 2711 quum
656 2670 796 2701 omnia
821 2669 1021 2699 hostibus
1049 2671 1203 2697 essent.
