1811 2925
806 152 871 187 171
1302 150 1377 181 Lib.
1406 151 1504 184 VIII.

243 273 338 323 Cap.
374 276 437 315 30„
476 275 541 309 11:
574 272 732 309 Misso
764 273 931 320 itaque
962 278 1130 308 senatu
1172 272 1233 318 (L.
1258 274 1441 322 Papirius
1472 275 1552 311 dic-

131 351 246 390 tator,
279 358 395 393 quum
428 343 650 392 accepisset,
681 344 728 390 Q.
752 343 916 379 Fabium
947 342 1174 390 magistrum
1208 344 1378 391 equitum
1409 358 1449 382 sc
1480 348 1551 383 ab-

131 422 237 452 sente
268 428 353 452 cum
377 414 551 452 hostibus
569 413 791 462 pugnasse),
822 425 869 449 se
901 425 956 449 ex
987 413 1122 449 curia
1151 414 1419 463 proripuit,
1451 422 1550 453 tum

129 499 244 522 vero
289 499 379 522 non
421 485 711 522 Samnitium
753 484 908 532 magis
952 484 1170 532 legiones
1217 496 1354 532 quam
1402 487 1550 523 maie-

130 563 304 593 statem
335 555 648 593 dietat-oriam
688 560 733 591 et
763 554 1077 604 disciplinam
1115 554 1374 592 militarem
1408 570 1430 593 a
1461 571 1550 594 ma-

130 627 286 676 gistro
318 627 535 675 equitum
565 626 744 662 victam
775 633 818 663 et
839 637 1058 662 eversam
1088 626 1333 662 dictitans.
1376 629 1549 666 Pravum

131 706 186 735 est
217 704 313 734 tum
344 711 475 734 vcro.
506 697 607 746 quod
640 697 840 745 significan
872 697 947 733 iam
980 703 1068 733 ante
1099 697 1174 733 alia
1194 698 1418 746 amagistro
1442 700 1549 748 equi-

129 775 208 806 tum
241 769 380 805 delicta
410 780 504 813 csse,
537 764 675 816 quibus
706 769 778 804 hoc
809 768 982 804 ultimum
1013 780 1082 803 nec
1112 767 1188 804 iam
1221 768 1320 805 ultra
1350 769 1548 806 ferendum

132 839 314 883 accedat7
338 839 551 875 cuiusmodi
579 838 672 874 nihil
716 838 876 886 intelligi
907 837 1008 874 Livii
1040 838 1212 874 narratio
1244 839 1343 876 sinit.
1410 841 1550 888 Itaque

129 923 205 947 non
245 924 268 946 a
298 910 481 958 temporis
523 909 711 958 particula
748 909 929 957 Papirius
973 909 1185 945 orationem
1231 911 1383 947 ordiens
1422 912 1549 948 induci

131 982 245 1018 debet
276 982 427 1028 (Nunc
457 983 611 1025 vero),
642 979 709 1015 sed
740 979 788 1015 ab
822 992 889 1022 ca„
921 991 1005 1027 quae
1035 992 1194 1027 gravem
1225 982 1339 1017 habet
1378 981 1547 1018 affirma-

128 1053 270 1089 tionem
299 1065 385 1089 cum
419 1052 474 1088 rei
503 1051 667 1100 indignae
687 1049 966 1098 significatione
1000 1050 1261 1087 coniunctam:
1295 1053 1547 1092 Enimvero

128 1136 219 1160 non
251 1123 537 1161 Samnitium
568 1121 720 1170 magis
749 1121 970 1169 legiones
1005 1127 1097 1165 cet„
1130 1123 1325 1169 quomodo
1358 1122 1394 1158 in
1426 1123 1547 1160 tribus

128 1194 230 1243 apud
262 1192 623 1230 Drakenborchium
663 1191 857 1228 codicibus
888 1203 988 1240 saepe
1019 1192 1068 1227 ab
1102 1192 1256 1228 homine
1286 1205 1363 1229 non
1392 1193 1547 1230 indocto

127 1264 367 1313 interpolatis
413 1263 539 1311 (Harl.
577 1265 618 1308 2„
661 1265 782 1307 Port„
807 1264 991 1309 Haverc.)
1026 1263 1217 1299 scribitur.
1298 1263 1544 1312 Quamquam

126 1334 470 1371 Drakenborchius
499 1335 587 1370 huic
618 1333 815 1382 particulae
849 1333 909 1370 hic
939 1333 1065 1370 locum
1083 1346 1166 1371 csse
1181 1342 1309 1383 negat,
1325 1346 1437 1382 quem
1455 1335 1548 1371 satis

128 1404 313 1449 refellerit,
346 1418 430 1454 quae
462 1406 639 1442 Handius
668 1406 706 1441 in
738 1405 945 1441 Tui-sellini
974 1404 1050 1441 vol.
1074 1406 1258 1453 11p.405
1293 1411 1328 1441 et
1362 1408 1436 1442 407
1471 1406 1549 1442 col-

124 1477 235 1526 legit;
267 1477 357 1513 addi
387 1477 468 1512 eius
499 1476 684 1525 exemplis
716 1477 795 1512 haec
809 1482 989 1524 possunt:
1008 1476 1169 1524 XXIV,
1186 1478 1248 1520 31,
1267 1476 1547 1521 1‚XXVI,3S,

127 1547 507 1592 9‚XXV11,30‚14.
560 1548 679 1583 Tum
713 1560 782 1595 pro
814 1546 934 1582 enim
966 1553 1090 1583 ortum
1123 1554 1191 1589 cst,
1236 1547 1339 1594 quod
1374 1554 1388 1583 t
1419 1547 1547 1584 littera

126 1630 174 1654 ex
206 1618 435 1666 praecedcnti
465 1619 584 1654 verbo
616 1618 775 1653 adhaesit
799 1617 1026 1666 compendio
1058 1618 1268 1666 particulae.
1330 1618 1546 1665 (Adiuncta

124 1689 309 1738 temporis
340 1695 377 1725 et
405 1694 562 1724 mutatae
595 1694 661 1724 aut
689 1687 847 1724 ulterius
877 1701 1090 1737 progressae
1120 1689 1175 1725 rei
1204 1688 1414 1733 notatione,
1444 1697 1547 1726 recte

126 1759 264 1796 dicitur
293 1766 386 1796 tum
419 1759 543 1795 enim
575 1772 713 1802 vero,
745 1759 990 1796 enimvero
1021 1766 1115 1796 tum
1145 1760 1250 1796 velut
1279 1759 1366 1804 IX,
1399 1761 1475 1805 26,
1508 1761 1544 1804 3,

125 1832 179 1877 Χ,
212 1832 275 1875 35,
314 1831 372 1874 13,
402 1830 540 1869 XXV,
577 1831 636 1874 18,
670 1832 713 1874 ὃς
747 1831 814 1866 sed
845 1843 890 1865 ea
923 1830 1164 1879 significatio,
1198 1837 1237 1866 ut
1268 1830 1360 1875 dixi„
1392 1832 1440 1867 ab
1472 1832 1546 1868 hoc

124 1902 210 1938 loco
242 1901 356 1950 plane
386 1900 511 1936 aliena
542 1897 671 1949 est.)¹)

237 1970 333 2020 Cap.
369 1973 432 2015 34,
464 1972 485 2006 9
517 1971 570 2017 (ἰη
602 1971 749 2020 Papirii
779 1972 977 2008 dictatoris
1010 1972 1185 2008 oratione
1216 1979 1352 2009 contra
1383 1971 1429 2019 Q.
1464 1973 1540 2008 Fa-

126 2042 232 2079 bium
258 2040 500 2091 niag.equ.):
537 2055 673 2090 quum
697 2043 948 2079 —milites
969 2044 1345 2079 —immemores
1371 2055 1543 2079 sacra-

124 2112 273 2148 menti
303 2112 508 2149 licentia
538 2113 643 2150 sola
670 2126 728 2157 se,
760 2113 840 2150 ubi
870 2113 1036 2158 velint,
1068 2120 1405 2150 exauctorent.
1467 2113 1543 2158 Sic,

126 2183 449 2231 quemadmodum
490 2183 607 2231 vulgo
649 2184 795 2229 editur,
832 2185 870 2220 in
903 2184 944 2220 M
976 2184 1157 2233 scriptum
1190 2191 1270 2228 est,
1316 2197 1385 2220 nec
1415 2185 1545 2233 magni

126 2254 308 2290 momenti
340 2266 422 2290 esse
452 2255 652 2290 videntur.
694 2267 778 2303 quae
810 2255 847 2290 in
878 2254 1034 2301 reliquis
1065 2254 1261 2290 codicibus
1292 2254 1445 2291 variant
1479 2255 1544 2303 (1³,

151 2495 184 2539 ¹)
228 2498 310 2541 Cap.
338 2503 400 2537 32,
442 2504 478 2531 11
515 2508 603 2532 recte
629 2501 853 2542 Tanaquillus
878 2501 1005 2532 Faber:
1048 2502 1237 2533 tumultu
1264 2503 1342 2534 iam
1371 2504 1543 2534 contio-

220 2571 311 2592 nem
338 2563 592 2600 miscentes3
618 2562 697 2593 indc
723 2562 861 2600 factum,
889 2563 992 2594 semel
1019 2563 1146 2603 scripto
1173 2574 1212 2600 m,
1240 2565 1432 2596 tumultu
1459 2566 1543 2596 iam

220 2624 442 2660 contione,
478 2623 598 2655 deinde
632 2625 864 2656 tumultum
899 2625 981 2655 iam
1013 2625 1052 2655 in
1083 2625 1300 2660 contione.
1365 2627 1447 2658 Loci
1484 2626 1543 2657 illa

219 2684 421 2724 significatio
447 2685 505 2725 (in
531 2684 659 2725 cont.)
686 2685 809 2726 frigida
834 2692 884 2717 est
909 2691 942 2717 ct
967 2686 1158 2728 subinepta.
