1811 2925
282 115 357 146 Lib.
384 113 486 145 VIII.
911 115 985 151 160

347 237 442 287 Cap.
476 239 498 275 8
521 242 617 273 extr.
677 236 783 273 Fieri
814 240 955 284 potest,
983 241 1026 271 ut
1054 248 1223 273 errorem
1256 237 1369 273 Livio
1400 236 1656 285 antiquiorem

236 322 306 347 nec
333 309 373 346 in
404 308 506 345 Livii
534 307 664 344 verbis
702 307 817 344 situm
845 305 1051 354 attingam3
1094 307 1163 344 sed
1193 307 1450 356 suspicionem
1481 319 1657 355 premere

329 495 393 526 que
425 485 516 516 enim
548 485 729 516 verborum
765 485 1000 516 emendatione
1035 485 1216 516 admodum
1251 491 1344 526 eget,
1381 485 1439 516 sed
1474 490 1593 526 aperta
1626 489 1659 515 et

329 547 473 588 simplici
501 547 742 585 declaratione,
777 557 843 587 qua
869 546 1001 577 ratione
1026 545 1152 584 Livius,
1179 556 1276 587 quem
1304 557 1324 578 a
1349 553 1497 578 veterum
1524 547 1659 577 institu-

328 614 439 640 torum
466 614 499 640 et
526 609 796 650 perscrutatione
829 609 983 649 diligenti
1018 614 1052 639 et
1087 608 1314 648 intelligentia
1346 609 1449 649 longe
1491 614 1657 640 remotum

328 670 434 703 fuisse
461 672 617 702 novimus
650 676 682 702 et
714 671 748 701 in
772 670 966 702 huiusmodi
1002 671 1103 702 rebus
1132 671 1346 712 explicandis
1371 671 1481 710 magis
1509 671 1658 702 colorem

329 734 495 775 quendam
520 733 718 771 vetustatis,
765 733 904 764 summis
947 743 1058 764 rerum
1085 733 1267 774 perleviter
1292 733 1472 769 delibatis,
1503 738 1658 773 captasse

331 806 432 837 quam
457 796 670 837 perspicuam
699 801 894 836 certamque
928 796 1113 836 imaginem
1151 799 1209 825 aut
1235 794 1350 825 animo
1385 795 1494 835 ipsum
1519 795 1659 826 finxisse

331 863 389 888 aut
419 858 596 888 scribendo
623 857 842 898 expressisse,
863 859 897 889 in
925 868 965 889 ea
989 857 1156 895 inciderit,
1186 866 1261 896 quae
1290 857 1444 888 codicum
1473 866 1660 888 consensus

332 925 364 950 et
389 919 553 950 orationis
580 924 677 950 tenor
702 929 763 961 per
789 930 823 952 se
851 920 961 951 bonus
994 925 1028 950 et
1052 920 1266 960 incorruptus
1293 928 1369 949 eum
1395 919 1572 960 scripsisse
1601 919 1660 950 de-

332 988 529 1013 monstrant.
586 981 739 1012 Primum
773 981 875 1021 igitur
912 980 1148 1023 manipulatim
1178 986 1340 1012 structam
1367 981 1474 1011 aciem
1510 986 1543 1011 et
1569 980 1659 1011 ordi-

330 1053 389 1075 nes
415 1044 597 1078 instructos
623 1052 787 1086 tanquam
814 1046 881 1076 duo
908 1050 939 1075 et
966 1044 1097 1075 diversa
1123 1043 1310 1084 separavit,
1354 1052 1458 1082 quum
1490 1042 1659 1074 centurias

332 1111 364 1137 et
389 1107 526 1138 ordines
553 1108 587 1138 iu
615 1108 808 1149 manipulos
835 1106 999 1138 conflatos
1024 1106 1179 1146 legissem
1214 1106 1335 1136 deinde
1363 1104 1529 1135 centurias
1550 1103 1660 1144 (ordi-

331 1168 410 1209 nes)
436 1174 469 1200 et
496 1170 689 1212 manipulos
716 1181 834 1212 parum
863 1168 1035 1205 distinxit3
1064 1169 1289 1199 centuriarum
1318 1167 1406 1198 enim
1433 1175 1576 1196 numero
1595 1167 1658 1197 mi-

332 1230 428 1261 litum
454 1232 564 1272 posito
592 1232 681 1272 (60),
709 1232 808 1263 binos
834 1231 964 1261 addidit
985 1230 1210 1268 centuriones,
1237 1230 1294 1270 qui
1310 1229 1344 1260 in
1362 1228 1540 1269 manipulo
1563 1232 1660 1259 erant

331 1293 382 1332 [in
409 1294 570 1324 centuriis
597 1292 753 1333 singuli),
780 1293 1030 1334 manipulisque
1057 1293 1194 1323 vicenos
1220 1291 1301 1322 levis
1328 1297 1508 1322 armaturae
1534 1291 1658 1322 milites

332 1355 528 1397 assignavit,
556 1363 637 1396 quot
663 1356 697 1386 in
724 1356 876 1386 centuria
902 1355 1005 1386 fuisse
1023 1355 1187 1395 Polybius
1207 1354 1332 1391 scribit,
1351 1362 1413 1383 nec
1440 1353 1540 1391 cavit,
1567 1353 1659 1393 quod

331 1415 493 1457 Polybius
508 1418 689 1458 diligenter
713 1417 806 1456 facit,
833 1423 869 1448 ut
896 1418 928 1448 hi
948 1424 1043 1447 extra
1057 1420 1098 1447 60
1114 1417 1267 1447 hastatos
1291 1415 1528 1457 principesque
1556 1415 1658 1456 ipsos,

332 1479 388 1519 qui
415 1479 447 1509 in
475 1481 625 1510 centuria
652 1485 773 1516 essent,
791 1485 1069 1517 numerarentur-3
1096 1479 1260 1519 manipuli
1289 1479 1392 1509 totius
1419 1487 1598 1508 numerum
1614 1477 1660 1508 ita

333 1540 456 1579 omisit,
484 1547 520 1572 ut
547 1552 621 1572 cum
649 1542 809 1573 centuriae
837 1550 978 1572 numero
1006 1539 1197 1571 confudisse
1222 1541 1386 1571 rideatur.
1453 1540 1531 1571 Una
1556 1539 1658 1570 relin-

334 1603 449 1642 quitur
475 1604 509 1634 in
536 1604 599 1634 hac
625 1610 719 1646 parte
746 1604 932 1641 dubitatio,
960 1603 1049 1633 unde
1079 1606 1117 1633 15
1146 1602 1338 1643 manipulos
1363 1602 1587 1640 hastatorum,
1618 1605 1656 1632 15

333 1665 524 1706 principum
551 1668 729 1708 acceperit,
760 1668 808 1698 ita
833 1672 870 1697 ut
896 1676 939 1696 ex
957 1669 1018 1703 30,
1045 1665 1102 1705 qui
1128 1674 1288 1695 numerus
1314 1664 1565 1705 manipulorum
1592 1664 1657 1694 iam

332 1727 575 1766 antiquissima}
603 1729 747 1769 legionis
769 1735 880 1760 certus
907 1738 982 1759 esse
1003 1727 1146 1768 videtur,
1167 1727 1249 1758 nulli
1269 1727 1394 1758 triariis
1414 1726 1659 1767 relinquantur.

332 1787 520 1820 Numerum
555 1791 804 1832 manipulorum
842 1791 942 1822 totius
977 1789 1122 1830 legionis
1165 1788 1207 1818 ad
1242 1788 1394 1819 hastatos
1420 1789 1659 1829 principesque

332 1853 447 1882 nescio
480 1862 546 1891 quo
580 1862 691 1883 errore
726 1853 928 1884 translatum
965 1851 1068 1891 (quod
1100 1851 1134 1881 in
1161 1849 1285 1880 triariis
1312 1849 1376 1880 alia
1403 1856 1473 1880 erat
1500 1850 1659 1880 centuriae

330 1913 434 1954 ipsius
470 1919 502 1944 et
528 1914 693 1955 manipuli
719 1915 915 1956 descriptio)
947 1915 1034 1944 inter
1068 1923 1125 1944 eos
1156 1912 1307 1942 divisisse
1334 1911 1475 1942 videtur.
1528 1911 1659 1942 Deinde

331 1982 442 2006 autem
470 1975 505 2006 in
530 1976 653 2007 triariis
683 1977 925 2015 describendis,
951 1976 985 2006 in
1012 1985 1080 2015 qua
1104 1980 1199 2015 parte
1216 1973 1363 2004 maxime
1381 1973 1568 2008 laboratur,
1585 1982 1660 2003 ma-

331 2036 456 2068 nifesto
486 2049 548 2080 pro
575 2048 642 2069 uno
669 2039 793 2070 vexillo
825 2037 1034 2079 (manipulo)
1062 2038 1124 2067 tria
1151 2046 1277 2076 genera
1298 2035 1441 2066 militum
1461 2035 1657 2072 continenti,

330 2100 463 2131 triarios
502 2101 607 2142 ipsos,
634 2101 794 2139 rorarios,
822 2110 994 2137 accensos,
1017 2099 1192 2130 substituit
1223 2097 1434 2139 manipulum
1459 2098 1572 2138 (quem
1605 2106 1660 2127 or-

331 2162 444 2193 dinem
481 2163 630 2202 rocavit)
658 2163 721 2194 tria
753 2162 878 2193 vexilla
905 2162 1133 2192 continentem
1161 2166 1193 2191 et
1217 2160 1269 2191 his
1296 2160 1404 2190 tribus
1431 2158 1564 2189 vexillis
1590 2157 1660 2189 sin-

331 2223 419 2263 gulis
444 2223 580 2264 plenum
608 2225 769 2256 centuriae
796 2234 973 2255 numerum
1001 2223 1103 2254 dedit.
1153 2223 1182 2254 E
1199 2221 1333 2262 Polybii
1363 2220 1590 2261 descriptione
1608 2219 1659 2249 in-

331 2285 503 2325 telligitur,
530 2287 601 2318 eius
627 2293 727 2317 aetate
753 2287 942 2317 triariorum
970 2284 1223 2325 manipulos
1251 2284 1393 2314 eundem
1412 2282 1571 2313 habuisse
1595 2291 1659 2311 nu·

331 2358 478 2386 merum,
507 2349 563 2389 qui
590 2349 623 2379 in
650 2349 792 2380 hastatis
823 2348 1098 2390 principibusque
1128 2346 1432 2377 centuriarum
1461 2349 1566 2381 esset,
1594 2342 1658 2373 nisi

331 2410 424 2450 quod
450 2410 568 2441 velites
596 2411 697 2441 etiam
725 2410 760 2440 in
786 2409 909 2440 triariis
924 2408 1133 2450 quadrageni
1153 2413 1275 2445 essent,
1294 2411 1376 2448 quot
1394 2406 1427 2435 in
1446 2405 1657 2435 hastatorum

331 2473 590 2514 principumque
617 2471 797 2513 manipulis
827 2470 890 2510 (20
916 2471 950 2500 in
978 2469 1166 2511 centuriis),
1234 2469 1347 2500 Unum
1381 2473 1431 2498 est
1458 2472 1575 2498 contra
1601 2476 1658 2497 eo-

331 2534 422 2565 dices
448 2534 709 2571 emendandum,
735 2538 772 2564 ut
798 2532 936 2563 tollatur
960 2532 1168 2573 primum,
1212 2532 1303 2572 quod
1330 2535 1407 2561 ante
1434 2529 1571 2570 pilum
1597 2538 1657 2570 po-

332 2596 437 2634 nitur;
471 2596 650 2638 primum
686 2595 820 2636 pilum
857 2594 985 2625 librarii
1012 2598 1155 2632 norant,
1182 2593 1316 2634 pilum
1344 2591 1502 2622 absolute
1529 2591 1571 2621 de
1597 2600 1657 2620 nu·

335 2668 427 2689 mero
459 2657 601 2689 militum
633 2657 778 2697 positum
818 2656 1042 2696 ignorabant,
1080 2661 1211 2693 cetera,
1255 2653 1369 2695 qualia
1411 2654 1444 2683 in
1485 2651 1658 2683 codicibus
