1811 2925
813 150 887 185 ’251
1294 145 1371 177 Lib.
1394 145 1509 176 ΧΧΙΙ.

151 278 248 315 Lov.
281 278 318 321 2,
351 276 387 320 3,
421 276 461 316 4)
498 285 575 310 non
603 284 745 321 pares
792 272 981 315 scribitur,
1031 270 1096 307 sed
1141 282 1307 318 parum
1353 270 1407 316 (in
1437 269 1558 305 tribus

151 346 405 385 deterioribus
435 350 550 392 par).
630 344 759 391 Atque
806 345 903 380 hanc
945 343 1067 391 ipsam
1111 340 1338 389 scripturam
1372 339 1557 387 quemad-

151 418 308 455 modum
326 414 569 454 Alskefskius
597 422 758 452 enarret.
796 416 910 464 legat,
943 413 1007 462 qui
1035 418 1100 449 aut
1119 411 1241 447 ridere
1261 417 1325 446 aut
1342 409 1562 458 philologiae

153 487 371 525 huiusmodi
401 485 705 522 attrectationem
748 484 927 534 patientis
958 482 1128 520 misereri
1158 481 1249 518 velit
1263 478 1314 529 ¹);
1359 481 1463 518 nulla
1502 487 1559 517 est

153 559 252 596 enim
297 557 492 595 sententiae
535 569 582 592 ne
626 556 772 605 species
818 555 982 604 quidem.
1059 554 1135 592 Sed
1180 552 1366 589 efficietur
1411 565 1458 589 ex
1502 552 1560 588 his

152 629 335 678 vestigiis,
378 640 455 664 una
497 628 624 664 littera
667 627 819 671 addita,
865 625 999 662 ceteris
1043 631 1145 662 recte
1188 624 1333 669 divisis,
1374 622 1561 660 sententia

155 701 330 740 omnibus
358 699 524 736 numeris
557 698 734 735 absoluta
767 704 801 733 et
819 697 873 733 rei
907 701 1018 745 apta:
1051 702 1220 733 coorta
1250 702 1320 731 est
1350 694 1560 743 peditum

154 783 334 820 pugna,
378 770 530 819 primo
577 776 621 805 et
664 768 851 805 viribus
883 774 927 804 et
959 767 1130 804 animis
1160 779 1266 817 par,
1314 767 1413 806 dum
1452 777 1561 802 con—

153 843 350 879 stabant
393 841 586 878 ordines
633 839 794 878 Gallis
840 838 1193 886 Hispanisque3
1238 837 1429 873 tandem
1470 837 1561 872 Ro-

155 913 280 949 mani
315 919 386 948 cet.
454 912 647 959 Quamdiu
678 911 830 947 ordines
861 909 1064 947 Gallorum
1095 909 1435 957 Hispanorumque
1465 904 1564 940 inte-

154 983 211 1032 gri
240 983 506 1027 servabantur,
537 995 647 1030 aequa
676 983 817 1018 virtute
853 987 1063 1029 pugnatum
1093 987 1168 1024 est;
1199 978 1266 1014 sed
1300 975 1452 1012 tandem
1483 975 1563 1011 Ro-

155 1054 278 1090 manis
309 1053 487 1102 contigit,
529 1060 569 1089 ut
611 1065 769 1089 cuneum
808 1052 975 1088 hostium
1012 1050 1291 1099 persi-ingerent
1335 1046 1566 1093 ordinesque

155 1121 485 1175 perturbarent.'·')
564 1123 610 1160 Id
655 1130 782 1159 autem
814 1122 979 1159 Romani
1010 1120 1217 1158 effecerunt
1247 1132 1335 1160 non,
1377 1125 1417 1154 ut
1446 1116 1562 1164 vulgo

155 1195 202 1232 de
233 1195 423 1233 Gronovii
452 1195 671 1231 coniectura
708 1193 906 1230 scribitur:
950 1205 1080 1241 aequa
1116 1191 1276 1227 fronte
1318 1190 1565 1235 densaque

156 1267 258 1303 acie
298 1268 365 1314 (—
395 1265 489 1302 nihil
519 1266 617 1302 enim
647 1265 771 1301 minus
817 1264 864 1300 ad
895 1276 1054 1299 cuneum
1087 1260 1398 1311 perfringendum
1432 1265 1562 1307 aptum

157 1344 213 1374 est
261 1349 376 1385 quam
423 1350 534 1386 aequa
579 1336 698 1381 frons,
753 1348 836 1383 quae
881 1335 1093 1383 perexigua
1135 1339 1246 1382 parte
1289 1331 1414 1380 ipsum
1450 1335 1565 1378 caput

156 1404 278 1451 cunei,
308 1408 540 1456 praecipuum
558 1408 688 1452 robur,
719 1406 870 1454 attingit
890 1404 969 1454 —)‚
1000 1406 1067 1441 sed
1098 1403 1304 1451 obliqua
1333 1401 1493 1438 fronte
1526 1399 1564 1436 in

157 1479 319 1515 alterum
360 1479 459 1515 latus
501 1479 609 1515 cunei
653 1476 902 1527 prominentis
942 1475 1222 1516 incumbentes;
1282 1481 1319 1510 et·
1368 1472 1566 1519 obliqua

157 1549 317 1586 fronte
370 1550 484 1586 scribi
527 1549 678 1598 Lipsius
730 1548 907 1584 voluerat
948 1547 1123 1595 proxime
1170 1545 1344 1582 codicum
1386 1541 1569 1590 vestigia3

158 1633 245 1656 nam
273 1621 311 1656 in
343 1622 376 1657 P
408 1634 431 1656 a
465 1633 579 1656 manu
610 1633 668 1668 pr.
704 1625 759 1656 cst
802 1631 924 1667 saepe
965 1616 1283 1664 consiliaequa
1323 1614 1501 1657 fronte,
1545 1625 1568 1648 a

158 1704 273 1728 manu
304 1704 377 1730 sec.
413 1705 434 1730 o
465 1703 583 1739 supra
615 1703 645 1730 ae
675 1690 855 1738 positum,
887 1689 973 1725 inde
994 1688 1032 1724 in
1061 1687 1196 1724 ceteris
1214 1686 1323 1722 bonis
1341 1682 1567 1734 (CMCant.)

159 1763 299 1812 quique
343 1763 387 1799 iis
430 1764 466 1799 h.
509 1762 532 1798 l.
564 1762 780 1801 adhaerent,
828 1773 956 1808 saepe
1000 1757 1331 1804 consilioqua2
1375 1756 1448 1792 hoe
1493 1762 1567 1790 cst:

158 1834 316 1871 conisi
348 1834 536 1882 oliqua;
579 1833 767 1868 intercidit
798 1845 873 1868 una
904 1831 1029 1867 littera
1061 1830 1094 1868 b.
1154 1828 1295 1864 Paucis
1324 1834 1413 1876 post
1440 1825 1568 1861 verbis

156 1911 258 1942 recte
289 1904 513 1942 Gronovius
543 1903 657 1940 scribi
687 1903 807 1940 voluit
849 1902 1075 1938 institere
1116 1912 1188 1949 pro
1218 1899 1473 1941 insistere;
1512 1897 1570 1932 in-

156 1975 324 2012 finitivus
354 1974 556 2011 historicus
586 1974 625 2010 in
656 1974 728 2011 hac
759 1973 856 2010 serie
887 1972 1138 2021 (impulere
1179 2001 1187 2008 .
1206 1999 1215 2009 .
1254 1969 1485 2006 insistere
1523 1996 1560 2005 ..

184 2187 210 2229 1)
245 2189 428 2222 Ordines
459 2190 531 2220 vult
557 2199 628 2221 esse
654 2190 902 2227 Romanorum,
942 2189 998 2228 qui
1032 2188 1181 2218 nondum
1218 2185 1382 2217 nominati
1417 2190 1497 2215 sunt
1535 2190 1568 2214 et

251 2253 294 2283 ad
329 2263 413 2294 quos
445 2253 650 2294 apertissime
682 2252 844 2283 transitur
876 2251 909 2281 in
935 2250 1097 2291 proximis
1123 2248 1235 2279 verbis
1263 2248 1452 2289 (tandem
1486 2246 1569 2277 Ro-

253 2315 397 2354 [κωπῆς
425 2315 592 2346 viribus
629 2321 831 2345 constare
869 2311 1011 2344 Gallis
1052 2312 1291 2352 interpretatur
1317 2310 1462 2342 Gallis
1495 2319 1569 2350 pa-

254 2386 321 2408 res
353 2386 465 2414 csse3
499 2377 546 2407 ita
578 2376 666 2407 hane
698 2375 897 2407 sententiam
932 2372 1033 2404 efficit
1069 2378 1101 2404 et
1136 2373 1225 2404 hunc
1261 2372 1464 2403 narrationis
1490 2381 1568 2412 pro-

253 2447 421 2478 gressum:
457 2438 574 2469 Primo
603 2437 780 2479 (Romani)
808 2435 918 2467 Gallis
945 2445 1053 2475 neque
1079 2435 1206 2466 viribus
1235 2443 1344 2474 neque
1365 2433 1484 2464 animis
1509 2443 1570 2473 pa·

253 2510 306 2532 res
333 2507 447 2539 erant3
477 2501 611 2531 tandem
642 2499 786 2531 Romani
814 2508 872 2529 cos
898 2498 1058 2529 vicerunt.
1109 2496 1315 2528 Laudandus
1341 2505 1420 2526 vero
1439 2495 1570 2531 Livius,

254 2563 343 2604 quod
369 2563 552 2603 aliquando
577 2562 726 2592 modeste
751 2561 792 2591 de
819 2560 948 2591 civibus
974 2559 1042 2590 suis
1067 2558 1237 2600 loquitur!

182 2620 218 2665 ³)
253 2627 347 2657 Hanc
376 2634 511 2666 quoque
537 2624 807 2655 emendationem
843 2621 897 2652 W.
934 2621 967 2652 in
994 2627 1153 2652 contextu
1178 2621 1302 2663 posuit,
1337 2628 1439 2660 quum
1470 2624 1570 2648 antea

255 2686 322 2717 alia
349 2692 521 2719 tentasset.
