1811 2925
755 159 827 195 197
1302 156 1377 188 Lib.
1403 156 1448 188 X.

83 282 243 318 deorum
285 288 388 317 metu
419 281 602 317 attonitos
633 282 789 318 tenebat
825 293 894 317 nec
925 291 1011 316 cum
1041 280 1143 315 bona
1170 291 1239 328 spe
1269 279 1417 316 alacres
1451 280 1500 316 ad

83 351 334 400 pugnandum
364 350 532 387 faciebat
562 350 598 397 (ξ
631 353 691 397 4),
731 351 845 399 longe
885 351 934 387 ab
974 350 1146 398 ipsorum
1185 349 1344 386 deorum
1375 349 1413 385 vi
1443 349 1504 386 di-

84 433 197 458 versa
227 429 296 460 est.
359 420 466 457 Deos
495 421 680 457 Romanis
710 426 917 470 praesentes
950 420 1086 456 adesse
1107 426 1144 455 et
1170 418 1302 456 favere
1320 420 1501 468 Papirius

82 491 353 539 interpretatus
384 497 466 527 erat
496 498 531 527 et
563 491 700 528 milites
731 492 917 528 docuerat
947 490 997 538 (e.
1029 492 1105 533 40,
1133 491 1177 526 13
1211 497 1247 526 et
1271 488 1347 538 14).
1413 490 1500 526 Hoc

84 562 235 599 Livium
266 568 438 598 secutum
477 573 560 598 esse
590 562 776 611 suspicor,
799 568 839 598 ut
855 562 952 598 solet
981 560 1206 609 religionem
1237 573 1322 597 cum
1354 560 1503 598 Roma-

83 644 142 668 nae
163 632 296 681 gloriae
326 632 603 682 amplificandae
633 631 759 667 studio
791 631 1034 680 coniungere,
1061 630 1354 680 scripsisseque:
1385 631 1503 668 Tum

86 703 177 739 iam
208 703 403 739 deorum
445 702 788 749 hominumque
835 702 974 738 victae
1017 701 1063 737 vi
1103 700 1375 738 funduntur
1410 701 1503 737 lin-

83 780 224 810 teatae
255 774 495 810 cohortes.
556 772 719 818 (Victa
759 773 803 809 ui
841 774 876 809 P
906 779 943 808 et
973 771 1183 809 deteriores
1215 771 1362 819 aliquot
1398 778 1503 807 vete-

85 856 223 892 resque
255 843 356 890 edd.)

208 912 304 962 Cap.
323 915 387 961 43,
412 914 457 949 13
481 919 655 961 superest
679 919 818 961 praeter
848 925 906 952 ea,
937 925 1022 960 quae
1051 912 1128 948 iam
1160 913 1382 961 coarguisse
1412 912 1504 948 mihi

85 985 244 1029 videor,
289 997 404 1020 unum
451 983 668 1019 etiamnunc
717 982 1021 1019 additamentum
1052 983 1274 1020 tollendum.
1332 983 1435 1030 quod
1465 982 1504 1018 in

86 1055 217 1091 codice
255 1055 463 1103 archetypo
496 1053 597 1090 Livii
644 1052 771 1088 verbis
826 1066 912 1089 cum
966 1066 1116 1090 summo
1154 1053 1350 1089 sententiae
1382 1052 1502 1088 detri-

86 1132 214 1162 mento
246 1137 290 1161 ac
320 1125 447 1172 potius
477 1124 630 1161 interitu
675 1123 860 1159 insertum
902 1131 970 1161 cst.
1031 1125 1093 1161 De
1129 1123 1366 1161 Samnitibus
1404 1122 1502 1158 enim

87 1196 164 1244 qni.
195 1208 311 1244 quum
342 1195 498 1244 proeliis
525 1195 574 1231 ad
605 1193 822 1230 Cominium
854 1201 891 1230 et
919 1195 1169 1243 Aquiloniam
1200 1208 1277 1231 non
1310 1193 1504 1230 interfuis-

86 1273 180 1303 sent.
212 1267 410 1303 Romanos
440 1266 615 1301 timentes
646 1265 847 1309 errabant,
886 1266 941 1302 sic
970 1266 1167 1303 scribitur:
1199 1266 1367 1302 Prima
1399 1265 1505 1300 luce

89 1337 430 1384 incerti7quam
461 1335 506 1371 in
535 1342 722 1383 partem
752 1336 1065 1373 intenderent
1095 1337 1200 1381 iter,
1231 1342 1430 1385 repente
1460 1335 1504 1371 in

87 1408 246 1456 fugam
283 1412 667 1443 consternantur
707 1408 962 1455 conspecti
1005 1408 1060 1444 ab
1108 1407 1383 1456 equitibus‚
1423 1406 1503 1453 qui

90 1490 316 1527 egressos
339 1485 477 1513 nocte
497 1478 554 1513 ab
576 1477 1003 1527 oppid0(Aquilonia
1016 1478 1124 1524 alios,
1137 1476 1504 1525 vid.c.4·2‚4)Sam-

90 1549 219 1585 nites
246 1547 501 1596 persecuti
522 1547 746 1583 viderant
764 1548 1123 1585 multitudinem
1141 1561 1232 1585 non
1254 1547 1502 1592 va1107n0n

90 1619 394 1655 stationibus
425 1618 691 1661 firmatam;
726 1627 993 1666 conspecta
1025 1626 1066 1656 et
1101 1632 1157 1657 ex
1186 1619 1339 1656 muris
1357 1617 1504 1666 Aqui-

90 1689 228 1726 loniae
267 1701 320 1724 ea
357 1688 622 1725 multitudo
661 1695 765 1724 erat
800 1689 995 1738 iamque
1035 1690 1177 1727 etiam
1217 1688 1506 1738 legionariae

91 1760 321 1796 cohortes
351 1760 696 1807 sequebantur.
763 1759 1069 1798 Consternantur
1098 1762 1136 1798 in
1166 1758 1299 1810 fugam
1329 1759 1505 1796 homines

90 1843 168 1867 non
198 1830 301 1878 quod
331 1829 616 1878 conspiciuntur
646 1831 694 1866 ab
726 1831 917 1879 equitibus
949 1833 1069 1881 (quod
1101 1832 1175 1881 ipsi
1193 1832 1418 1881 plerumque
1449 1830 1504 1879 ig-

90 1901 268 1949 norant),
299 1901 364 1936 sed
383 1930 392 1947 ‚
434 1900 465 1936 si
502 1900 616 1936 valde
645 1901 768 1937 timidi
798 1908 886 1938 sunt
948 1902 1005 1952 (ut
1034 1902 1071 1938 hi
1102 1909 1183 1938 tum
1215 1902 1354 1950 erant),
1402 1901 1506 1950 quod

91 1972 237 2019 equites
266 1970 431 2007 hostium
464 1979 757 2019 conspexerunt,
788 1979 871 2017 aut,
903 1973 934 2009 si
964 1972 1080 2021 paulo
1111 1973 1258 2017 minus,
1287 1973 1336 2008 ab
1367 1971 1507 2020 equiti-

92 2043 161 2079 bus
213 2040 513 2084 incursantibus3
561 2041 708 2090 (itaque
752 2042 865 2078 etiam
900 2043 1239 2080 Weissenbornius
1279 2043 1407 2091 potius
1439 2055 1506 2078 ex-

91 2113 257 2161 spectari
287 2112 394 2148 dicit:
432 2112 713 2160 conspectis
753 2112 1031 2160 equitibus).
1109 2112 1327 2150 Ridiculum
1370 2113 1507 2149 deinde

91 2195 249 2231 prorsus
280 2189 359 2218 est:
384 2183 642 2230 conspecti
673 2183 728 2219 ab
760 2183 1126 2231 equitibus,q11i
1148 2195 1229 2219 eos
1259 2183 1506 2222 viderant:

94 2253 178 2302 ipsa
210 2253 309 2289 enim
340 2253 423 2289 haec
454 2260 510 2288 est
541 2253 743 2289 multitudo
773 2266 850 2289 non
880 2253 1004 2292 vallo.
1042 2265 1119 2289 non
1168 2253 1398 2290 stationibus
1443 2254 1506 2289 fir-

92 2329 210 2359 mata.
270 2323 412 2360 Omnia
451 2329 556 2358 recta
587 2330 696 2359 erunt
727 2324 879 2360 sublato
910 2324 1181 2372 conspecti.
1228 2331 1268 2360 ut
1299 2324 1511 2360 scribatur:

92 2392 136 2428 in
167 2392 328 2442 fugam
360 2399 742 2430 consternantur
772 2395 828 2430 ab
859 2393 1124 2442 equitibus,
1149 2394 1317 2442 quiete.
1377 2397 1509 2442 Aper-

92 2463 280 2500 tissimnm
311 2470 370 2499 est
400 2469 539 2508 autem,
571 2463 669 2500 unde
696 2470 828 2500 natum
863 2464 913 2500 sit
940 2463 1052 2500 huius
1082 2464 1188 2501 vocis
1214 2465 1399 2501 addendae
1418 2478 1509 2501 con-

93 2533 231 2569 silium.
289 2532 471 2580 Sequitur
500 2533 598 2569 enim
632 2534 734 2582 apud
769 2534 934 2577 Livium,
963 2541 1103 2582 praeter
1133 2535 1280 2583 equites
1310 2535 1408 2579 illos,
1443 2535 1508 2583 qui

92 2603 130 2638 in
161 2603 353 2640 Samnites
383 2602 486 2639 visos
517 2602 759 2640 incurrerunt
789 2616 932 2652 eosque
953 2605 1249 2654 dissipaverunt,
1281 2605 1393 2641 etiam
1413 2606 1510 2641 alios

92 2673 314 2718 Romanos,
356 2685 471 2721 quum
516 2673 670 2710 eosdem
710 2687 759 2710 cx
797 2674 1016 2723 Apolloniae
1057 2675 1175 2711 muris
1205 2676 1508 2724 conspexissent.
