1811 2925
858 134 877 168 4
887 134 907 168 5
920 134 933 169 l
1350 131 1426 162 Lib.
1441 132 1609 163 XXXIX.

187 253 270 289 tiit
317 266 339 289 a
380 252 625 301 patribuS,
660 258 706 288 ut
743 264 923 300 aequum
954 259 1230 298 censerent,
1270 254 1330 290 ob
1350 255 1610 303 rempubli-

189 335 288 360 cam
334 323 451 360 bene
490 335 542 359 ac
586 323 809 359 feliciter
837 329 1028 371 gestam
1065 329 1113 359 et
1144 324 1216 360 dis
1246 324 1608 361 immortalibus

188 393 416 430 honorem
467 394 636 430 haberi
689 394 855 430 iubere
897 399 941 429 et
978 393 1071 429 sibi
1117 393 1410 442 triumphum
1442 394 1609 431 decer-

188 476 310 499 nere.
378 464 526 500 l'etitur
556 464 646 500 alibi
677 478 701 501 a
730 471 877 508 senatu,
921 470 961 499 ut
1001 464 1132 500 iubeat
1173 464 1318 512 aliquid
1352 471 1389 501 et
1418 465 1611 510 decernat,

188 546 265 570 non
299 540 338 570 ut
369 547 519 582 aequum
551 542 704 571 censeat
746 535 969 578 decernere3
1013 534 1105 583 (et-si
1152 535 1369 572 decernitur
1409 547 1512 584 saepe
1551 535 1608 572 his

188 604 327 648 verbis,
359 617 510 652 aequum
542 606 691 642 senatui
721 605 855 649 videri,
886 606 960 642 hoc
982 611 1049 642 aut
1079 605 1173 641 illud
1202 606 1295 651 fieri,
1326 618 1450 654 neque
1480 612 1609 642 tamen

187 674 225 710 in
255 675 323 711 tali
353 688 418 717 re,
457 677 503 712 de
533 677 678 712 honore
711 676 782 712 diis
812 675 1024 724 habendo.)
1092 675 1227 713 Codex
1256 677 1300 713 M
1338 689 1414 713 non
1444 677 1608 714 iubere

188 752 254 782 aut
281 746 541 782 decernere
571 746 754 794 scriptum
788 747 918 791 habet,
959 747 1026 783 sed
1057 746 1281 783 iuberent
1311 754 1347 784 et
1385 748 1609 784 decerne-

188 823 312 861 rent,
358 817 461 865 quod
498 816 836 852 Weissenbornius
879 823 1031 854 secutus
1076 823 1146 855 est.
1219 818 1295 855 Sed
1325 830 1511 866 perversa.
1539 830 1609 854 nec

190 887 328 923 Latina
358 888 439 923 haec
472 893 528 923 est
573 887 716 923 oratio:
761 893 871 935 peto
917 900 940 924 a
985 895 1176 933 senatu,
1215 895 1263 924 ut
1296 900 1475 936 aequum
1507 901 1608 926 een-

187 965 313 1002 seat,
364 958 594 994 honorem
644 957 813 994 haberi
869 958 941 994 dis
998 958 1187 1000 iubeat,
1241 959 1322 995 sive
1371 966 1420 995 ut
1473 960 1608 996 audias

188 1036 382 1076 (aequum
417 1040 608 1069 censeo,
653 1034 700 1063 ut.
729 1028 836 1076 ipse
866 1028 1076 1075 iubeam)
1117 1029 1199 1065 sive
1244 1035 1288 1065 et
1329 1028 1399 1079 (ut
1428 1042 1609 1078 aequum

188 1099 315 1135 nescio
360 1098 451 1146 quid
491 1104 688 1134 censeat
729 1104 772 1134 et
809 1099 1041 1135 honorem
1082 1099 1157 1135 dis
1202 1099 1372 1136 haberi
1408 1099 1609 1144 iubeat).

187 1169 381 1205 Addenda
426 1175 481 1204 est
525 1168 563 1204 in
608 1168 743 1217 optimi
786 1168 928 1205 codicis
970 1167 1162 1216 scriptura
1203 1169 1362 1205 duarum
1394 1170 1608 1206 litterarum

186 1239 393 1289 particula:
426 1238 571 1288 petiit
602 1251 624 1274 a
654 1239 899 1286 patribus,
931 1245 996 1284 ut,
1035 1240 1077 1279 si
1118 1252 1300 1288 aequum
1333 1247 1609 1286 censerent,

187 1311 242 1347 ob
273 1323 420 1358 remp.
462 1310 580 1346 bene
618 1321 671 1345 ac
717 1310 794 1346 fel.
835 1316 1021 1358 gestam
1053 1316 1097 1346 et
1127 1310 1200 1346 dis
1230 1310 1350 1349 imm.
1382 1311 1610 1348 honorem

186 1381 356 1417 haberi
387 1380 611 1416 iuberent
643 1386 687 1415 et
730 1392 760 1418 s.
791 1386 844 1418 tr.
878 1380 1219 1416 decernerent.
1279 1381 1339 1417 Ea
1369 1387 1426 1418 est
1455 1382 1609 1419 sollem—

188 1451 245 1487 nis
278 1451 316 1486 in
360 1450 428 1486 tali
469 1463 511 1486 re
540 1450 694 1498 petendi
733 1450 932 1488 modestia.
1008 1450 1148 1487 Altera
1185 1451 1402 1488 coniunctio
1446 1452 1608 1489 alteram

189 1521 274 1557 loeo
306 1521 438 1564 movit,
471 1520 572 1568 quod
603 1533 678 1556 non
700 1520 754 1556 ita
782 1533 872 1557 raro
902 1521 940 1556 in
972 1520 1039 1556 tali
1059 1533 1247 1570 concursu
1269 1522 1420 1559 accidit.
1525 1523 1604 1560 Eo-

188 1592 274 1628 dem
307 1591 432 1639 capite
472 1594 489 1635 ξ
528 1592 568 1626 11
615 1590 668 1639 (in
715 1591 890 1627 oratione
923 1591 1053 1627 Fulvii
1085 1598 1220 1626 contra
1250 1591 1304 1628 M.
1334 1593 1487 1629 AEmilii
1516 1606 1607 1630 con-

188 1662 300 1706 sulis,
355 1661 420 1708 qui
465 1669 553 1697 tunc
597 1662 755 1706 aberat,
807 1661 1005 1709 superiore
1049 1669 1222 1710 tempore
1271 1664 1608 1711 reprehensionem

187 1744 342 1768 suarum
375 1730 518 1779 rerum)
567 1731 680 1767 valde
710 1744 861 1776 vereor,
904 1744 952 1767 ne
983 1732 1126 1780 aliquid
1159 1733 1281 1769 subsit
1312 1733 1451 1769 occulti
1480 1734 1608 1770 mendi

186 1802 225 1838 in
262 1802 320 1838 his
353 1801 502 1838 verbis:
546 1802 647 1838 Iam
693 1801 746 1838 de
789 1802 989 1839 deorum
1019 1803 1365 1840 immortalium
1408 1804 1607 1853 templis

185 1872 422 1921 spoliatis
460 1900 496 1910 ..
549 1872 744 1919 qualem
777 1872 1066 1909 calumniam
1098 1874 1153 1909 ad
1184 1874 1450 1922 pontifices
1486 1881 1607 1911 attu-

186 1942 325 1979 lerit?
356 1943 460 1979 Nam
482 1949 522 1978 ut
543 1942 730 1988 omittam,
745 1956 829 1991 quae
845 1943 1022 1980 excusari
1040 1949 1180 1992 potest,
1198 1944 1291 1988 (vid.
1309 1944 1425 1992 paulo
1448 1951 1536 1981 ante
1557 1945 1607 1981 ad

186 2013 852 2061 XXXVIII,59)inter1·ogationem
869 2014 1112 2050 coniunctivo
1129 2014 1244 2050 modo
1262 2015 1440 2062 positam,
1453 2027 1537 2062 quae
1550 2015 1607 2051 in-

186 2083 331 2119 finitivo
348 2082 475 2119 efferri
488 2083 650 2120 debebat
664 2083 749 2130 (etsi
766 2083 804 2119 in
824 2084 898 2120 hoc
913 2084 962 2120 ad
979 2097 1123 2120 novam
1144 2097 1224 2120 rem
1249 2096 1333 2120 cum
1352 2084 1608 2121 admiratione

186 2152 348 2188 transitu
386 2149 609 2190 difficillime
626 2156 871 2200 excusatur),
900 2154 1087 2190 AEmilius
1105 2154 1238 2190 consul
1255 2153 1293 2190 in
1309 2159 1445 2189 senatu
1472 2160 1607 2190 contra

186 2222 366 2258 Fulvium
391 2222 541 2259 dixerat
563 2231 773 2271 auctorque
805 2223 930 2260 fuerat
961 2231 1116 2261 senatus
1150 2224 1314 2261 consulti
1343 2223 1522 2269 faciendi,
1549 2232 1604 2273 ut,

186 2286 302 2340 quuin
335 2292 495 2329 Fulvius
526 2293 693 2330 Romam
725 2293 907 2338 redisset,
951 2294 997 2330 de
1038 2295 1190 2344 templis
1222 2295 1445 2331 Ambraciae
1478 2296 1526 2331 ab
1560 2308 1604 2332 eo

185 2362 360 2410 spoliatis
404 2363 453 2399 ad
492 2362 692 2411 pontifices
721 2362 929 2400 referretur
961 2365 1230 2411 (XXXVIII,
1276 2366 1356 2413 44).
1421 2366 1511 2402 Hoc
1541 2366 1606 2414 qui

185 2433 307 2481 possit
339 2433 514 2481 quamvis
543 2432 731 2469 invidiose
761 2434 820 2470 his
851 2435 979 2471 verbis
1010 2435 1230 2483 significari,
1262 2440 1303 2471 ut
1332 2435 1517 2471 AEmilius
1548 2435 1604 2471 di-

186 2509 295 2538 catur
335 2502 416 2550 ipse
470 2503 527 2539 ad
570 2503 841 2552 pontifices
885 2504 1175 2541 calumniam
1228 2504 1482 2551 attulisse,
1527 2518 1604 2542 non

185 2571 317 2617 video;
349 2585 437 2608 nam
470 2573 701 2610 calumniam
733 2572 845 2610 affert
875 2574 925 2610 ad
955 2574 1124 2622 aliquem
1146 2575 1229 2623 ipse
1259 2575 1429 2611 occultus
1460 2575 1604 2612 calum·

187 2641 324 2680 niator.
395 2642 471 2679 Sed
516 2644 724 2680 remedium
768 2657 843 2680 non
892 2644 1041 2694 reperio
1087 2644 1173 2681 Ioco
1218 2643 1383 2682 fortasse
1425 2646 1606 2683 lacunam

1273 2712 1335 2745 29*
