1811 2925
273 150 346 181 Lib.
373 150 489 183 xxu.
894 152 970 187 238

228 274 430 310 scendit.
509 274 627 309 Recte
666 272 894 309 intellectum
938 280 992 308 est
1039 286 1181 321 nuper,
1223 272 1442 309 Calatinum
1488 286 1635 321 agrum„

230 346 296 393 qui
327 346 426 381 ultra
458 344 690 380 Vulturnum
722 355 873 380 amnem
914 344 961 379 ad
1002 344 1196 380 meridiem
1236 356 1368 379 versus
1411 344 1504 379 Situs
1542 349 1636 388 erat,

229 417 265 452 in
310 416 383 451 hoc
429 414 560 450 itinere
606 414 864 451 Hannibalem
910 413 1096 461 attingere
1139 414 1242 449 nullo
1293 414 1405 450 modo
1455 414 1637 463 potuisse.

230 487 305 523 Sed
351 487 451 535 quod
496 485 830 522 Weissenbornius
881 484 1007 521 Stierii
1057 485 1315 521 coniecturam
1366 485 1570 527 (Zeitschr.
1613 485 1638 521 f.

231 559 267 594 d.
315 558 606 595 Alterthumsw.
664 558 764 594 1852
805 569 840 594 n.
874 556 940 603 20)
987 563 1136 592 secutus
1180 555 1453 592 Caiatinum
1498 556 1639 604 posuit,

229 630 310 677 ipse
340 628 468 672 sensit,
499 627 612 663 etiam
631 626 820 663 Caiatiam
852 627 1003 675 longius
1034 627 1083 662 ad
1113 627 1306 662 meridiem
1337 633 1524 663 remotam
1558 639 1640 663 esse

232 712 300 735 nce
330 699 472 734 itineris¹
503 698 689 734 rationem
731 704 931 742 constare3
974 704 1009 733 et
1044 698 1147 733 aliud
1182 698 1298 733 multo
1341 696 1466 745 aptius
1500 710 1639 733 nomen

231 771 401 819 ipsorum
433 768 605 805 codicum
639 768 740 815 (PC)
773 769 936 817 vestigia
968 767 1170 804 manifesta
1205 767 1393 812 offerunt,
1432 767 1471 803 in
1502 768 1639 815 quibus

232 848 309 879 est:
342 854 424 889 per
455 839 690 876 alifanum
723 840 1079 888 allifanumque
1111 845 1154 875 et
1186 838 1432 875 Calenum.
1509 838 1640 888 Scrip-

233 919 335 947 serat
365 911 480 959 igitur
512 911 643 947 Livius
678 924 754 947 una
783 912 909 947 littera
946 924 964 951 c
993 911 1096 959 plus:
1127 923 1209 959 per
1238 909 1513 946 Allifanum
1535 908 1642 946 Cal-

232 982 387 1018 lifanu
402 994 534 1029 mque
567 988 629 1017 aut
662 982 711 1026 (si
742 983 801 1017 cui
833 982 870 1017 id
904 983 1028 1031 aptius
1058 983 1218 1025 videtur,
1249 980 1396 1017 Callifae
1429 980 1543 1016 situm
1566 993 1642 1016 non

233 1066 401 1102 prorsusq
435 1059 474 1088 ut
504 1053 651 1101 opinor,
683 1060 825 1089 certum
845 1054 1110 1094 coniectantij:
1140 1065 1222 1100 per
1244 1050 1541 1088 Callifanum
1564 1052 1642 1087 Al-

234 1124 546 1171 lifanumque,
578 1125 781 1161 eorundem
817 1124 1045 1172 oppidorum
1077 1123 1287 1159 vicinorum
1318 1122 1535 1158 nominibus
1552 1135 1642 1158 con-

235 1195 384 1235 iunctis,
416 1208 498 1242 quae
530 1195 642 1230 etiam
676 1195 759 1232 libr.
792 1195 909 1234 VIII,
942 1195 1004 1239 25,
1037 1197 1057 1230 4
1092 1195 1384 1242 coniunguntur.

351 1263 478 1314 *Cap
515 1267 582 1309 147
619 1268 664 1302 14
707 1266 759 1312 (in
803 1265 975 1301 oratione
1016 1265 1070 1302 M.
1118 1265 1276 1301 Minucii
1324 1264 1369 1311 Q.
1409 1263 1522 1299 Fabii
1558 1262 1646 1298 belli

235 1337 390 1385 gerendi
420 1336 608 1372 rationem
644 1335 909 1385 exagitantis):
956 1335 1182 1373 Stultitia
1213 1343 1284 1372 est
1314 1334 1530 1372 sedendo
1565 1340 1647 1369 aut

236 1408 368 1443 votis
399 1407 641 1443 debellari
673 1409 870 1444 eredere
900 1419 1062 1455 posse;
1094 1406 1271 1442 armari
1303 1406 1470 1454 copias
1504 1417 1647 1453 opor-

237 1485 319 1523 tet,
351 1478 668 1514 deducendas
701 1478 745 1513 in
777 1491 976 1526 aequum,
1008 1484 1056 1514 ut
1084 1478 1158 1513 vir
1188 1490 1291 1513 cum
1318 1477 1422 1513 viro
1451 1488 1646 1524 congre-

238 1548 401 1585 diaris.
468 1548 598 1593 Posui,
630 1549 772 1585 omissa
803 1549 1037 1585 Alschefskii
1067 1548 1336 1598 perversitate,
1369 1562 1453 1584 eam
1484 1548 1648 1596 scriptu-

240 1633 334 1664 ram,
366 1632 449 1667 quae
479 1619 595 1667 vulgo
630 1618 979 1665 circumferebatur,
1009 1620 1226 1656 coniectura
1244 1619 1388 1664 adiuta,
1419 1625 1461 1655 ut
1490 1618 1649 1666 intelligi

242 1697 432 1738 utcunque
475 1696 625 1738 posset,
672 1690 710 1726 in
763 1703 838 1738 qua
883 1697 1011 1727 tamen
1065 1690 1124 1737 (ut
1170 1690 1342 1726 omittam
1394 1690 1525 1738 copias
1576 1690 1649 1725 hoc

243 1763 329 1798 loco
360 1762 602 1797 incommode
632 1774 702 1810 pro
734 1761 916 1797 militibus
959 1762 1298 1808 commemoratas)
1347 1773 1470 1808 neque
1501 1760 1649 1796 consilii

242 1833 467 1881 significatio
509 1833 546 1868 in
578 1833 894 1869 deducendas
930 1838 1020 1880 apta
1052 1838 1108 1868 est
1145 1838 1181 1867 et
1227 1831 1558 1867 vehementissime
1593 1829 1651 1866 of-

243 1904 362 1941 fendit
401 1904 565 1940 secunda
598 1916 765 1952 persona
795 1903 999 1952 singularis
1029 1902 1176 1938 numeri
1208 1901 1271 1949 (ut
1300 1901 1373 1937 vir
1403 1914 1500 1937 cum
1546 1901 1650 1937 viro

244 1975 610 2023 congrediaris)
642 1980 731 2023 post
760 1974 853 2010 illud
885 1974 1052 2022 copias
1084 1973 1268 2008 armari
1307 1978 1510 2020 oportet.
1575 1971 1653 2009 Sed

244 2047 282 2082 in
313 2046 505 2082 codicibus
563 2045 738 2082 omnibus
778 2045 973 2081 scribitur:
1019 2043 1187 2093 copias
1237 2043 1414 2078 armari
1460 2048 1653 2090 oportet

245 2124 289 2153 et
318 2116 631 2154 deducenda-s
662 2117 706 2152 in
744 2129 926 2164 aequum
969 2123 1012 2153 et
1053 2116 1129 2152 vir
1167 2127 1266 2150 cum
1304 2114 1407 2149 viro
1441 2125 1652 2161 congre-

247 2187 414 2227 diaris,
445 2187 516 2223 nisi
548 2187 702 2234 quodP
733 2200 808 2223 una
838 2187 965 2223 littera
996 2200 1018 2222 a
1042 2186 1175 2223 ceteris
1205 2185 1426 2233 discrepans
1459 2184 1656 2232 (armari

247 2257 427 2306 capias)
458 2270 591 2294 verum
622 2263 821 2294 monstrat.
882 2256 1132 2294 Scribendum
1163 2262 1219 2292 est
1250 2255 1348 2291 enim
1372 2254 1656 2303 elegantissima

250 2334 285 2364 et
326 2328 525 2376 aptissima
569 2329 754 2365 orationis
785 2328 911 2365 forma
953 2334 988 2364 et
1034 2328 1104 2364 sibi
1146 2328 1194 2363 ab
1224 2326 1331 2362 initio
1363 2326 1412 2361 ad
1442 2331 1655 2362 extremum

250 2399 601 2438 constantixArma
632 2400 798 2452 capias
831 2406 1029 2448 oportet
1051 2406 1085 2435 et
1109 2397 1381 2439 descendas
1402 2396 1447 2431 in
1473 2408 1655 2443 aequum

250 2477 294 2506 et
322 2470 394 2506 vir
423 2482 520 2505 cum
554 2471 662 2507 viro
693 2469 1046 2519 congrediaris.
1107 2469 1168 2506 Ex
1198 2481 1325 2505 arma
1356 2467 1405 2503 ob
1438 2465 1657 2515 praecedens

251 2540 495 2577 debellari
526 2547 650 2577 ortum
683 2539 880 2583 armari,
919 2545 998 2575 tum
1031 2540 1223 2588 capias,
1263 2538 1365 2586 quod
1404 2537 1437 2573 P
1477 2535 1657 2579 servavit,
