1811 2925
264 146 339 180 Lib.
358 145 491 176 XXVI.
895 149 972 183 314

341 268 435 316 Cap.
460 269 523 311 33,
559 269 579 303 3
614 268 676 313 (de
698 266 944 316 Campanis):
974 268 1106 305 cives
1137 270 1380 306 Romanos
1411 268 1640 306 adfinita-

230 340 360 375 tibus
390 338 653 386 plerosque
683 343 727 372 et
763 338 1055 387 propinquis
1100 339 1291 375 iamiam
1337 339 1640 387 cognationi-

231 411 315 446 bus
360 421 414 444 ex
468 406 676 445 conubio
723 415 919 445 vetusto
964 409 1174 445 iunctos.
1246 410 1337 446 Non
1377 410 1517 445 bonum
1548 409 1640 446 iam

232 480 351 527 (quod
383 480 431 515 ad
461 484 631 514 nostram
662 483 812 514 aetatem
845 477 986 513 editum
1018 480 1112 523 cst);
1142 491 1265 526 prava
1295 485 1351 515 est
1372 480 1469 515 enim
1494 486 1640 529 tempo-

231 549 281 585 ris
313 550 368 596 (et
400 548 455 584 rei
485 554 640 584 mutatae
672 556 739 585 aut
768 548 925 584 maioris
957 547 1112 596 futurae)
1134 548 1380 596 significati03
1413 550 1526 598 plane
1555 563 1640 599 per-

231 631 383 655 versum
413 618 628 664 iamiam,
660 620 763 667 quod
796 618 1051 655 festinationis
1092 624 1129 654 et
1158 619 1361 655 celeritatis
1393 620 1441 655 ad
1471 620 1641 657 futurum

230 689 437 737 spectantis
467 689 783 737 significationem
813 689 941 726 habet.
995 688 1144 735 (Jetzt
1174 689 1358 725 bereits
1392 702 1515 737 neque
1541 697 1642 727 recte

231 759 390 796 vertitur
432 759 625 795 iamiam
657 771 792 807 neque,
838 772 914 807 quo
958 759 1149 807 pertineat
1187 759 1242 795 rei
1280 759 1477 808 amplioris
1506 759 1647 796 futurae·

231 830 469 878 significatio.
499 829 749 878 intelligitur.)
823 829 954 866 Unum
985 829 1059 865 dici
1089 836 1178 878 apte
1207 836 1376 878 poterat:
1407 830 1643 867 adfinita-

231 900 360 936 tibus
392 900 654 948 plerosque
686 906 729 935 et
762 900 886 947 (quod
916 900 1040 936 maius
1071 898 1147 949 est)
1176 899 1467 949 propinquis
1499 901 1643 937 etiam

233 970 613 1019 cognationibus
687 999 723 1009 ..
780 971 984 1006 iunctos.
1079 970 1218 1019 (Gron.
1278 969 1369 1005 iam
1429 965 1642 1015 etiam.)¹)

232 1041 355 1078 Paulo
386 1047 474 1089 post
504 1041 538 1085 (ξ
572 1041 609 1086 7)
641 1040 789 1076 Dukeri
819 1041 865 1077 de
906 1041 1025 1077 verbo
1069 1041 1288 1077 arbitror
1317 1039 1546 1076 dubitationi
1576 1052 1644 1088 pa-

233 1125 315 1148 rum
358 1111 570 1148 occurritur
614 1123 637 1146 a
685 1110 1001 1146 WVeissenbornio
1045 1111 1314 1147 demonstratis
1360 1110 1508 1146 duobus
1544 1110 1646 1146 Livii

233 1182 325 1218 locis
357 1182 456 1227 (III,
494 1183 552 1227 13,
586 1183 621 1226 3,
665 1181 729 1218 ubi
761 1181 939 1217 Volscius
983 1193 1123 1217 caesum
1155 1193 1284 1230 pugno
1323 1193 1346 1216 a
1377 1179 1536 1217 Caesone
1566 1180 1647 1217 fra-

233 1261 327 1290 trem
359 1253 455 1289 scire
483 1257 658 1300 poterat,
703 1258 893 1287 mortuum
937 1264 985 1287 ex
1026 1265 1071 1288 eo
1102 1251 1178 1287 ictu
1209 1257 1356 1286 tantum
1388 1250 1579 1296 arbitrari,
1610 1259 1646 1287 et

233 1323 406 1367 XXIII,
451 1326 471 1358 5
489 1351 497 1365 ,
542 1325 612 1361 15,
643 1321 708 1358 ubi
739 1322 981 1370 apertissima
1011 1328 1068 1358 est
1098 1321 1312 1369 opinioniS,
1342 1333 1418 1357 non
1451 1329 1562 1357 certae
1592 1321 1646 1357 rei

233 1393 489 1442 significatio).
571 1392 647 1429 Sed
691 1393 843 1441 aptiora
873 1393 1050 1441 exempla
1081 1404 1170 1428 usus
1200 1391 1308 1427 verbi
1356 1391 1570 1428 arbitror
1608 1392 1646 1428 in

234 1464 450 1500 testimonio
481 1463 642 1499 dicendo
685 1463 800 1499 etiam
832 1463 878 1499 de
909 1476 949 1498 re
981 1469 1083 1499 certa
1113 1464 1196 1511 ipse
1226 1463 1275 1498 ad
1300 1462 1376 1506 III,
1413 1463 1457 1497 13
1477 1462 1646 1510 adscrip-

234 1535 281 1571 sit
310 1548 358 1571 ex
389 1533 467 1571 Cic.
499 1547 569 1582 pro
601 1534 765 1570 Fonteio
798 1535 833 1577 9,
871 1535 915 1569 19
950 1536 1034 1578 (13,
1067 1533 1135 1580 29)
1166 1539 1203 1569 et
1219 1533 1345 1571 Acad.
1376 1532 1431 1577 II,
1464 1534 1646 1577 47,146;

234 1604 352 1651 (Livii
383 1604 508 1640 locum
539 1605 612 1649 IV,
647 1607 711 1648 40,
745 1606 765 1640 6
800 1603 983 1639 omissum
1011 1604 1211 1652 oportuit).
1279 1604 1426 1640 Eodem
1457 1602 1647 1651 pertinent

234 1674 308 1710 duo
339 1674 403 1710 alii
444 1674 640 1711 Ciceronis
670 1674 755 1719 loci7
800 1674 849 1710 ad
879 1675 989 1710 Fam.
1030 1675 1107 1719 ΙΙΙ,
1156 1676 1201 1711 18
1235 1674 1394 1721 (idque
1425 1685 1495 1708 me
1525 1671 1645 1708 arbi-

234 1753 334 1781 tror
378 1745 619 1794 Synnadis
658 1745 819 1781 multis
863 1745 1024 1781 verbis
1074 1757 1158 1792 pro
1200 1743 1442 1779 tribunali
1483 1743 1645 1791 dispu-

233 1816 434 1862 tavisse)
465 1822 501 1851 et.
531 1817 638 1852 Brut.
674 1817 737 1859 81,
772 1817 862 1851 281.

344 1884 439 1934 Cap.
473 1888 535 1931 36,
568 1888 588 1922 3
629 1886 686 1930 tin
718 1887 770 1923 M.
803 1885 949 1921 Laevini
979 1884 1145 1921 consulis
1176 1883 1349 1919 oratione
1380 1884 1426 1919 de
1458 1896 1552 1919 auro
1585 1896 1645 1919 ar-

233 1962 424 2005 gentoque
456 1963 493 1993 et
523 1969 596 1992 aere
628 1956 677 1992 ad
707 1956 868 1992 classem
894 1955 1109 2004 parandam
1145 1953 1413 2000 conserendo):
1454 1953 1502 1991 Si
1534 1953 1646 2001 quid

232 2027 484 2075 iniungere
527 2026 755 2063 inferiori
785 2026 927 2070 velis,
974 2025 1019 2061 id
1067 2024 1199 2073 prius
1230 2024 1277 2060 in
1309 2030 1352 2060 te
1387 2038 1439 2060 ac
1469 2030 1576 2060 tuos
1606 2025 1645 2061 si

232 2097 337 2145 ipse
385 2097 504 2134 iuris
561 2098 815 2141 statueris,
881 2095 1087 2132 facilius
1146 2107 1307 2131 omnes
1369 2095 1645 2131 obedientis

233 2168 421 2205 habeas.
497 2168 675 2205 Alterum
733 2168 771 2203 si
813 2166 1059 2202 incommodo
1112 2166 1197 2202 loco
1242 2166 1495 2214 interponitur
1549 2166 1648 2201 inter

233 2243 277 2274 te
316 2250 368 2274 ac
411 2244 518 2274 tuos
558 2244 594 2274 ct
632 2238 740 2286 ipse
783 2243 819 2273 et
860 2249 1024 2285 pravum
1069 2236 1124 2283 (in
1170 2237 1242 2272 hac
1284 2235 1468 2272 orationis
1498 2235 1643 2282 forma)

232 2308 382 2356 pondus
413 2308 451 2344 in
481 2308 526 2344 id
556 2321 769 2356 pronomen
801 2307 1015 2344 inclinatur.
1075 2307 1209 2354 Longe
1238 2305 1379 2341 rectior
1408 2306 1532 2342 oratio
1563 2306 1644 2351 erit,

233 2379 276 2422 si,
306 2378 458 2414 sublato
496 2378 616 2414 altero
657 2378 695 2414 si
736 2378 860 2426 (quod
905 2390 951 2413 ex
982 2376 1241 2425 geminatione
1270 2376 1481 2411 litterarum
1513 2389 1530 2415 s
1561 2383 1599 2412 et
1632 2377 1643 2415 ἰ

327 2554 559 2591 (crederem
602 2555 714 2593 rem).
779 2554 898 2586 Sencc.
934 2554 974 2583 de
1010 2552 1127 2584 Benef.
1155 2551 1216 2589 VI⁷
1258 2555 1275 2583 8
1304 2557 1387 2582 extr.
1414 2551 1644 2582 scribendum:

327 2615 366 2645 in
396 2624 519 2645 unum
547 2620 703 2646 testem
730 2620 887 2645 temere
914 2623 996 2645 rem
1024 2613 1235 2650 demittit;
1270 2613 1367 2643 codd.
1395 2620 1554 2644 temere
1580 2613 1645 2643 de-

327 2677 473 2708 mittit.

261 2736 289 2779 ¹)
325 2738 366 2769 In
391 2738 557 2769 iamiam
585 2743 714 2769 erratur
740 2737 841 2768 etiam
868 2737 979 2775 XLII,
1011 2741 1062 2775 11,
1094 2740 1124 2767 5.
