1811 2925
256 142 329 172 Lib.
360 141 385 174 1.
893 140 941 173 50

209 278 255 301 ne
277 265 361 312 quis
389 265 426 299 in
450 265 484 300 R
515 267 594 297 aut
625 266 671 296 ut
701 259 819 296 fuisse
845 258 1006 301 credat.)
1065 259 1127 294 Ex
1155 257 1212 293 his
1240 256 1401 293 efficitur
1430 256 1510 292 haec
1535 268 1620 292 sen-

209 335 334 371 tentiae
365 333 513 370 forma:
556 336 599 366 et
629 342 676 366 se
705 329 891 365 rectius·
917 328 1106 364 viduam
1140 335 1184 365 et
1220 328 1353 364 illum
1388 325 1618 362 caelibem

211 406 420 442 futurum
460 402 611 438 fuisse
657 412 794 447 quam
836 412 934 435 cnm
975 398 1162 447 impari.
1239 398 1362 437 Nunc
1391 397 1620 445 elangue-

210 475 431 510 scendum
463 472 620 508 aliena
656 470 856 518 ignavia
900 481 1014 505 esse.
1100 471 1178 506 Pro
1210 481 1328 505 nunc
1359 468 1390 504 si
1421 468 1505 515 quis
1535 480 1620 516 rep-

209 545 369 594 pererit,
401 543 505 590 quod
533 542 691 590 propius
721 541 771 576 ad
801 540 973 576 codicum
1004 539 1166 587 vestigia
1196 538 1418 586 (iungiut)
1451 538 1621 582 accedat,

210 614 414 663 accipia1113
445 614 569 661 ipsum
600 619 728 648 tamen
753 611 949 659 aptissime
980 609 1156 646 convenit
1177 608 1222 653 ei,
1253 608 1355 655 quod
1388 608 1620 644 contrarium

209 685 423 722 subiicitur:
471 683 519 721 Si
549 683 643 719 sibi
672 695 790 727 eum.
823 693 911 728 quo
947 680 1091 728 digna
1121 684 1267 723 esset.
1298 678 1343 713 di
1375 678 1622 714 dedissent

209 758 372 793 virum.
502 755 549 791 In
589 752 775 802 proximis
818 751 944 787 verbis
987 754 1023 795 (ξ
1058 752 1097 797 Ω)
1138 762 1213 785 non
1257 748 1399 797 optimo
1446 749 1620 797 exemplo

211 828 374 864 editores
405 825 635 862 recentiores
676 835 745 859 nec
776 822 868 858 satis
897 822 966 870 iis,
1015 833 1098 868 quae
1130 820 1168 855 in
1199 819 1282 855 aliis
1315 819 1498 856 similibus
1528 819 1621 856 locis

210 899 288 934 foro
319 904 541 946 sequuntur,
577 894 846 931 convenienter
874 905 944 941 pro
976 904 1034 933 eo„
1077 891 1179 939 quod
1209 890 1247 926 in
1280 890 1472 926 codicibus
1503 890 1622 938 scrip-

208 976 289 1005 tum
316 975 390 1004 est:
438 970 598 1004 Aruns
633 964 951 1012 Tarquinius,
982 968 1191 1011 posuerunt
1225 962 1267 997 L.
1304 961 1621 1009 Tarquinius,

209 1040 277 1076 etsi
307 1040 361 1075 ita
394 1038 543 1075 Livium
575 1036 741 1073 scribere
780 1035 955 1071 debuisse
996 1033 1088 1069 satis
1133 1039 1275 1068 certum
1322 1040 1396 1076 est3
1442 1032 1622 1069 Hertzius

211 1111 364 1158 quidem
398 1110 510 1145 etiam
542 1108 666 1143 locum
698 1113 882 1153 tanquam
914 1117 1090 1140 mancum
1120 1103 1321 1151 supplevit.
1382 1102 1491 1139 Livio
1523 1102 1620 1138 enim

209 1181 282 1230 ipsi
311 1182 410 1217 idem
441 1182 514 1217 hoc
550 1180 635 1215 loco
667 1177 826 1216 accidit,
870 1175 972 1223 quod
1007 1174 1229 1222 aliquoties‚
1276 1182 1313 1209 ut
1354 1174 1392 1209 in
1423 1173 1543 1209 altero
1575 1186 1623 1210 ex

210 1252 359 1287 duobus
390 1251 618 1293 nominibuS.
651 1250 696 1285 de
728 1248 865 1296 quibus
897 1252 1086 1294 ageretur.
1123 1245 1352 1293 appellando
1384 1245 1433 1279 ad
1463 1244 1622 1279 alterum

209 1322 394 1357 memoria
425 1321 609 1368 stilusque
640 1321 854 1359 aberraret.
898 1317 1003 1353 cuius
1045 1316 1195 1364 generis
1234 1315 1410 1363 exempla
1449 1314 1623 1362 quaedam

210 1393 388 1440 colligere
418 1393 555 1440 placet.
639 1391 723 1426 Lib.
753 1390 807 1431 IL
845 1391 904 1433 11,
938 1389 959 1423 9
1000 1399 1069 1435 pro
1102 1386 1302 1421 Valerio
1348 1385 1624 1432 (versisque

209 1464 253 1499 in
306 1463 507 1499 Valerin
520 1475 554 1498 m
600 1460 861 1504 Etruscis).
911 1471 1022 1506 quem
1068 1457 1341 1492 nominandum
1386 1454 1524 1500 fuisse,
1575 1468 1624 1491 ex

209 1534 405 1581 superiore
444 1532 609 1580 partium
639 1531 692 1567 rei
735 1530 893 1578 agendae
927 1528 1113 1564 divisione
1153 1534 1313 1575 apparet
1344 1532 1380 1562 et
1409 1533 1496 1575 post
1527 1525 1623 1563 Gla-

208 1617 379 1648 reannm,
412 1609 572 1652 excepto
603 1613 785 1650 perverso
817 1600 970 1637 homine
995 1597 1255 1641 Alschefskm,
1287 1609 1417 1633 omnes
1435 1596 1622 1642 viderunt,

211 1688 233 1712 a
273 1676 384 1712 Livio
433 1675 670 1711 nominatum
718 1672 834 1708 fuisse
865 1670 1161 1713 Lucretium,
1208 1668 1357 1705 codices
1402 1669 1623 1712 ostendunt3

210 1759 297 1782 nam
320 1746 413 1782 talia
435 1744 581 1781 librarii
605 1756 680 1779 non
702 1748 932 1791 permutant.
981 1741 1066 1777 Lib.
1085 1740 1138 1782 ΙΙ,
1160 1740 1220 1775 18.
1238 1741 1258 1775 3
1285 1738 1454 1775 Livium:
1481 1751 1625 1787 super

210 1817 326 1853 belli
360 1816 523 1852 Latini
568 1822 736 1850 metum
785 1812 1000 1860 scripsisse.
1045 1810 1217 1846 codicum
1263 1821 1471 1845 consensus
1506 1810 1624 1846 vincit

213 1887 303 1929 (nisi
335 1887 437 1934 quod
467 1886 521 1921 illi
550 1898 669 1933 prave
703 1896 845 1931 supra
876 1883 1017 1918 habent
1048 1886 1181 1916 contra
1212 1892 1320 1915 usum
1354 1880 1546 1927 loquendi.
1584 1880 1622 1915 in

212 1970 287 2004 quo
332 1957 443 1992 nullae
488 1963 595 1992 erant
636 1954 828 1991 memoriae
870 1955 1032 2001 partes):
1089 1950 1255 1987 Sabini
1293 1950 1407 1985 belli
1458 1950 1623 1986 scribere

212 2040 297 2062 eum
345 2027 538 2071 debuisse.
588 2025 767 2061 Dukerus
806 2023 1009 2061 intellexit.
1061 2021 1175 2068 idque
1211 2021 1546 2057 Weissenbornius
1587 2028 1623 2058 et

211 2097 478 2134 Alschefskius
509 2096 801 2139 substituerunt3
832 2107 919 2130 nam
945 2092 1079 2130 Sabini
1109 2091 1197 2127 belli
1229 2103 1364 2127 causas
1392 2090 1522 2127 Livius
1545 2091 1622 2127 iam

211 2169 412 2213 indicavit3
445 2167 580 2204 transit
611 2167 660 2202 ad
690 2166 889 2209 Latinum3
922 2164 988 2199 sed
1021 2176 1127 2199 error
1149 2161 1394 2197 occultandus
1425 2174 1499 2197 non
1530 2169 1623 2198 erat.

214 2240 292 2285 (De
322 2252 467 2287 supra
498 2237 678 2273 Dukerus
709 2236 925 2279 admonuit,
972 2235 1031 2271 cui
1061 2231 1399 2269 Drakenborchius
1439 2233 1623 2269 adsensus

213 2317 286 2354 cst3
316 2309 546 2345 recentiores
577 2320 737 2356 pravum
772 2307 886 2343 tacite
913 2309 1072 2347 tenent.)
1152 2304 1197 2339 In
1227 2303 1291 2339 lib.
1324 2303 1365 2339 II
1396 2315 1426 2338 c.
1463 2305 1526 2347 43,
1559 2306 1622 2347 44,

215 2384 277 2424 45,
313 2383 363 2416 46
399 2380 555 2427 gravior
590 2378 690 2414 Livii
725 2384 779 2413 est
811 2390 928 2420 error,
964 2375 1080 2423 quod,
1122 2381 1203 2410 tota
1232 2386 1271 2409 re
1304 2374 1464 2409 obscure
1494 2374 1622 2410 animo

213 2452 501 2499 comprehensa,
533 2463 589 2493 ea,
621 2461 704 2496 quae
735 2461 766 2484 c.
788 2450 850 2486 43,
876 2451 894 2483 5
924 2452 1029 2491 [cum
1061 2444 1250 2492 Dionysio
1283 2443 1479 2479 Halicarn.
1500 2443 1575 2487 IX„
1599 2444 1620 2478 2

214 2521 459 2569 conspirans)
489 2519 640 2556 Fabio
682 2519 777 2554 duce
809 2518 854 2553 in
885 2516 1172 2553 Veientibus
1203 2514 1384 2550 accidisse
1422 2513 1622 2561 significat,

214 2599 348 2639 postea
379 2604 409 2627 c.
443 2594 504 2626 44.
543 2592 583 2625 11
619 2595 656 2624 et
686 2590 750 2627 46,
788 2591 798 2623 1
835 2588 872 2623 in
906 2599 1031 2623 rerum
1074 2585 1240 2634 proximi
1284 2584 1373 2620 anni
1402 2583 1623 2619 narratione

213 2668 397 2708 tanquam
429 2661 466 2696 in
499 2660 669 2707 AEquis
711 2665 820 2707 gesta
849 2663 992 2693 narrat.
1072 2654 1431 2697 Drakenborchius,
1477 2653 1624 2702 sigonii
