1811 2925
307 142 380 174 Lib.
407 142 504 177 XXI.
917 145 993 181 216

257 266 424 302 rationes
455 279 658 315 exponam,
689 267 881 316 profectus
913 279 936 302 a
965 267 1136 304 codicum
1159 268 1344 304 bonorum
1380 268 1489 317 (CM)
1521 276 1558 305 et
1587 270 1655 306 ali-

260 350 367 373 orum
407 337 552 385 aliquot
594 337 782 386 scriptura
827 341 1011 386 (eques,
1056 351 1131 374 non
1175 339 1388 387 equites).
1467 341 1654 389 Apparet,

259 407 409 444 Livium
454 408 615 456 primum
665 408 900 457 significare,
941 409 1261 456 quemadmodum
1307 411 1423 458 pedes
1468 419 1504 448 et
1541 423 1655 460 eques

259 484 416 527 paratus
447 480 494 515 ad
524 479 852 515 transmittendum
884 478 1010 523 fuerit,
1041 480 1174 517 deinde
1203 481 1325 529 ipsum
1357 480 1558 517 transitum
1587 481 1656 517 flu-

260 550 371 586 minis
404 551 628 587 describere.
688 550 826 597 Itaque
857 550 914 586 his
947 551 1087 587 verbis:
1127 552 1243 595 (Iam
1290 558 1489 601 paratas
1529 557 1658 601 apta-

259 626 432 669 tasque
462 622 690 665 habebat)
730 621 873 670 pedes
907 621 1077 657 lintres
1117 622 1348 670 respondere
1378 623 1498 659 simile
1530 623 1659 659 debet:

261 703 407 739 eques
439 720 446 727 .
479 720 486 728 .
520 723 526 729 .
557 704 716 730 naves.
781 692 931 728 Deinde
962 692 1013 740 (in
1046 704 1120 740 quo
1149 699 1237 740 post
1268 692 1457 730 Gronovii
1487 694 1660 730 admoni-

261 761 402 798 tionem
437 763 555 799 errari
584 762 766 811 potuisse,
806 762 867 798 vel
896 762 933 798 in
964 761 1209 799 Alschefskio
1244 763 1376 810 miror)
1407 777 1483 800 non
1515 765 1661 813 equites

262 846 384 882 neque
427 835 513 882 equi
555 841 711 878 nantes,
759 845 920 881 quorum
959 833 1170 882 perexigua
1217 833 1274 870 vis
1323 834 1457 871 fuisset
1498 836 1546 872 ad
1583 835 1661 872 vim

263 917 449 952 aquarum
479 904 753 954 frangendam,
799 905 864 940 sed
894 916 1010 940 naves
1040 904 1125 952 ipsa
1139 905 1399 953 magnitudine
1430 912 1466 941 et
1493 905 1663 954 pondere

263 982 299 1011 et
330 977 509 1013 continua
538 977 633 1013 serie
665 974 882 1024 (agmine)
912 974 1223 1022 tranquillitatem
1253 976 1448 1024 praebuere
1489 976 1664 1014 lintribus

263 1047 362 1084 infra
413 1047 766 1084 transmittentibus.
842 1047 942 1083 Tum
987 1045 1175 1093 equitibus
1220 1058 1336 1082 naves
1382 1046 1491 1083 datas
1536 1046 1665 1093 fuisse,

265 1118 400 1166 quibus
433 1126 469 1155 et
499 1119 571 1168 ipsi
601 1118 804 1154 transirent
835 1124 871 1153 et
901 1129 1018 1164 equos
1047 1116 1282 1161 traiicerent,
1323 1117 1462 1165 partim
1503 1118 1665 1155 navibus

264 1189 484 1238 impositos,
525 1189 663 1238 partim
703 1201 802 1237 pone
833 1200 951 1224 naves
981 1187 1072 1223 loris
1110 1193 1264 1230 tractos‚
1314 1200 1360 1223 ex
1390 1188 1453 1231 iis,
1494 1201 1578 1236 quae
1607 1201 1666 1225 se-

267 1266 451 1307 quuntur,
490 1272 645 1309 prorsus
689 1259 930 1308 perspicuum
968 1264 1040 1302 est3
1086 1257 1157 1306 ipsi
1205 1258 1356 1306 quidem
1404 1259 1549 1306 equites
1591 1271 1667 1295 non

266 1337 424 1375 narunt3
454 1344 541 1367 nam
577 1331 608 1367 si
635 1330 761 1366 nando
796 1331 842 1366 ab
880 1328 1095 1365 hominibus
1125 1329 1264 1364 flumen
1294 1329 1446 1366 transiri
1483 1329 1670 1378 potuisset

267 1402 458 1450 nandique
499 1414 629 1438 omnes
666 1401 777 1450 periti
815 1399 992 1443 fuissent,
1032 1399 1154 1435 inanis
1195 1399 1327 1436 fuisset
1357 1400 1479 1437 omnis
1511 1400 1666 1436 navium

268 1480 304 1509 et
328 1473 494 1510 lintrium
536 1480 755 1522 apparatus,
833 1471 1082 1509 Scribendum
1120 1471 1234 1519 igitur
1274 1477 1348 1507 est:
1388 1472 1486 1507 Iam
1526 1485 1669 1520 para-

268 1549 342 1580 tas
376 1573 384 1580 .
415 1572 422 1579 .
458 1573 466 1580 .
498 1544 711 1580 habebat
748 1543 891 1592 pedes
931 1541 1123 1586 lintres,
1169 1554 1311 1589 eques
1343 1542 1443 1578 fere
1472 1550 1671 1592 propter

269 1628 414 1664 equos
460 1628 620 1651 naves.
687 1614 892 1651 Navium
924 1625 1088 1662 agmen
1133 1619 1204 1648 cet.
1284 1613 1511 1661 (Plerasque
1540 1626 1670 1659 naves,

268 1699 343 1722 non
375 1699 505 1723 omnes
537 1685 726 1734 equitibus
757 1685 868 1721 datas
899 1684 1087 1733 significat
1118 1684 1287 1719 additum
1318 1682 1452 1732 fere.)

389 1756 484 1806 Cap.
512 1758 574 1797 28,
609 1759 655 1791 5:
684 1756 883 1792 tradunt
911 1754 1264 1791 ferocissimum
1296 1754 1438 1791 exiis
1470 1755 1671 1803 (elephan-

270 1828 332 1875 tis)
364 1827 611 1864 irritatum
647 1827 701 1863 ab
732 1832 923 1862 rectore
956 1837 1059 1869 sue,
1101 1838 1235 1873 quum
1267 1825 1586 1874 refugientem
1626 1825 1673 1862 in

272 1911 441 1946 aquam
472 1905 667 1935 nantem
713 1903 1015 1945 sequeretur,
1054 1896 1269 1931 traxisse
1304 1908 1505 1944 gregem.
1584 1896 1672 1932 Iure

271 1968 471 2005 VValchius
513 1969 638 2012 haesit3
684 1981 795 2005 nemo
838 1967 936 2003 enim
985 1967 1118 2002 eodem
1159 1972 1329 2015 tempore
1370 1973 1406 2002 et
1456 1965 1596 2014 refugit
1635 1966 1672 2002 in

273 2052 412 2087 aquam
444 2046 479 2076 et
509 2040 585 2076 iam
615 2046 692 2084 nat,
724 2039 826 2086 quod
858 2044 985 2073 tamen
1008 2037 1081 2072 ista
1108 2037 1395 2085 participiorum
1427 2037 1506 2072 sine
1537 2036 1675 2085 copula

273 2111 487 2147 coniunctio
536 2111 736 2159 signifieat,
815 2109 994 2145 Debebat
1037 2107 1127 2144 dici:
1171 2107 1341 2143 deinde
1386 2114 1574 2143 nantem
1609 2113 1676 2143 aut

274 2181 426 2217 saltem:
457 2188 501 2218 et
542 2188 749 2225 nantem3
793 2192 861 2216 nec
906 2186 1033 2215 tamen
1081 2184 1181 2223 erat,
1226 2190 1292 2213 cur
1336 2178 1408 2213 hoc
1455 2178 1675 2221 adderetur3

274 2265 387 2288 unum
417 2252 515 2288 enim
545 2252 636 2288 illud
668 2251 919 2299 quaerebatur,
967 2249 1159 2297 quomodo
1203 2248 1425 2296 elephantus
1456 2248 1503 2283 ad
1535 2260 1674 2295 aquam

278 2336 326 2359 ex
355 2322 440 2371 ripa
469 2322 754 2371 ingrediendam
785 2321 931 2356 illectus
962 2326 1070 2356 esset.
1140 2319 1277 2366 Itaque
1308 2330 1454 2357 vereor,
1485 2331 1532 2354 ne
1561 2330 1675 2354 nan-

277 2400 365 2429 tem
409 2394 641 2442 adscriptum
682 2392 729 2428 sit
772 2390 990 2427 declarandi
1021 2401 1136 2426 causa
1174 2389 1222 2425 ad
1257 2388 1323 2424 illa
1353 2388 1676 2437 refugientem

276 2463 321 2499 in
352 2476 535 2511 aquam.
594 2463 718 2500 Paulo
744 2470 833 2511 post
867 2465 903 2505 (ξ
928 2460 981 2509 S)5
1010 2460 1075 2497 ubi
1105 2460 1143 2496 in
1174 2459 1365 2496 codicibus
1400 2458 1454 2494 ita
1483 2458 1677 2494 scribitur:

278 2533 433 2569 altera
462 2534 584 2570 ratis
708 2533 816 2569 huic
847 2531 1077 2579 copulata
1108 2536 1199 2575 est,
1230 2535 1294 2574 ut,
1324 2542 1419 2565 cum
1452 2528 1677 2577 elephan-

278 2605 312 2640 ti
341 2617 424 2653 per
452 2604 676 2641 stabilem
706 2609 858 2639 ratem
899 2631 933 2641 ..
954 2632 962 2640 .
999 2599 1443 2650 praegredientibus
1484 2597 1677 2635 feminis

280 2676 377 2712 aeti
416 2676 495 2712 ubi
528 2675 573 2711 in
611 2674 837 2710 minorem
885 2673 1180 2721 applicatam
1215 2669 1513 2718 transgressi
1552 2674 1678 2708 sunt,
