1811 2925
795 134 872 171 499
1354 135 1429 165 Lib.
1451 134 1546 166 XLI.

126 257 289 294 videtur.
365 256 474 292 Infra
517 258 552 301 (ς’
590 258 675 304 12),
719 259 783 295 ubi
827 258 968 294 editur:
1016 257 1125 293 Haec
1170 258 1372 306 collegae
1416 259 1547 294 obse-

125 335 333 377 quenter
363 327 515 372 faeta,
555 329 738 376 quoniam
779 330 818 366 in
849 329 980 366 codice
1008 335 1084 365 est:
1133 328 1241 365 Haec
1273 342 1295 365 a
1326 329 1546 378 collegae,

128 400 207 436 dixi
238 398 479 436 scribendum
502 399 641 436 videri:
672 413 695 436 a
726 400 933 449 collega,
965 413 1081 448 quum
1103 400 1315 448 praesertim
1346 401 1548 450 collegae

128 483 280 510 nomen,
309 483 432 518 nuper
463 470 508 505 de
541 469 721 507 Graccho
742 471 923 520 positum,
952 470 1196 507 incommode
1213 471 1469 509 transferatur
1499 474 1547 510 ad

127 542 251 591 ipsum
284 537 544 589 Claudium,1)

239 612 335 661 Cap.
385 616 453 657 ll,
502 616 515 649 1
552 625 668 661 quum
698 613 737 648 in
782 613 914 650 codice
956 613 1165 649 scribatur:
1217 614 1394 650 Paucis
1438 621 1548 651 ante

124 684 296 721 diebus
340 684 510 720 Iunius
549 683 860 731 Manliusque
891 684 1125 733 oppidum
1167 684 1417 720 etmattius
1451 682 1547 733 (Ne-

125 755 306 802 sactium)
337 786 346 794 .
367 784 402 794 ..
433 768 612 792 summa
642 755 688 790 vi
719 762 1006 804 oppugnant
1037 755 1140 802 (edd.
1173 754 1548 804 oppugnarunt),

127 826 346 863 faciendum
369 826 520 862 videtur
551 833 913 875 oppugnarant3
944 839 1035 863 nam
1056 839 1224 875 praesens
1245 834 1395 875 tempus
1415 833 1549 875 aperte

127 898 335 935 excludunt
363 897 447 933 illa:
485 897 666 933 Paucis
710 904 822 933 ante
864 897 1051 935 diebuS.
1121 898 1251 934 Medio
1283 898 1408 946 capite
1440 898 1474 944 (ἓ
1508 900 1548 945 6)

126 983 276 1015 vereor,
306 976 348 1005 ut
377 976 479 1004 recte
509 968 715 1004 scribatur:
756 968 890 1004 cuius
930 968 1093 1017 (oppidi)
1126 969 1257 1017 capti
1293 969 1547 1005 tumultum

127 1049 175 1077 ut
213 1054 269 1077 ex
313 1040 416 1087 (cod.
457 1038 629 1074 tumuli
666 1040 737 1084 ex)
783 1039 961 1087 pavido
997 1039 1210 1075 clamore
1246 1039 1547 1088 fugientium

128 1112 316 1160 accepit
346 1123 441 1154 rex,
474 1109 674 1145 traiecit
704 1109 835 1146 ferro
866 1118 1055 1159 pectus3
1086 1123 1210 1158 neque
1232 1111 1331 1147 enim
1365 1111 1550 1148 tumultus

127 1195 176 1219 ex
206 1182 374 1218 clamore
406 1181 501 1231 (hoc
533 1188 589 1217 est
619 1193 763 1229 prope,
803 1194 851 1217 ex
888 1182 1069 1229 tumultu)
1111 1182 1233 1231 accipi
1264 1189 1366 1218 recte
1397 1183 1548 1220 dicitur.

127 1254 320 1290 Praestare
346 1253 514 1289 videtur:
545 1252 679 1289 cuius
710 1254 840 1302 capti
869 1253 1086 1290 nuntium
1110 1260 1159 1289 ut
1183 1266 1240 1290 ex
1266 1267 1370 1303 paV.
1396 1255 1452 1290 cl.
1477 1263 1548 1292 cet.

239 1322 335 1372 Cap.
377 1325 443 1360 12.
483 1324 527 1359 9:
572 1323 776 1371 Ligures
806 1325 851 1361 in
896 1332 1085 1361 montes
1126 1324 1418 1374 refugerunt
1447 1339 1551 1375 pas-

127 1395 235 1440 sim,
272 1395 631 1444 populantique
671 1403 973 1444 campestres
1017 1408 1162 1444 agros
1200 1398 1388 1434 consuli
1417 1398 1552 1434 nulla

130 1479 329 1515 usquam
360 1472 698 1514 apparuerunt
727 1479 870 1503 arma.
936 1467 1077 1515 Neque
1106 1467 1214 1504 locus
1245 1468 1419 1505 adverbii
1448 1482 1552 1518 pas-

128 1536 214 1571 sim
246 1536 371 1584 placet
401 1535 623 1585 (praestaret
655 1537 772 1574 enim:
816 1538 1001 1586 passim
1044 1538 1090 1574 in
1134 1546 1318 1575 montes
1356 1539 1553 1588 refuge-

128 1612 256 1651 runt)
298 1619 422 1655 neque
452 1616 558 1645 recta
589 1616 656 1645 aut
683 1609 739 1645 rei
769 1616 863 1658 apta
901 1609 1089 1646 sententia
1121 1616 1197 1653 est3
1247 1622 1337 1646 nam
1379 1624 1457 1647 una
1487 1612 1552 1648 via

128 1678 306 1714 abierunt
348 1679 510 1726 Ligures
550 1679 589 1715 in
625 1687 796 1724 montes,
833 1693 911 1716 non
957 1681 1104 1730 passim
1142 1694 1212 1730 per
1253 1694 1368 1730 agros
1413 1682 1551 1732 dilapsi

130 1756 228 1785 sunt.
289 1748 541 1787 scribendum
573 1763 656 1787 esse
698 1751 836 1800 opinor
868 1751 1104 1800 transposito
1137 1764 1242 1800 que:
1280 1752 1327 1788 in
1366 1760 1552 1791 montes

130 1820 438 1869 refugerunt,
468 1823 752 1871 passimque
781 1822 1045 1872 populanti
1076 1830 1373 1872 campestres
1405 1837 1551 1873 agros

129 1891 321 1927 consuli
362 1900 432 1929 cet.
524 1894 674 1931 Eadem
717 1894 910 1942 particula
953 1894 1192 1942 transposita
1234 1902 1290 1931 est
1333 1896 1407 1932 hoc
1453 1896 1552 1932 libro

128 1975 161 1999 c.
194 1963 259 2007 23,
292 1965 314 2000 6
347 1965 445 2007 (cod.
481 1966 825 2013 gravissimam
863 1965 1170 2013 omniumque
1208 1978 1279 2014 pro
1317 1967 1553 2015 gravissi—

131 2047 349 2083 mamque
379 2033 607 2085 omnium)
647 2043 684 2072 et
713 2036 847 2080 XLII,
881 2039 902 2073 4
937 2044 1034 2073 extr.
1069 2036 1172 2077 (cod.
1204 2037 1258 2073 de
1289 2037 1553 2075 discordiis

131 2105 460 2142 seditionibus
505 2107 704 2155 suisque
746 2120 836 2155 pro:
884 2107 938 2143 de
981 2106 1094 2143 disc.
1125 2098 1554 2158 seditionibusque

132 2178 177 2222 s.)
216 2183 252 2212 et
294 2177 366 2222 58,
408 2179 430 2213 9
473 2179 577 2221 (cod.
618 2178 831 2226 equitum
869 2190 1120 2226 sacraeque
1162 2179 1248 2215 alae
1291 2192 1383 2228 pro:
1426 2182 1554 2229 equi-

134 2253 322 2294 tumque
352 2259 498 2284 sacrae
528 2249 642 2298 alae).

246 2317 342 2367 Cap.
380 2321 441 2364 16,
473 2320 495 2355 2
529 2320 664 2368 (quum
695 2320 873 2369 religioni
902 2319 1058 2366 fuisset,
1097 2320 1201 2368 quod
1244 2321 1283 2356 in
1320 2335 1396 2358 una
1426 2323 1554 2359 hostia

134 2389 382 2437 magistratus
426 2391 652 2427 Lanuvinus
698 2399 878 2441 precatus
924 2404 1002 2427 non
1052 2397 1152 2427 esset
1192 2393 1336 2440 populo
1374 2394 1553 2430 Romano

136 2459 357 2506 Quiritium,
402 2473 540 2510 resque
571 2463 622 2499 ad
650 2464 851 2512 pontifices
881 2463 1005 2500 relata
1035 2468 1166 2509 esset),
1204 2463 1554 2511 pontificibus.

162 2614 195 2658 ²)
234 2619 252 2658 ξ
282 2622 300 2649 2
337 2629 430 2651 esse
456 2621 580 2652 excidit
615 2631 683 2652 non
714 2627 791 2662 post
817 2622 942 2653 satis.
975 2621 1035 2652 sed
1061 2620 1150 2652 inter
1174 2622 1402 2653 exereitus
1429 2628 1460 2652 ct
1487 2631 1559 2653 ex-

231 2681 346 2712 civit.

1224 2744 1286 2775 32⁹
