1811 2925
252 131 327 161 Lib.
348 129 515 161 XXXIX.
923 128 1000 163 458

252 254 430 289 docere
461 249 674 286 dilucide
720 260 803 284 nec
848 259 895 283 se
926 247 1049 282 satis
1082 247 1272 294 liquido
1305 247 1495 284 discere
1527 249 1582 284 ab
1616 261 1668 285 eo

253 328 446 359 senatus
490 332 625 368 quum
668 324 889 354 cerneret
915 329 1078 365 posse,
1121 316 1262 353 simul
1308 324 1377 354 etc.
1454 319 1499 354 In
1548 318 1670 354 nihil

251 393 414 427 horum
445 388 651 425 resumitur
681 387 899 435 sententia.)

363 459 459 508 Cap.
495 460 559 504 48,
592 459 613 494 2
647 464 684 494 et
715 459 757 494 3:
800 457 963 494 Multae
1002 461 1049 492 et
1078 468 1243 504 parvae
1273 457 1670 506 disceptationes

253 532 567 568 iactabantur
602 528 667 576 (ab
698 528 835 576 legatis
867 526 1171 564 Lacedaemoniis
1202 527 1442 564 inssenatum
1475 529 1669 565 introduc-

251 602 329 652 tis),
359 601 439 638 scd
472 612 570 648 quae
601 598 807 635 maxime
837 611 930 634 rem
962 597 1290 642 continerent,
1322 604 1484 643 erant,
1516 605 1668 635 utrum

252 672 655 711 restituerentur,
708 680 826 716 quos
879 667 1044 704 Aehaei
1091 667 1465 713 damnaverant,
1510 681 1670 713 necne,

251 743 418 790 inique
449 754 507 777 an
538 740 643 776 iure
674 738 988 783 occidissent,
1022 750 1141 786 quos
1173 738 1477 782 occiderant;
1515 745 1671 775 verte-

251 815 394 850 batur
424 817 490 855 et,
520 816 677 846 utrum
707 813 959 845 manerent
999 808 1045 844 in
1075 808 1293 845 Achaico
1337 807 1547 844 concilio
1580 810 1670 845 La-

252 881 535 920 cedaemonii
566 893 643 923 an,
674 886 724 915 ut
754 885 863 916 ante
894 878 1083 921 fuerat,
1126 884 1367 914 secretum
1399 878 1500 914 eius
1530 879 1671 915 unius

252 954 298 990 in
330 953 674 1000 Peloponneso
706 949 928 985 civitatis
958 949 1029 984 ius
1062 955 1201 986 esset.
1272 950 1318 985 In
1361 949 1457 984 duas
1489 948 1671 985 dividitur

253 1022 572 1070 disceptationes,
617 1020 719 1068 quod
751 1026 888 1068 postea
928 1032 1005 1055 una
1034 1019 1186 1055 videtur
1220 1020 1491 1067 comprehendi
1522 1027 1559 1055 et
1587 1027 1671 1056 tan-

255 1107 368 1142 quam
409 1105 526 1128 unum
573 1090 735 1127 iudicari
779 1089 991 1135 (restitui
1040 1089 1324 1137 iudiciaque
1373 1089 1505 1126 facta
1562 1090 1672 1126 tolli

252 1163 482 1212 placuit),
530 1161 711 1208 quodque
762 1161 958 1196 molestius
995 1166 1075 1205 est,
1107 1173 1154 1196 ex
1186 1173 1319 1196 earum
1349 1160 1669 1208 disceptationum

252 1246 424 1277 numero,
457 1245 541 1280 quae
570 1244 651 1267 rem
682 1230 949 1273 continuerint,
981 1230 1196 1266 excluditur
1226 1237 1263 1266 ct
1294 1231 1332 1266 in
1364 1230 1586 1277 appendicis
1614 1230 1671 1266 lo-

253 1317 337 1340 cum
368 1302 567 1339 coniicitur
605 1302 909 1348 (vertebatur
940 1302 1020 1347 et),
1067 1312 1150 1348 quae
1197 1300 1316 1335 multo
1361 1299 1532 1335 maxima
1577 1308 1672 1343 erat,

255 1381 380 1410 utrum
421 1373 480 1409 sui
517 1373 610 1408 iuris
651 1371 905 1408 Lacedaemon
949 1377 1048 1407 esset
1090 1382 1138 1405 an
1169 1370 1324 1406 Achaeis
1355 1370 1669 1408 contribueretur.

250 1446 388 1491 Itaque
417 1442 634 1479 necessario
665 1442 901 1478 restituenda
931 1447 999 1485 est,
1031 1452 1115 1487 quae
1146 1440 1236 1476 olim
1265 1440 1303 1475 in
1324 1440 1552 1477 editionibus
1575 1447 1668 1485 erat,

249 1514 517 1563 interpunctio,
545 1513 612 1549 sed
643 1512 755 1549 simul
786 1511 1003 1547 addendum
1029 1509 1274 1554 vocabulum,
1307 1511 1410 1557 quod
1439 1518 1518 1547 tum
1537 1511 1668 1547 deesse

250 1585 398 1632 nequit:
435 1613 472 1623 ..
493 1613 501 1622 .
540 1584 634 1628 sed,
670 1596 769 1631 quae
800 1582 1004 1618 maxime
1034 1592 1129 1616 rem
1161 1579 1485 1625 continerent,
1515 1580 1668 1626 haeffl,

250 1655 287 1690 id
321 1661 402 1699 est,
448 1654 587 1701 duae?)
635 1660 793 1689 erant:
842 1654 1017 1690 Utrum
1191 1650 1503 1696 occidissent,
1548 1663 1668 1698 quos

251 1724 547 1767 occiderant,
578 1725 941 1765 vertebatur,et
974 1728 1129 1758 utrum
1160 1728 1413 1757 manerent
1433 1726 1502 1759 etc.
1554 1722 1668 1769 Quod

249 1795 426 1830 universe
469 1794 723 1842 significatum
760 1799 861 1837 erat,
910 1792 1118 1840 separatim
1164 1791 1382 1827 declaratur
1410 1791 1530 1827 verbo
1561 1804 1666 1827 ver-

250 1865 459 1900 tebatur.
539 1864 617 1901 Sed
666 1864 713 1900 de
757 1865 830 1900 hoc
873 1864 957 1911 ipso
1007 1863 1125 1898 verbo
1160 1874 1236 1897 non
1271 1861 1393 1897 solum
1424 1862 1668 1897 vehementer

250 1935 393 1977 dubito,
424 1934 490 1970 sed
520 1946 678 1983 prorsus
709 1946 808 1981 nego
841 1933 979 1969 Latine
1009 1933 1103 1968 dici:
1139 1931 1374 1973 Vertitur,
1395 1938 1549 1968 utrum
1577 1932 1667 1968 hoc

250 2018 306 2040 an
335 2005 454 2040 illud
485 2004 665 2041 factum
699 2004 761 2040 sit
793 2003 942 2053 (fiat),
972 2009 1013 2039 ut
1043 2003 1111 2038 sit:
1153 2002 1189 2037 in
1231 2002 1493 2037 controversia
1531 2008 1567 2038 et
1602 2002 1667 2038 lite

250 2082 316 2111 est.
377 2076 510 2123 Longe
540 2074 639 2110 enirn
670 2074 862 2110 diversum
894 2080 962 2118 est,
996 2074 1034 2109 in
1066 2074 1196 2121 aliqua
1226 2085 1266 2108 re
1297 2072 1405 2117 verti,
1437 2078 1562 2108 utrum
1593 2073 1666 2108 hoc

250 2158 300 2181 an
328 2145 420 2180 illud
452 2146 519 2181 fiat
551 2147 606 2191 (es
636 2145 780 2180 beruhe
810 2146 880 2181 auf
907 2146 1056 2191 etwas).
1126 2144 1259 2180 Livius
1294 2143 1374 2179 sine
1405 2143 1521 2178 dubio
1546 2142 1665 2191 scrip-

250 2215 314 2251 sit:
346 2216 642 2251 certabatur.

360 2284 455 2333 Cap.
488 2289 551 2330 55,
582 2288 621 2321 5:
653 2286 707 2324 M.
739 2285 974 2322 Claudius
1006 2283 1199 2328 consul,
1254 2283 1416 2321 Gallis
1464 2297 1522 2321 ex
1554 2297 1664 2333 pro-

249 2355 408 2391 vincia
438 2356 647 2398 exactis,
683 2355 916 2391 Istricum
947 2355 1125 2391 bellum
1165 2353 1330 2390 moliri
1367 2355 1552 2402 coepit,
1590 2354 1664 2390 lit-

248 2426 365 2462 teris
396 2426 451 2461 ad
481 2432 702 2462 senatum
732 2426 973 2469 missis‚ut
1005 2425 1097 2462 sibi
1127 2424 1172 2460 in
1190 2425 1387 2461 Istriam
1404 2424 1665 2460 traducere

249 2496 466 2544 legiones
489 2495 679 2534 liceret.
721 2497 774 2532 Id
795 2495 985 2533 senatui
1006 2495 1206 2543 placuit.
1246 2494 1662 2542 Brevihuicsignifica-

248 2566 341 2602 tioni
385 2566 624 2614 comprobati
655 2566 821 2602 consulis
865 2565 1024 2606 consilii,
1055 2565 1129 2613 ipsi
1155 2564 1248 2600 satis
1277 2564 1438 2600 insolitae
1466 2565 1534 2612 (--
1571 2577 1661 2600 nam

249 2635 498 2683 placuitde
521 2635 693 2681 decretis,
709 2636 845 2683 quibus
874 2636 955 2684 ipse
985 2642 1140 2671 senatus
1153 2635 1298 2682 aliquid
1319 2634 1399 2670 fieri
1415 2633 1537 2678 iubet,
1569 2633 1661 2669 diei-
