1811 2925
313 131 387 161 Lib.
399 130 534 164 XXIV.
941 133 1018 169 282

267 253 496 301 quibusdam
532 253 676 289 factum
707 252 852 297 sicut)
893 265 980 301 pro
1012 260 1149 300 parte
1194 255 1378 291 totiens
1409 256 1534 291 intra
1565 268 1683 304 pau-

267 336 345 360 cos
376 324 477 359 dies
507 323 641 360 victa
670 323 823 360 isdem
856 323 1044 359 animas
1076 324 1248 371 quibus
1279 339 1342 374 pr.
1380 326 1683 362 ortaeodem-

268 407 356 442 que
389 394 538 443 (iisdem
570 394 705 430 litteris
736 395 804 439 M,
835 394 960 439 Harl,
993 394 1090 430 Lov.
1127 396 1163 440 2,
1196 397 1231 441 3,
1264 399 1305 441 43
1346 397 1382 433 in
1415 398 1510 435 LOV.
1551 399 1563 433 l
1596 396 1684 432 hinc

267 465 410 502 fact-um
458 465 592 513 prior
631 470 740 501 orta
786 465 1074 512 eodemque,
1118 466 1156 501 iu
1202 467 1285 503 aliis
1323 467 1457 515 prius
1507 467 1684 511 coorti,

267 535 358 581 alia)
391 541 569 570 eventu
599 548 901 584 pugnavere.
983 535 1176 572 Universa
1222 538 1410 573 sententia
1439 537 1532 574 satis
1563 550 1682 585 appa-

267 612 342 646 ret,
389 606 459 642 etsi
503 606 568 642 alii
612 618 794 654 magnam
839 613 987 654 partem
1020 606 1157 642 milites
1187 607 1345 649 fuerint,
1375 615 1504 644 tamen
1535 608 1683 643 animos

267 676 420 713 eosdem
452 683 489 712 et
519 682 696 714 eventum
729 678 892 713 eundem
923 677 1058 718 fuisse:
1103 678 1170 714 sed
1206 678 1244 714 in
1276 679 1458 714 orationis
1489 678 1615 714 forma
1648 684 1684 714 et

266 747 393 783 verbis
423 747 635 783 laboratur.
701 748 815 795 Quod
847 754 962 784 antea
994 749 1195 784 edebatur:
1227 749 1329 785 Alii
1359 749 1582 797 plerique
1603 748 1683 784 mi-

266 818 399 863 lites,
447 817 572 854 sicut
603 831 688 867 pro
710 825 849 867 parte
890 850 923 855 ..
962 819 1110 863 victa,
1142 819 1316 856 iisdem
1351 819 1544 864 animis,
1578 819 1682 867 qui-

267 889 352 924 bus
384 888 541 937 prius,
574 890 836 937 eodemque
882 896 1057 926 eventu
1088 902 1391 939 pugnavere,
1436 897 1478 926 ut
1508 891 1681 926 omittam

266 959 421 1007 prius,
468 960 570 1007 quod
612 966 649 995 et
686 973 708 996 a
741 960 935 996 codicibus
966 961 1076 997 bonis
1112 961 1262 1009 longius
1294 960 1436 997 recedit
1467 967 1503 996 et
1532 966 1682 996 senten-

267 1030 320 1066 tia
350 1043 507 1078 prorsus
537 1043 699 1078 pravum
737 1038 793 1066 est
841 1033 906 1077 (—
940 1044 1064 1079 neque
1096 1031 1193 1066 enim
1227 1031 1291 1067 alii
1327 1031 1380 1066 illi
1410 1031 1547 1067 milites
1577 1031 1683 1079 prius

266 1106 535 1150 pugnaverant
567 1105 651 1145 -),
702 1102 881 1137 vitiosam
927 1102 1043 1137 habet
1081 1108 1117 1137 et
1147 1114 1322 1138 mancam
1354 1102 1681 1150 comparationem

270 1171 442 1215 (sicut,
485 1184 561 1207 non
591 1177 774 1220 sequente
805 1172 896 1216 ita)
942 1184 1012 1220 pro
1044 1184 1170 1208 causae
1200 1173 1488 1221 significatione.
1568 1172 1681 1219 Quod

268 1248 395 1278 autem
436 1242 772 1278 Weissenbornius
812 1244 892 1278 haec
932 1243 1076 1291 posuit:
1121 1243 1266 1279 sicuti
1304 1256 1387 1291 pro
1426 1249 1566 1292 parte
1608 1248 1681 1278 to-

267 1313 394 1349 tiens
434 1341 473 1352 .,
525 1313 655 1349 victa
720 1314 874 1349 isdem
920 1314 1092 1349 animis
1135 1314 1306 1361 quibus
1351 1314 1564 1362 priores.
1615 1314 1682 1349 ita

269 1383 433 1419 eodem
450 1396 536 1431 que
568 1390 741 1420 eventu
772 1397 1073 1433 pugnavere.
1124 1390 1165 1421 ut
1195 1384 1392 1429 omittam,
1434 1397 1457 1420 a
1487 1384 1680 1421 codicibus

269 1454 329 1490 hic
360 1467 513 1502 quoque
546 1454 639 1490 satis
670 1467 861 1491 recessum
893 1467 996 1499 esse,
1038 1455 1205 1491 maxime
1247 1456 1285 1491 in
1315 1456 1379 1491 illo
1410 1456 1494 1503 ipso
1525 1455 1616 1500 ita,
1648 1463 1685 1492 et

268 1538 389 1574 prave
431 1525 602 1562 iisdem
645 1526 819 1562 animis
865 1526 1128 1573 eodemque
1166 1532 1343 1562 eventu
1380 1526 1524 1562 divellit
1566 1532 1602 1562 et
1645 1526 1684 1562 in

269 1596 534 1643 eodemque
576 1595 788 1631 orationem
836 1596 951 1633 efficit
996 1597 1099 1632 nullo
1144 1597 1259 1633 modo
1291 1597 1566 1641 cohaerentem,
1612 1596 1684 1632 nisi

269 1666 368 1702 forte
401 1666 470 1701 ita
501 1666 763 1713 eodemque
794 1667 922 1703 nescio
955 1680 1030 1715 quo
1062 1680 1163 1704 novo
1194 1668 1390 1716 particulae
1424 1680 1494 1703 usu
1511 1667 1684 1715 accipere

268 1737 443 1773 iubemur
472 1749 563 1785 pro:
593 1736 664 1772 ita
695 1737 856 1774 eodem
890 1751 1079 1786 quoque
1110 1744 1294 1782 eventu,
1316 1739 1389 1773 hoc
1415 1744 1482 1782 est,
1507 1744 1680 1774 eventu

269 1820 458 1856 quoque
488 1807 663 1843 eodem.
743 1808 906 1844 Frustra
954 1809 1128 1844 homines
1159 1809 1260 1845 docti
1302 1809 1339 1844 in
1384 1809 1683 1856 comparationis

268 1877 393 1914 forma
425 1877 626 1913 efficienda
656 1878 915 1921 elaborarunt,
947 1891 969 1914 a
999 1891 1121 1926 pravo
1152 1878 1259 1914 initio
1292 1879 1435 1925 (sicut
1466 1891 1513 1914 ex
1543 1879 1683 1926 sique

270 1947 425 1994 effecto)
456 1947 631 1996 protecti.
694 1948 838 1991 Livius,
874 1949 911 1984 ni
943 1949 1077 1989 fallor,
1109 1949 1161 1984 ¹sic
1192 1948 1414 1996 scripserat:
1445 1948 1547 1984 Alii
1580 1948 1680 1997 ple-

267 2019 410 2066 rique
452 2018 654 2063 milites,
699 2040 740 2045 -—
778 2019 953 2067 quippe
1007 2032 1096 2067 pro
1139 2024 1279 2066 parte
1321 2020 1507 2055 totiens
1554 2019 1682 2055 int-ra

267 2101 451 2137 paucos
483 2089 587 2124 dies
617 2089 769 2129 victa,
809 2111 858 2116 —-
893 2089 1063 2125 iisdem
1096 2089 1292 2134 animis,
1341 2090 1516 2138 quibus
1546 2089 1681 2138 prio-

267 2172 361 2203 res,
389 2159 651 2207 eodemque
681 2166 859 2196 eventu
890 2171 1189 2207 pugnavere.
1250 2160 1356 2195 Nihil
1389 2160 1491 2196 aliud
1523 2172 1680 2208 exspec-

267 2230 422 2265 tandum
468 2229 584 2266 fuisse
630 2231 819 2279 significat
871 2230 963 2265 illud
1007 2230 1080 2278 ipsi
1123 2230 1177 2265 rei
1209 2230 1445 2278 praemissum
1487 2231 1680 2279 quippe;

268 2301 302 2336 ei
332 2300 529 2348 particulae
560 2300 693 2336 leviter
726 2307 914 2348 corruptae
946 2300 1089 2349 (ique)
1139 2300 1299 2336 adhaesit
1327 2314 1343 2339 S
1376 2313 1422 2336 cx
1462 2301 1679 2349 praeceden-

268 2370 294 2405 ti
330 2383 442 2415 voce3
473 2383 542 2418 pro
573 2383 639 2418 pr.
672 2378 781 2407 orta
813 2371 986 2407 restituto
1015 2372 1239 2419 priores,
1272 2372 1374 2418 quod
1404 2371 1479 2407 iam
1511 2384 1534 2407 a
1565 2371 1681 2406 Valla

267 2440 460 2476 inventum
493 2447 530 2476 et
560 2454 582 2476 a
612 2441 741 2477 multis
771 2442 977 2489 probatum
1010 2448 1104 2486 erat,
1135 2448 1261 2477 cetera
1294 2455 1314 2477 e
1337 2441 1528 2477 codicibus
1551 2441 1680 2476 omnia

267 2509 382 2546 tenui.

379 2579 474 2628 Cap.
508 2583 570 2617 45.
630 2582 674 2617 In
699 2582 773 2618 hoc
804 2582 928 2630 capite
958 2582 1068 2630 plura
1089 2581 1181 2617 satis
1211 2580 1408 2629 insigniter
1438 2581 1677 2617 emendanda

268 2656 367 2695 sunt,
399 2650 465 2686 sed
496 2662 626 2686 eorum
658 2651 805 2687 initium
849 2664 872 2687 a
902 2664 943 2687 re
972 2664 1165 2700 perparva
1209 2651 1392 2699 capietur.
1458 2651 1560 2687 Nam
1589 2654 1607 2695 ξ
1639 2651 1682 2695 2,
