1811 2925
275 156 346 186 Lib.
369 154 500 189 XLIV.
943 158 1019 195 582

268 279 512 316 adversus
530 278 774 319 Gentium.
829 279 976 315 Patre
997 279 1234 315 Pleurato
1265 292 1375 328 rege
1406 279 1689 329 Illyriorum

269 355 314 385 et
344 354 495 385 matre
525 349 775 398 Eurydica
817 349 1016 398 genitus
1058 348 1242 386 fratres
1273 350 1390 386 duos
1428 379 1466 391 .,
1504 351 1687 387 habuit.

271 421 408 468 Neque
429 419 467 455 in
499 420 689 456 sententia
718 420 883 457 relativa
903 419 1118 468 imperfecti
1147 420 1330 468 temporis
1358 422 1516 458 verbum
1549 421 1689 469 (erat)

269 489 394 526 omitti
435 490 537 539 apud
569 491 822 539 gerundivum
863 490 1001 540 potuit,
1048 503 1172 538 neque
1200 491 1386 527 narratio!
1401 491 1599 528 transferri
1640 491 1688 527 ad

269 560 401 598 Gentii
434 573 555 609 genus
587 561 870 610 exponendum,
900 561 973 597 nisi
1012 567 1146 597 notata
1178 574 1344 610 persona
1382 562 1515 598 saltem
1547 574 1689 610 prono-

269 631 369 668 mine
402 631 495 680 (is).
575 631 666 669 Sine
700 631 817 668 dubio
849 631 983 668 Livius
1013 632 1238 680 scripserat:
1284 631 1508 669 Gentium
1553 630 1688 681 [erat.

268 701 496 752 Gentius]
528 709 672 751 patre
701 702 936 738 Pleurato
967 700 1081 750 cet.¹)

380 772 475 822 Cap.
512 775 575 818 31,
609 776 650 809 7:
695 773 835 820 Quod
867 773 905 808 si
936 772 1115 809 clausis
1145 773 1303 822 portis
1337 785 1495 809 muros
1527 777 1689 820 porta-

267 855 470 892 rumque
525 850 687 880 turres
752 843 1010 892 dispositis
1065 844 1270 880 armatis
1333 843 1690 888 defendissent,

267 926 397 950 vano
429 926 529 951 cum
563 915 760 963 incepto
791 913 1104 962 pepulissent
1148 916 1399 952 Romanos.
1460 913 1556 950 Cod.
1591 920 1687 949 tur-

267 984 782 1033 risdispositaarmati
833 984 1183 1024 defendissent.
1266 984 1516 1023 Scribendum
1555 983 1688 1031 igitur:

267 1054 502 1103 dispositi
548 1056 725 1092 armati
773 1055 1115 1092 defendissent
1155 1062 1226 1094 etc.
1305 1055 1488 1104 Alioquin
1521 1054 1688 1091 defen-

267 1125 421 1161 disset
452 1126 500 1162 de
531 1125 673 1163 Gentio
705 1139 795 1174 rege
826 1127 968 1163 dictum
1001 1133 1112 1163 esset.

382 1195 560 1245 Cap-32,
581 1199 599 1232 7
635 1196 673 1232 in
705 1196 835 1233 codice
866 1197 920 1233 sic
952 1197 1150 1233 scribitur:
1182 1197 1368 1233 AEnean
1393 1205 1459 1234 00
1492 1196 1687 1244 equites

267 1266 712 1315 Creantigonensis
769 1267 901 1304 misit
959 1268 1017 1303 ad
1078 1267 1327 1303 tutandam
1377 1266 1685 1302 maritumam

267 1349 410 1373 oram.
489 1337 655 1374 Videtur
694 1337 831 1375 fuisse:
873 1338 1078 1374 AEneam
1122 1346 1188 1375 00
1231 1337 1420 1385 equites
1455 1342 1498 1372 et
1538 1338 1685 1376 Creon

266 1407 626 1455 Antigonensis
657 1409 793 1445 missi
824 1409 881 1445 ad
912 1414 938 1447 t.
969 1421 1018 1444 m.
1051 1421 1086 1446 ο.
1152 1408 1401 1457 Kreyssigius
1433 1406 1510 1456 (cui
1541 1405 1686 1443 Creon-

265 1477 312 1513 tis
343 1490 482 1514 nomen
514 1479 689 1527 debetur)
729 1486 766 1515 et
804 1478 1143 1515 WVeissenbornius
1178 1479 1329 1527 longius
1362 1491 1384 1514 a
1417 1478 1588 1527 vestigiis
1622 1491 1701 1514 co-·

265 1548 359 1584 dicis
403 1549 613 1585 discedunt.
699 1549 837 1586 Misit
881 1556 917 1586 et
966 1550 1103 1586 missi
1150 1551 1241 1586 alibi
1286 1562 1439 1597 quoque
1482 1549 1519 1584 in
1566 1549 1684 1585 Vind.

265 1619 438 1656 confusa.

378 1690 475 1739 Cap.
521 1692 569 1727 33
588 1718 598 1736 ,
647 1692 661 1727 1
698 1690 807 1740 (post
836 1691 1035 1735 lacunam,
1084 1690 1149 1726 ubi
1180 1690 1225 1726 de
1259 1690 1305 1728 L.
1336 1690 1499 1726 AEmilio
1530 1690 1686 1726 consule

265 1774 376 1809 aquae
406 1761 557 1811 inopiae,
590 1774 667 1809 qua
700 1760 891 1798 exercitus
921 1759 1139 1805 laborabat,
1174 1773 1396 1797 succurrere
1426 1766 1564 1796 conato
1595 1773 1684 1796 nar-

264 1829 410 1882 ratur):
455 1832 710 1868 Postremo
753 1830 890 1879 sequi
933 1842 980 1866 se
1013 1831 1228 1867 utrarios
1271 1832 1329 1867 ad
1361 1843 1506 1875 mare,
1555 1831 1683 1878 quod

262 1902 418 1939 minus
450 1909 611 1939 trecen
625 1908 699 1938 tos
719 1913 894 1950 passus
917 1901 1100 1946 aberat,
1122 1901 1267 1937 iussit
1289 1907 1332 1938 et
1355 1901 1400 1936 in
1422 1901 1570 1937 litore
1601 1901 1684 1937 ali-

264 1985 314 2009 os
345 1972 463 2009 alibi
495 1972 699 2009 modicis
730 1971 1020 2008 intervallis
1051 1970 1231 2009 fodere.
1288 1972 1548 2017 Utrariorum,
1579 1972 1683 2020 quod

263 2055 401 2078 nomen
434 2042 525 2079 alibi
556 2056 632 2079 non
663 2043 875 2092 reperitur,
923 2042 1007 2089 quis
1043 2053 1135 2078 usus
1165 2041 1280 2077 fuerit
1312 2042 1348 2077 in
1378 2042 1503 2090 puteis
1533 2040 1682 2077 fodien-

264 2113 321 2148 dis
354 2113 507 2150 disficile
539 2120 596 2150 est
626 2114 841 2157 intellectu;
883 2113 914 2148 si
943 2125 1054 2160 aquae
1085 2112 1196 2161 copia
1227 2118 1365 2160 parata
1395 2110 1542 2155 fuisset,
1586 2111 1683 2147 utri-

261 2184 332 2220 bus
363 2197 446 2219 eam
478 2184 517 2220 in
549 2189 677 2221 castra
708 2184 845 2220 milites
876 2183 949 2231 ipsi
978 2189 1221 2231 portassent,
1274 2196 1348 2219 non
1379 2182 1577 2231 proprium
1610 2182 1681 2218 ali-

263 2253 367 2300 quod
397 2254 594 2291 hominum
616 2266 749 2303 genus.
811 2252 964 2290 Codex:
993 2254 1133 2302 sequi
1165 2253 1248 2289 scd
1261 2253 1494 2289 utrarios.
1548 2253 1681 2289 Livius

260 2323 483 2371 scripserat:
529 2324 668 2372 sequi
713 2336 760 2360 se
804 2324 1063 2375 putearios
1106 2324 1145 2376 (p
1185 2337 1254 2372 pro
1288 2323 1339 2370 (l).
1428 2324 1574 2360 Eorum
1620 2323 1681 2359 hic

259 2393 371 2430 labor
415 2400 498 2430 erat
539 2401 741 2443 puteorum
788 2394 1079 2438 fodiend01·un1;
1133 2406 1269 2430 nomen
1314 2400 1369 2430 est
1416 2394 1529 2430 etiam
1576 2393 1679 2442 apud

286 2554 317 2593 ¹)
355 2559 374 2598 ς’
403 2560 443 2588 13
470 2557 649 2590 Livianum
680 2570 748 2591 non
774 2566 839 2592 est:
866 2560 915 2590 ad
950 2559 1127 2590 auxilia
1168 2559 1476 2590 Parthinorum
1514 2559 1678 2590 iunctis

352 2619 440 2659 (eod.
468 2619 663 2658 iuventa)
690 2621 858 2653 duobus
887 2621 1089 2658 milibus,
1129 2621 1188 2651 sed
1215 2621 1458 2657 adiunctis,
1496 2620 1560 2650 nisi
1590 2619 1678 2651 forte

350 2681 442 2710 aliud
474 2680 589 2711 subest
616 2682 646 2721 (e
673 2681 992 2713 Parthinorum
1022 2683 1246 2713 iuventute
1273 2682 1503 2713 adiunctis
1530 2682 1562 2715 d.
1589 2682 1652 2719 m.)
