1811 2925
857 126 932 162 573
1388 124 1605 156 Lib.XLIV.

185 248 249 284 tis
280 260 379 285 eum
414 248 665 292 manebat,
713 248 956 284 Eumenes
988 246 1182 284 visurus
1228 247 1392 284 fuerit.
1475 247 1605 283 Mendi

185 318 331 367 aliquid
365 319 425 356 hio
457 330 552 362 esse,
598 318 675 354 iam
718 331 788 367 per
817 330 858 354 se
888 317 1048 366 intelligi
1093 324 1259 367 poterat.
1338 318 1477 365 Neque
1507 317 1605 353 enim

185 389 263 425 ulla
293 389 395 425 iacta
440 396 523 426 erat
564 391 731 440 suspicio
779 389 826 425 de
857 389 1030 425 Eumene
1076 388 1211 425 Persei
1259 388 1358 425 bello
1400 387 1608 424 invadendi

184 459 344 496 consilia
375 460 570 508 agitante,
618 461 690 498 nisi
721 460 824 509 quod
855 472 947 496 sane
977 459 1121 495 iamdiu
1171 466 1303 508 aperte
1337 460 1536 496 Romanos
1570 458 1607 493 in

184 529 285 566 bello
317 536 452 566 contra
483 544 567 567 eum
599 531 828 575 adiuvabatg
861 542 1000 578 neque,
1035 542 1120 578 quae
1154 529 1419 575 subiiciuntur,
1438 529 1487 565 ad
1521 542 1606 565 eam

185 600 442 648 suspicionem
470 601 678 638 tollendam
710 602 789 638 ulla
819 614 866 637 ex
893 606 1004 649 parte
1033 600 1236 648 pertinent,
1268 600 1334 637 sed
1355 600 1404 636 ad
1431 612 1529 644 eam,
1562 599 1610 635 de

185 683 263 719 qua
292 683 370 707 una
400 672 598 720 agebatur5
631 673 886 721 cogitassetne
916 671 1131 716 Eumenes,
1171 670 1313 707 relictis
1343 671 1609 708 Romanorum

183 741 372 789 partibus,
404 742 548 778 Perseo
579 754 620 778 se
651 743 873 791 adiungere.
949 743 1081 789 Atque
1128 742 1209 777 haec
1253 741 1465 778 certissimo
1504 740 1609 777 testi-

184 812 314 848 monio
346 813 548 849 confirmat
579 820 754 862 repertus
784 813 822 849 in
851 812 1079 861 fragmentis
1123 811 1325 848 Vaticanis
1362 812 1517 861 Polybii
1549 811 1609 847 lo-

189 895 276 927 cuS,
318 895 430 931 quem
462 883 596 919 Livius
627 885 817 932 expressit-
867 884 1058 927 (XXIX,
1108 886 1121 919 1
1161 895 1190 919 c.
1222 895 1259 932 p.
1308 884 1408 920 1032
1442 881 1609 929 Bekk.):

177 948 287 992 ¹'On
319 953 405 1004 μὲν
445 945 528 993 οὖν
557 947 772 1006 Ετῖ,(ιε’νης
804 946 885 993 οὐκ
918 946 976 992 ἄν
1008 947 1245 1005 ἐβουλήθη
1285 951 1456 1005 Περσέα
1499 966 1608 1005 κρα-

186 1022 319 1074 τῆσαι
352 1023 410 1077 τῷ
443 1023 625 1077 πολ..’«ἰυιμ
661 1022 731 1063 καὶ
765 1023 981 1077 γενέσθαι
1014 1017 1169 1076 κύριον
1201 1023 1291 1063 τῶν
1321 1019 1451 1072 ὅλων,
1484 1017 1610 1077 εὐχε-

185 1095 255 1146 ρὲς
289 1098 595 1148 καταμαθεῖν.
639 1096 808 1145 Egregie
831 1096 1336 1144 igiturForchhammerus:
1370 1097 1612 1133 Eumenes

184 1179 338 1214 neque
371 1167 495 1203 savit.
523 1167 745 1203 victoriae
775 1166 947 1203 Persei
976 1179 1131 1214 neque
1152 1166 1290 1203 bello
1313 1180 1414 1203 eum
1438 1168 1609 1207 iuvare

183 1236 231 1272 in
263 1236 419 1273 animo
450 1238 629 1274 habuit.
691 1238 767 1275 Sed
798 1249 999 1286 superesse
1031 1236 1211 1273 mendum
1242 1236 1279 1272 in
1312 1237 1380 1282 iis,
1429 1251 1514 1286 quae
1546 1238 1611 1273 (le-

184 1306 377 1343 clarandae
408 1314 445 1344 et
476 1309 747 1345 confirmandae
777 1308 832 1344 rei
849 1319 966 1344 causa
991 1307 1254 1351 subiiciuntur‚
1287 1308 1415 1356 arguit
1444 1308 1609 1356 primum

184 1377 309 1414 oratio
340 1378 500 1415 vitiosa:
541 1392 633 1415 non
676 1384 774 1414 tam
805 1378 917 1426 quia
948 1384 1161 1426 paternae
1305 1390 1445 1426 quam
1475 1378 1610 1427 ipso-

188 1461 287 1485 rum
333 1449 459 1485 odiis
506 1461 724 1486 accensae
779 1452 854 1493 (—
905 1449 1072 1485 debebat
1115 1449 1213 1484 enim
1267 1449 1485 1485 necessario
1537 1448 1611 1484 dici

189 1532 328 1568 quam
361 1519 475 1567 quia
509 1520 602 1567 -),
646 1519 782 1556 deinde
815 1519 900 1567 ipsa
930 1531 1015 1564 res,
1047 1520 1114 1565 (—
1147 1519 1279 1567 inepta
1310 1526 1367 1556 est
1396 1519 1495 1555 enim
1527 1519 1610 1555 dili-

186 1601 280 1638 gens
309 1590 391 1625 haec
422 1589 614 1627 distinctio
645 1597 681 1626 et
712 1590 951 1639 comparatio
982 1589 1266 1626 inimicitiarum
1297 1596 1545 1639 paternarum
1575 1595 1611 1626 et

186 1660 285 1697 inter
314 1661 419 1709 ipsos
454 1673 726 1706 accensarum,
765 1674 882 1709 quum
912 1661 1125 1710 praesertim
1158 1662 1228 1697 has
1263 1674 1310 1697 ex
1340 1661 1414 1697 illis
1445 1661 1611 1697 crevisse

186 1731 271 1779 ipsa
301 1732 422 1767 verba
454 1731 667 1780 significent
697 1738 769 1778 —)
788 1761 797 1777 ‚
840 1739 920 1768 tum
962 1745 1148 1780 perversa
1178 1732 1453 1768 sententiarum
1487 1732 1606 1768 conti-

184 1802 317 1838 nuatio
351 1803 421 1846 (sic
452 1803 551 1839 enim
581 1802 780 1839 subiicitur
810 1802 1022 1839 communis
1051 1814 1184 1851 regum
1217 1802 1470 1838 aemulationis
1501 1815 1610 1838 men-

185 1873 250 1917 tio7
280 1879 465 1921 tanquam
496 1874 534 1910 in
565 1886 611 1909 ea
652 1873 787 1922 positae
817 1872 960 1909 fuerint
990 1872 1063 1910 illae
1093 1875 1267 1923 ipsorum
1298 1873 1396 1910 odiis
1439 1884 1609 1910 accensae

186 1943 391 1980 inimicitiae
422 1943 517 1993 —)‚
551 1951 747 1992 postremo
786 1943 942 1993 Polybii
981 1943 1192 1980 auctoritas
1222 1943 1262 1990 (l.
1297 1955 1327 1980 c.
1360 1941 1491 1996 χωρὶς
1521 1936 1607 1996 γάρ

183 2012 266 2066 ’τῆς
309 2013 532 2067 πατρικῆς
574 2006 921 2066 α’λλοτριότητος
965 2011 1036 2052 καὶ
1087 2010 1381 2064 δυσμενείας,
1437 2008 1495 2065 ἢν
1545 2011 1608 2053 εἶ-

183 2097 263 2138 χον
295 2079 409 2137 πρὸς
444 2076 693 2137 εἷλλήλους,
735 2078 785 2124 τό
818 2083 900 2137 τῆς
931 2077 1068 2137 ἀρχῆς
1099 2077 1316 2136 &pope-2²39
1356 2079 1519 2124 ἱκανόν
1550 2076 1609 2137 ἦν

186 2155 257 2195 καὶ
294 2148 514 2195 ιῖπιοτιέιν
555 2153 626 2193 καὶ
678 2153 956 2207 ζηλοτυπίαν
1000 2155 1071 2194 καὶ
1109 2149 1314 2194 καθόλου
1357 2149 1444 2207 τήν
1472 2152 1606 2209 μεγί-

185 2241 296 2278 στην
328 2217 651 2278 α’λλοτριότητα
700 2219 1062 2279 παρασκευάζειν
1101 2227 1148 2264 ἐν
1185 2218 1368 2273 αὐτοῖς).
1427 2228 1607 2275 Apparet

184 2295 364 2344 coniungi
397 2296 499 2345 apud
529 2297 737 2346 Polybium
770 2298 992 2335 inimicitias
1038 2309 1181 2345 easque
1205 2303 1389 2346 paternas
1420 2304 1457 2333 et
1490 2310 1605 2334 aemu-

182 2365 364 2402 lationem
396 2367 550 2415 regibus
583 2379 842 2413 communem3
872 2368 1092 2405 inimicitias
1123 2375 1306 2416 paternas
1336 2368 1484 2414 Livius,
1515 2367 1606 2416 quia

183 2449 231 2472 ex
260 2436 306 2472 iis
339 2437 530 2473 Eumenes
562 2444 598 2474 et
627 2439 794 2475 Perseus
826 2436 1103 2490 ὁὶυσμείνειάν
1135 2431 1251 2488 πρός
1283 2430 1508 2490 ἀλλήλους
1540 2435 1603 2477 εἶ-

183 2518 277 2558 χον,
308 2513 462 2556 poterat
492 2507 615 2555 magis
645 2509 834 2546 rhetorice
865 2515 1000 2546 auctas
1030 2509 1202 2558 ipsorum
1233 2508 1331 2545 odiis
1362 2508 1601 2553 dieere3n011

182 2583 335 2625 poterat·
377 2590 540 2625 pravam
584 2577 682 2614 inter
726 2579 806 2616 haee
841 2580 917 2616 duo
952 2578 1281 2627 comparationem
1312 2578 1452 2615 inferre
1498 2580 1603 2625 (non

182 2634 286 2682 tani
315 2675 350 2686 ..
391 2644 562 2697 quam).
622 2647 853 2684 Tollendum
889 2655 946 2685 est
978 2648 1095 2697 igitur
1126 2661 1263 2697 quam
1282 2676 1292 2694 ‚
1333 2648 1394 2685 hie
1440 2655 1483 2684 ut
1513 2648 1602 2684 alibi
