1811 2925
250 139 326 170 Lib,
358 137 525 168 XXXIX.
927 137 1003 171 450

251 260 399 298 ostendi
430 259 482 296 ibi
513 260 564 306 (p.
598 257 708 300 216),
741 255 898 303 eiusque
929 255 984 291 rei
999 254 1201 292 Livianum
1234 255 1453 304 exemplum
1484 252 1605 298 (V,2,
1631 254 1670 299 8)

252 344 369 380 supra
390 328 524 366 notavi
537 327 590 376 (p.
610 328 621 361 l
638 327 704 369 12;
722 324 789 362 cfr.
801 325 1056 370 XXXIX,4,
1068 325 1107 375 2)
1120 338 1128 371 3
1141 326 1179 362 in
1195 326 1240 362 iis
1255 326 1462 375 particulis,
1480 337 1564 373 quae
1578 324 1671 360 nihil

253 401 324 437 nisi
351 401 474 449 ipsam
498 396 682 435 orationis
702 396 870 432 formam
901 395 1116 444 significant
1148 398 1229 443 (ne,
1260 409 1379 441 num,
1412 395 1498 444 an),
1523 395 1668 431 nullum

253 478 310 508 est
353 469 587 507 contrarium
634 465 872 514 exemplunm
915 466 953 502 in
998 479 1074 512 an,
1126 479 1210 514 quae
1255 467 1410 502 alterius
1454 466 1670 513 interroga-

254 542 368 579 tionis
400 539 561 577 membri
592 537 708 573 index
740 542 818 580 est,
850 536 1005 572 omnino
1039 535 1252 572 excluditur
1281 536 1347 571 illa
1376 536 1495 581 verbi,
1541 549 1564 572 av
1595 548 1671 582 quo

254 610 503 659 interrogatio
535 614 722 651 nectatur,
754 606 951 654 cogitatio,
983 618 1067 653 quae
1095 605 1222 651 efficit,
1253 612 1295 642 ut
1321 606 1584 643 coniunctivus
1615 605 1671 641 in-

254 683 402 719 terdum
433 686 568 717 contra
597 678 770 726 regulam
801 682 978 725 ponatur.
1038 678 1099 712 Ae
1128 676 1233 724 prius
1258 676 1412 724 quidem
1442 676 1575 712 vitium
1608 688 1671 712 eo-

255 753 355 789 dioes
385 751 535 793 tollunt,
557 748 623 796 qui
641 746 1022 790 (Drakenborchiani
1047 745 1218 793 quidem3
1258 759 1347 782 nam
1374 747 1420 782 de
1437 747 1479 782 Μ
1502 748 1673 794 tacetur)

255 834 443 861 consensu
472 821 616 857 habent
662 831 717 854 an
763 823 956 866 praeter,
987 816 1129 852 omisso
1162 829 1265 852 uon.
1331 817 1583 854 Restituenda
1617 822 1675 852 est

255 894 370 943 igitur
400 905 446 928 ea
476 890 661 927 orationis
692 888 830 934 forma,
863 900 939 935 qua
972 886 1104 923 Livius
1134 887 1173 923 in
1202 888 1275 924 hoe
1305 887 1389 936 ipso
1420 888 1517 924 libro
1549 899 1580 924 c.
1608 889 1673 931 45,

258 966 279 1001 8
311 964 364 1009 (in
395 969 501 998 recta
531 958 722 1007 oratione)
766 964 822 1002 et,
867 964 909 994 ut
953 957 1180 1003 videbimus,
1226 959 1386 1003 XLIV,
1429 959 1492 1002 39,
1533 961 1545 994 l
1583 970 1674 994 usus

257 1042 325 1079 est,
357 1041 396 1069 ut
428 1031 593 1081 primum
624 1029 675 1073 is,
716 1028 780 1076 qui
813 1028 934 1073 dicat,
977 1028 1049 1064 sibi
1079 1029 1312 1064 contrariam
1344 1028 1570 1065 sententiam
1604 1028 1674 1064 ob-

257 1105 360 1142 iiciat
401 1116 469 1152 per
511 1106 557 1138 at
596 1100 662 1149 (at
703 1098 936 1146 hercule),
980 1099 1137 1144 deinde,
1184 1100 1294 1147 quasi
1332 1099 1674 1147 interrogationem

259 1174 526 1211 disiunctivam
558 1170 775 1213 instituerit,
805 1182 873 1218 per
904 1182 960 1205 an
991 1169 1149 1217 (potius)
1182 1169 1455 1217 interrogando
1486 1169 1538 1217 id,
1571 1170 1673 1217 quod

258 1247 340 1295 ipse
370 1244 521 1289 sentiat,
557 1241 743 1285 affirmem
784 1240 837 1276 sic
880 1239 978 1275 enim
1010 1252 1042 1277 c.
1076 1242 1125 1276 45
1157 1240 1351 1276 scribitur:
1395 1242 1456 1276 At
1487 1252 1537 1275 eo
1568 1240 1674 1287 ipso

259 1320 518 1352 contentus
558 1311 719 1355 fuisti3
774 1316 904 1346 recto
954 1309 1130 1346 itinere
1181 1309 1366 1345 duxisti
1411 1309 1675 1346 exercitum

259 1386 314 1421 ad
346 1397 446 1429 eos,
490 1394 610 1431 quos
654 1380 743 1417 tibi
785 1381 947 1416 hostes
978 1380 1337 1428 desumpseras:
1383 1392 1438 1415 an
1469 1392 1554 1427 per
1582 1392 1675 1415 om-

259 1468 339 1491 nes
371 1453 623 1491 anfractus
656 1452 840 1487 viarum
985 1450 1208 1499 Phrygiae
1248 1461 1471 1485 recessus
1513 1462 1677 1486 omnes

265 1557 272 1563 .
294 1557 301 1563 .
327 1522 632 1574 peragrasti?
670 1522 745 1559 Sed
776 1521 888 1557 simul
926 1521 1137 1557 tollendum
1168 1520 1248 1563 sit,
1280 1532 1323 1555 eo
1358 1519 1511 1567 quidem
1542 1519 1678 1568 magis,

260 1596 362 1644 quod
408 1595 471 1631 sit
515 1594 665 1630 latum
711 1605 787 1628 non
828 1597 956 1639 potest
994 1604 1070 1627 non
1101 1590 1280 1638 coniungi
1311 1602 1395 1625 cum
1435 1596 1678 1636 quantum,

260 1680 334 1715 quo
366 1668 430 1709 fit,
472 1671 513 1700 ut
554 1663 739 1711 primaria
781 1661 969 1697 sententia
1013 1666 1089 1704 (an
1131 1667 1315 1696 tantum
1355 1659 1473 1706 auri)
1521 1672 1678 1708 prorsus

261 1738 380 1774 verbo
412 1740 553 1772 careat.
620 1732 872 1771 Scribendum
908 1736 964 1767 est
993 1731 1128 1779 igitur:
1176 1743 1231 1765 an
1262 1736 1438 1778 praet-er
1471 1730 1675 1766 omnium

259 1807 427 1845 oculos
463 1810 653 1841 tantum
687 1802 813 1846 auri,
861 1806 1086 1849 quantum
1131 1813 1220 1837 non
1256 1800 1413 1836 decem
1457 1800 1566 1836 aliis
1597 1800 1679 1836 tri-

262 1877 467 1927 umphiS,
510 1906 517 1914 .
538 1905 546 1912 .
566 1904 573 1912 .
593 1902 601 1918 ,
633 1871 806 1909 latum?

745 2067 847 2113 Lib.
894 2065 1146 2112 xxxix.
1170 2065 1207 2126 ι)

374 2196 473 2244 Cap.
508 2197 544 2237 4,
561 2195 600 2229 2:
632 2194 778 2240 Isque
799 2193 871 2238 (M.
890 2191 1051 2227 Fulvius
1068 2189 1259 2233 Nobilior,
1278 2188 1405 2236 quiex
1423 2188 1574 2224 AEtolia
1594 2189 1680 2224 red-

263 2266 374 2309 ierat)
406 2266 460 2302 ad
485 2263 631 2301 {edem
657 2262 909 2311 Apollinis
940 2262 982 2297 in
1006 2267 1178 2297 senatu
1210 2272 1348 2307 quum
1381 2259 1434 2294 de
1464 2259 1605 2294 rebus
1636 2259 1679 2294 in

264 2336 450 2375 AEtolia
471 2332 894 2381 Cephalleniaque
918 2333 973 2368 ab
999 2344 1047 2367 se
1071 2330 1226 2379 gestis
1252 2329 1581 2373 disseruisset,
1608 2342 1679 2376 pe-

290 2530 318 2573 1)
355 2533 392 2563 In
418 2532 482 2562 hoc.
511 2538 543 2561 ot
569 2532 724 2571 proximo
751 2531 849 2566 libro,
876 2529 1051 2559 deficiente
1078 2529 1117 2565 B,
1146 2539 1231 2560 unus
1258 2527 1435 2567 locupletis
1463 2527 1555 2557 testis
1581 2525 1679 2557 fidem

360 2593 463 2624 habet
497 2592 559 2627 M,
597 2591 692 2622 cuius
721 2597 833 2622 tamen
868 2590 1096 2620 testimonium
1132 2591 1230 2620 nimis
1267 2598 1353 2628 saepe
1388 2587 1597 2618 subtrahitur
1623 2593 1680 2616 aut

359 2656 539 2685 obscurum
568 2659 628 2683 est.
