1811 2925
279 151 351 182 Lib.
379 150 476 181 XXI.
893 149 968 183 222

233 275 425 313 scribitur:
462 271 825 308 transcendisse
856 275 1012 305 autem
1053 269 1171 307 dico.
1239 271 1361 306 Valde
1391 283 1538 315 vereor,
1572 283 1633 315 ne,

236 358 351 394 quum
382 351 438 379 ter
467 342 503 378 id
535 343 692 378 verbum
727 341 857 377 Livius
887 340 1088 388 posuisset,
1118 341 1175 376 bis
1192 341 1323 377 eadem
1341 341 1480 389 forma,
1513 341 1633 377 altero

235 417 318 452 leco
350 413 542 450 exciderit.
601 412 664 449 Sic
695 411 792 447 enim
825 412 957 448 Livius
987 411 1182 459 scripsisse
1211 412 1377 448 videtur:
1408 412 1567 449 Etiam
1589 412 1634 448 in

235 484 501 533 Hispanias
536 490 591 528 et,
622 483 661 518 si
689 482 798 518 inde
828 494 1034 525 cessero,
1064 482 1109 517 in
1135 482 1354 520 Africam
1385 491 1634 519 transcen-

237 555 342 591 des?
376 554 716 591 Transcendes
750 552 929 589 autem?
951 553 1343 590 Transcendisse
1369 555 1494 599 dico;
1518 554 1636 591 duos

238 625 458 663 consules
500 624 642 661 huius
674 624 782 659 anni
822 637 959 660 unum
991 623 1037 659 111
1073 623 1309 669 Africam,
1351 626 1554 661 alterum
1585 625 1638 660 in

239 696 526 745 Hispaniam
559 695 802 731 miserunt.
875 694 1173 743 Interrogationi
1210 695 1407 731 subiicitur
1437 696 1522 744 ipsa
1553 708 1637 732 cor-

238 768 355 804 rectio
386 766 771 817 (transcendisse
808 765 884 801 iam
925 765 1075 815 dico),
1120 765 1205 802 111110
1236 765 1387 802 additur
1424 766 1640 815 explicatio.

241 839 353 886 Quod
386 838 423 873 in
465 837 650 886 proximis
696 836 822 872 verbis
853 837 1025 872 codicum
1065 837 1242 872 mendum
1284 836 1642 873 vindicaremus

241 923 310 959 pro
341 909 533 945 vindica
546 908 635 944 rim
648 920 698 943 us
730 907 1063 943 Weissenbornius
1094 908 1308 944 enarrando
1341 907 1438 944 tueri
1469 913 1641 952 conatur,

243 994 333 1016 vera
366 980 557 1016 enarratio
589 986 699 1023 esset,
731 978 761 1014 si
792 978 1037 1014 scriberetur:
1074 978 1201 1014 nihil
1233 978 1370 1014 nobis
1400 978 1590 1026 relinqu
1604 990 1642 1013 e-

245 1058 401 1092 retur,
428 1064 503 1085 non
536 1050 685 1097 (nihil)
717 1049 939 1085 relictum
972 1055 1061 1093 est3
1092 1049 1178 1084 huie
1209 1049 1307 1084 enim
1330 1049 1516 1085 siaddas:
1547 1047 1644 1084 nisi

245 1136 303 1170 qu
322 1123 376 1159 od
408 1121 777 1161 vindicaremus,
808 1120 905 1155 hanc
939 1132 1052 1155 unam
1088 1120 1311 1155 sententiam
1343 1119 1469 1156 Latini
1501 1132 1644 1155 sermo-

246 1193 303 1228 nis
328 1204 417 1228 usus
449 1190 579 1227 efficit:
623 1205 662 1227 es
693 1190 739 1226 ist
769 1203 837 1226 uus
869 1191 991 1226 nichts
1022 1190 1131 1238 ubrig
1160 1190 1334 1239 gelassen
1364 1190 1420 1226 als
1451 1196 1570 1225 etwas
1600 1202 1645 1224 zu

244 1262 517 1309 vertheidigen,
547 1262 619 1297 1100
650 1267 717 1306 est,
748 1261 958 1300 ridiculam,
1029 1262 1212 1297 Extremo
1257 1260 1380 1309 cupite
1426 1261 1462 1307 (ξ
1494 1261 1556 1306 9),
1582 1258 1649 1295 ubi

245 1334 283 1370 in
315 1332 508 1369 codicibus
538 1332 734 1368 scribitur:
772 1332 811 1367 si
854 1332 940 1367 hoe
970 1332 1090 1367 bene
1136 1331 1289 1368 fixum
1321 1331 1539 1368 omnibus
1569 1330 1649 1366 de-

249 1404 482 1440 stinatum
524 1402 568 1438 in
609 1402 763 1438 animo
798 1408 889 1447 est,
933 1415 1056 1450 neque
1095 1402 1483 1451 destinatumque
1525 1413 1649 1449 neque

249 1475 287 1511 si
317 1474 608 1510 destinatum
630 1473 870 1510 scribendum
900 1474 1061 1518 videtur,
1092 1474 1157 1510 sed
1191 1473 1484 1509 destinatum
1514 1472 1648 1507 tollen-

250 1547 337 1582 dum
369 1551 410 1581 ut
439 1544 712 1592 interpretandi
758 1556 874 1579 causa
905 1545 1111 1589 adiectum3
1154 1544 1288 1580 saltem
1331 1544 1470 1580 rectius
1514 1542 1651 1578 dicitur

250 1616 400 1653 fixum
447 1616 492 1652 in
539 1616 698 1651 animo
744 1628 859 1662 quam
902 1615 1204 1652 destinatum
1247 1616 1292 1652 in
1322 1615 1493 1652 animo.
1554 1612 1649 1661 Cap.

254 1691 316 1732 45,
349 1689 369 1722 3
416 1700 436 1722 e
479 1686 650 1723 codicum
692 1686 880 1734 scriptura
929 1686 1273 1723 avicot11n111lis
1312 1685 1474 1723 efficitur
1517 1684 1650 1721 eadem

251 1758 413 1795 nominis
451 1758 651 1805 scriptura,
683 1769 766 1804 quae
797 1757 899 1805 apud
932 1757 1160 1794 Strabonem
1192 1765 1267 1793 cst:
1300 1758 1354 1794 ab
1385 1754 1650 1793 Ictumulis.

254 1830 278 1869 B
309 1830 347 1866 in
381 1842 400 1866 v
432 1828 593 1867 transiit.
653 1826 734 1876 (De
764 1841 792 1865 0.
826 1830 888 1872 45,
923 1829 943 1863 S
974 1828 1112 1864 dictum
1145 1829 1193 1864 ad
1224 1841 1253 1866 0.
1286 1829 1349 1873 21,
1382 1828 1434 1875 3.)

385 1899 514 1948 *Cap
549 1901 624 1944 49,
672 1901 690 1935 7
739 1898 820 1946 (111)1
866 1899 992 1947 agitur
1028 1900 1074 1935 de
1117 1900 1282 1936 consiliis
1322 1906 1357 1934 et
1388 1896 1567 1933 institutis
1597 1895 1651 1931 M.

253 1971 403 2008 AEmilii
432 1971 605 2019 praetoris
634 1971 672 2006 in
703 1969 844 2014 Sicilia,
877 1983 990 2017 quum
1023 1971 1071 2007 ab
1102 1971 1270 2006 Hierone
1298 1968 1514 2006 admonitus
1544 1971 1655 2010 esset,

254 2042 589 2090 Carthaginienses
639 2040 876 2089 adventare).
940 2041 1167 2077 Describam
1203 2040 1351 2084 locum,
1396 2038 1520 2087 qualis
1549 2037 1588 2072 in
1621 2036 1655 2072 P

255 2113 404 2161 legitur,
436 2125 458 2148 a
490 2125 565 2160 quo
597 2112 710 2148 ceteri
727 2111 911 2154 meliores,
948 2112 1095 2148 etiamsi
1125 2124 1190 2147 eos
1210 2107 1655 2146 seorsumtestimonium

256 2182 383 2220 facere
415 2191 603 2231 putemus,
636 2182 740 2227 nihil,
771 2182 874 2229 quod
905 2182 952 2217 ad
983 2196 1060 2218 rem
1091 2182 1289 2230 pertineat,
1320 2181 1544 2216 deflectunt:
1568 2178 1655 2214 Ex—

256 2253 437 2301 templo
469 2260 512 2289 et
542 2253 674 2288 circa
704 2258 913 2300 praetore
942 2266 964 2288 a
993 2253 1194 2288 civitate
1224 2251 1357 2287 missi
1386 2248 1540 2298 legati
1578 2247 1655 2284 tri-

257 2324 467 2371 bunique
497 2335 608 2359 suos
640 2323 696 2358 ad
727 2335 886 2358 curam
929 2323 1163 2359 custodiae
1206 2322 1519 2358 intenderent
1549 2325 1658 2355 ante

256 2394 421 2430 onmia
452 2394 714 2442 Lilybaeum
746 2393 901 2429 teneri
925 2400 1209 2442 apparatum
1233 2392 1349 2428 belli
1372 2391 1529 2428 edicto
1554 2402 1658 2438 pro·

258 2465 418 2514 posito
450 2472 497 2500 ut
527 2464 647 2500 socii
673 2463 881 2499 navales
913 2464 1071 2500 decem
1102 2464 1282 2499 dierum
1320 2468 1491 2498 coacta
1530 2459 1656 2496 eiua·

258 2536 329 2572 ria
360 2536 417 2571 ad
448 2547 594 2571 naves
632 2534 880 2570 deferrent
928 2541 970 2570 et
1002 2535 1082 2571 ubi
1122 2535 1308 2582 signum
1344 2533 1501 2568 datum
1531 2537 1661 2566 esset

258 2618 311 2641 ne
354 2605 458 2652 quis
502 2618 681 2642 moram
726 2605 1083 2641 conscendendi
1126 2605 1311 2641 faceret
1338 2614 1520 2651 perque
1557 2613 1659 2636 om-

259 2688 356 2711 nem
389 2688 564 2712 moram
615 2676 697 2724 qui
741 2689 795 2711 ex
836 2675 1057 2723 speculis
1101 2674 1443 2723 prospicerent
1482 2671 1660 2707 adven-
