1811 2925
843 139 920 174 333
1327 139 1399 170 Lib.
1419 140 1590 171 XXVIII.

171 259 284 294 unius
311 257 447 294 litteroe
480 258 658 294 mendum
695 258 888 297 tollamus.
948 259 1051 294 Nam
1079 259 1131 295 ibi
1167 260 1203 304 (ξ
1235 263 1255 296 4
1283 268 1320 297 et
1343 261 1382 309 5]
1413 262 1467 298 sic·
1498 263 1590 298 scri-

173 328 337 365 bendum
371 333 446 364 est:
479 340 626 376 eques
656 328 883 377 levisque
914 335 1162 365 armatura
1196 343 1316 368 nune
1349 333 1405 369 ab
1436 340 1589 381 tei-gn,

174 410 293 434 nunc
327 398 386 434 ab
417 398 658 435 lateribus
697 398 1004 436 occurrendo
1045 397 1303 447 fatigabat
1352 404 1588 439 moraba-

173 476 357 517 turque‚
390 471 434 507 et
465 480 603 516 quum
636 469 692 504 ad
735 469 935 505 crebros
978 469 1212 506 tumultus
1244 472 1383 520 signa
1427 473 1588 510 subsi-

172 544 363 574 sterent
401 566 522 576 .....
554 546 945 586 supervenerunt
976 539 1358 590 legiones;vulgo
1383 544 1464 579 sed
1495 544 1587 580 scri-

171 608 290 652 bitur,
324 620 408 656 quae
439 608 628 657 particula
673 609 721 644 ab
752 609 824 644 hac
856 609 1024 645 eiusdem
1056 610 1110 646 rei
1141 612 1429 649 continuatione
1465 621 1502 650 et
1532 615 1586 650 ef-

171 678 294 715 fectus
328 678 607 726 significatione
637 678 762 714 aliena
794 676 913 719 est.¹)

282 747 380 797 Cap.
421 750 478 792 18,
520 750 583 784 10:
614 748 874 785 traiecisse
914 761 1019 785 sese
1049 750 1094 785 in
1126 751 1357 788 hostilem
1397 760 1586 799 terram,

170 820 352 866 regiam
384 820 429 855 in
467 818 610 855 fidem
641 818 957 867 inexpertam.
1038 820 1296 857 Vehementer
1341 822 1500 860 offendit
1531 826 1586 861 al—

169 896 291 925 terum
324 890 553 925 adies-tivum
586 895 673 924 ante
703 889 1027 937 praepositionem„
1059 890 1097 926 in
1129 892 1329 940 anaphora
1360 895 1585 941 praesertim,

170 950 348 1008 positum.
410 959 573 995 Videtur
602 958 737 995 fuisse:
770 959 814 995 in
845 959 1075 996 hostilem
1105 968 1296 1004 terram,
1326 962 1371 998 in
1401 965 1582 1012 regiam

167 1028 414 1078 (Syphacis),
459 1030 503 1065 in
540 1028 687 1064 fidem
719 1028 1046 1077 inexpertam.
1092 1036 1129 1065 et·
1170 1031 1214 1066 in
1247 1040 1335 1080 post
1366 1047 1399 1073 m
1434 1034 1585 1071 interci-

169 1098 282 1134 disse.

279 1167 376 1217 Cap.
396 1170 456 1213 19,
474 1171 518 1205 13
531 1176 539 1212 (
550 1169 596 1205 de
607 1168 791 1216 Hispanis
803 1168 980 1217 Iliturgin
991 1177 1125 1205 contra
1137 1171 1337 1208 Romanos
1347 1173 1583 1212 defendenti-

166 1239 270 1284 bus):
292 1239 480 1275 feminae
509 1239 746 1287 puerique
771 1250 917 1287 supra
936 1239 1083 1275 animi
1115 1242 1438 1290 corporisque
1456 1245 1583 1282 vires

165 1309 352 1353 adsunt„
379 1308 707 1357 pugnantibus
738 1308 835 1344 tela
864 1308 1166 1356 ministrant,
1194 1323 1317 1348 saxa
1346 1313 1392 1350 in
1422 1327 1584 1353 muros

165 1379 499 1415 munientibus
533 1385 714 1426 gerunt.
798 1378 918 1415 Tela
952 1385 989 1414 et
1019 1391 1129 1416 saxa
1181 1388 1271 1429 apte
1318 1391 1355 1419 et
1384 1386 1584 1433 aeqnaliter

167 1449 266 1485 inter
296 1461 337 1485 se
366 1449 613 1497 respondent,
643 1456 685 1484 ut
725 1448 787 1484 vel
817 1449 865 1484 ob
897 1461 982 1485 eam
1013 1461 1170 1486 causam
1201 1463 1319 1488 saxa
1349 1454 1392 1490 in
1426 1469 1584 1492 muros

167 1518 398 1555 coniunctim
431 1519 604 1567 accipere
630 1531 707 1554 non
736 1518 849 1554 liceat
883 1517 1160 1567 (praeterquam
1195 1523 1297 1569 quod
1325 1524 1436 1560 aliter
1453 1526 1584 1562 dicun-

166 1595 228 1624 tur
257 1589 408 1625 lintea
438 1589 484 1625 in
516 1588 647 1628 vela,
693 1601 713 1624 e
745 1589 883 1636 quibus
927 1589 1014 1625 vela
1046 1603 1149 1627 nova
1180 1593 1301 1639 fiant).
1368 1594 1444 1630 Sed
1474 1609 1584 1644 pug-

167 1658 402 1694 nantibus
451 1671 528 1694 non
572 1659 664 1695 satis
710 1660 942 1707 respondent
989 1661 1283 1705 munientest
1325 1676 1402 1700 non
1439 1666 1584 1711 addito,

167 1728 258 1775 quid
289 1728 504 1766 munierint.
571 1729 695 1766 Multo
727 1730 797 1765 erit
828 1730 975 1778 aptius:
1005 1733 1341 1779 pugnant-ibus
1373 1734 1470 1770 tela
1505 1737 1584 1771 mi-

166 1798 388 1843 nistrant,
419 1810 538 1834 saxa
582 1812 739 1836 muros
779 1801 1110 1837 munientibus
1141 1810 1322 1850 gerunt.
1389 1805 1585 1853 Praeposi-

165 1867 217 1904 tio
248 1880 296 1904 ex
327 1881 373 1913 m,
403 1875 446 1904 ut
475 1880 588 1916 saepe,
620 1874 722 1904 nata.
793 1868 940 1906 Contra
987 1871 1120 1906 eadem
1164 1871 1402 1910 intercidisse
1431 1881 1521 1923 post

165 1937 316 1973 videtur
362 1937 479 1985 paulo
523 1944 612 1974 ante
661 1939 697 1983 (§
736 1939 818 1986 10),
873 1940 937 1976 ubi
968 1941 1305 1979 U'eissenbornius
1337 1956 1356 1979 e
1387 1944 1583 1981 codicibus

166 2007 300 2043 edidit:
351 2009 431 2044 sed
475 2020 588 2044 suus
619 2009 838 2058 ipsorum
883 2011 1190 2047 conscientia
1232 2013 1382 2061 eulpae
1412 2022 1583 2058 metus,

166 2077 337 2113 ablativo
374 2076 437 2126 (de
467 2080 602 2126 causa)
635 2079 787 2125 durius,
829 2092 945 2128 quam
993 2088 1035 2117 ut
1073 2082 1272 2118 ferendum
1303 2084 1492 2130 videatur7
1534 2086 1583 2121 ad

165 2146 448 2184 substantivum
483 2154 637 2184 metus
671 2149 869 2194 adiunct03
902 2151 1137 2199 superiores:
1170 2165 1225 2188 ex
1257 2155 1582 2199 eonscientia;

166 2215 316 2253 videtur
344 2216 480 2254 fuisse:
511 2218 726 2266 ipsorum
758 2219 802 2255 in
833 2221 1141 2258 conscientia
1180 2224 1332 2272 eulpae
1366 2222 1579 2268 metuS.‘-')

198 2390 227 2434 ¹)
253 2392 336 2435 Cap.
366 2399 418 2433 13,
445 2399 463 2427 8
491 2398 715 2439 supplendum
746 2400 858 2440 potius
884 2401 1104 2433 instarent
1142 2402 1294 2443 (fessis
1321 2404 1582 2444 Carthaginien·

258 2455 351 2486 sibus
380 2462 412 2486 et
437 2457 606 2497 Numidis)
642 2468 742 2498 quam
770 2461 984 2495 subirent.

194 2510 227 2553 ²)
254 2514 336 2556 Cap.
363 2520 417 2555 20,
445 2521 463 2548 2
491 2519 524 2549 in
539 2519 592 2550 his
617 2520 771 2551 codicum
798 2522 964 2562 vestigiis:
992 2530 1030 2555 et
1055 2525 1257 2558 Romanis
1283 2527 1579 2558 subeuntibus

257 2586 311 2607 sc.
339 2582 384 2609 tr.
412 2589 534 2620 quam
561 2580 629 2620 (vel
656 2581 754 2621 qua)
782 2583 904 2613 adire
929 2590 1141 2624 poterant,
1168 2586 1311 2618 fortasse
1338 2586 1438 2618 latet:
1472 2594 1511 2619 et
1538 2589 1579 2620 R.

258 2638 553 2671 subeuntibus
581 2648 749 2679 contra,
777 2653 857 2682 qua
883 2645 1005 2676 adire
1030 2653 1112 2686 pot.
