1811 2925
868 146 943 181 347
1394 144 1468 177 Lib.
1495 146 1611 176 XXX.

197 269 394 318 superiore
432 267 626 303 sententiae
656 272 766 315 parte
798 268 852 303 sic
878 268 1026 316 posito,
1061 272 1100 302 ut
1130 279 1206 303 non
1238 267 1324 303 huic
1350 269 1522 305 membro
1554 283 1611 305 re-

199 339 398 389 spondeat,
446 337 512 374 sed
557 337 666 373 alteri
713 335 904 386 (contra
950 337 1172 374 Italicum
1218 338 1484 386 equitatum

196 415 366 447 contra
399 407 773 457 Massinissam):
804 415 906 445 recte
938 408 1035 444 cnim
1068 407 1315 445 scriberetur:
1354 411 1610 447 Numidico

196 479 416 528 equitatu
459 485 629 515 contra
669 479 914 520 Italicum,
968 478 1452 527 Carthaginiensium
1496 494 1610 518 con-

197 558 273 587 tra
322 549 666 586 Massinissam
712 550 888 587 locato.
962 552 1099 587 Restat
1142 550 1280 598 igitur,
1325 557 1388 594 ut,
1433 552 1608 598 quamvis

197 623 327 659 audax
357 621 535 657 videatur
565 620 764 666 correctio,
792 621 997 657 scribatur:
1039 620 1262 657 Numidis
1303 651 1310 658 .
1329 649 1339 659 .
1358 650 1367 659 .
1408 620 1555 657 Carth
1568 634 1608 656 a-

197 693 525 742 giniensibuS.
560 691 630 727 nisi
673 691 800 740 potius
839 698 927 740 post
957 691 1436 739 Carthaginiensium
1469 692 1609 728 excidit

196 764 347 813 copiis
380 762 551 811 (copiis
583 763 784 808 contra);
815 770 851 798 et
889 762 1065 798 videntur
1096 775 1227 798 omnes
1259 762 1607 811 Carthaginienses,

197 847 270 871 non
302 834 373 870 soli
406 834 563 881 equites,
585 832 819 869 Massinissae
843 833 1010 882 oppositi
1032 832 1160 869 fuisse.
1220 834 1323 870 Nam
1355 841 1392 869 et
1420 834 1606 882 Polybius

198 904 330 948 (XIV,
363 906 398 942 8-
432 908 472 944 7)
518 904 739 952 simpliciter
782 897 888 946 τούς
932 901 1271 956 Καρχηδοίἰόυς
1312 905 1496 949 nominat,
1537 917 1606 941 nec

198 976 330 1012 Livius
360 975 549 1023 peditibus
580 975 695 1010 alium
727 974 851 1010 locum
883 976 1064 1023 assignat.
1141 975 1291 1011 Deinde
1332 982 1460 1012 autem
1504 975 1606 1012 Cel-

196 1046 382 1082 tiberos
425 1045 623 1081 mediam
655 1044 803 1080 aciem
838 1045 1063 1093 accipere
1108 1058 1178 1094 pro
1223 1058 1281 1089 eo,
1320 1047 1423 1093 quod
1454 1054 1530 1083 est:
1561 1047 1605 1083 in

194 1115 392 1151 mediam
425 1115 595 1156 aciem,
630 1114 963 1151 insolentissimum
994 1116 1111 1151 habet
1141 1122 1177 1152 et
1209 1129 1285 1152 non
1317 1115 1516 1153 ferendum
1549 1118 1604 1153 lo-

194 1186 333 1233 quendi
362 1197 501 1234 genus3
532 1198 655 1234 neque
686 1186 783 1221 enim
819 1185 919 1222 acies
956 1186 1033 1222 ullo
1064 1187 1179 1222 modo
1212 1187 1407 1235 accipitur.
1466 1190 1605 1237 Neque

194 1257 243 1299 id,
275 1256 381 1292 cuius
416 1256 627 1293 adiectione
657 1256 992 1293 Weissenbornius
1026 1258 1125 1294 hanc
1163 1257 1404 1295 insolentiam
1439 1259 1604 1296 fortasse

192 1333 323 1363 natam
353 1333 480 1376 putat:
511 1328 555 1363 in
587 1327 796 1364 adversa
826 1328 1072 1376 legionum
1111 1328 1273 1376 signa..
1310 1329 1435 1378 ipsum
1465 1330 1604 1367 usitate

193 1398 346 1441 <licitum
392 1411 481 1434 nam
521 1398 568 1434 de
607 1398 829 1434 instruendo
873 1405 1042 1435 contra
1084 1406 1149 1435 aut
1186 1400 1423 1436 adversus
1454 1401 1603 1443 dicitur,

194 1469 238 1504 in
260 1469 306 1504 de
325 1475 442 1511 motu,
464 1482 534 1505 nec
554 1482 625 1517 pro
647 1481 704 1513 eo,
727 1469 829 1516 quod
850 1469 1046 1517 praecedit:
1074 1477 1247 1507 contra
1270 1472 1601 1508 Massinissam

192 1538 391 1582 locatis,
424 1539 555 1575 Livius
584 1539 724 1575 usitate
754 1539 933 1575 dixisset:
970 1540 1012 1576 in
1045 1541 1380 1579 Massinissam
1411 1543 1604 1580 locatis.

195 1609 276 1645 Nec
297 1609 382 1658 ipsa
412 1610 725 1647 adversorum
764 1610 1009 1658 signorum
1041 1612 1181 1648 mentio
1206 1619 1283 1649 tam
1305 1614 1353 1649 ad
1374 1615 1544 1651 ordinem
1568 1623 1604 1651 et

194 1686 421 1716 structuram
458 1682 553 1717 aciei
583 1694 696 1729 quam
729 1682 777 1717 ad
808 1688 953 1717 motum
985 1688 1022 1718 et
1050 1683 1233 1731 impetum
1255 1685 1430 1732 pertinet.
1472 1686 1602 1721 Omis—

192 1762 242 1786 sae
272 1764 295 1786 a
324 1751 482 1787 librario
512 1760 600 1788 ante
630 1752 831 1788 mediam
862 1754 1143 1802 praepositionis
1174 1755 1218 1790 in
1250 1767 1367 1791 causa
1381 1755 1450 1803 (m)
1469 1764 1603 1805 aperta

191 1827 257 1859 est.
332 1822 471 1870 Itaque
515 1830 658 1859 certum
703 1831 760 1860 est
792 1824 939 1860 Livium
972 1825 1186 1874 scripsisse:
1234 1824 1510 1863 Celtiberos
1557 1828 1602 1864 in

191 1892 392 1928 mediam
424 1894 591 1939 aciem,
625 1894 842 1943 probabile:
874 1895 918 1930 in
950 1895 1151 1932 mediam
1184 1896 1333 1933 aciem
1364 1898 1602 1935 adversus

189 1963 326 2012 signa
354 1964 597 2013 legionum
629 1977 864 2013 accepere
897 1966 1458 2016 (aciemadversusignffl
1501 1982 1517 2004 s
1543 1981 1602 2004 se-

190 2034 263 2070 mel
293 2035 468 2084 scripto).
541 2035 745 2084 Polybius:
777 2029 883 2079 τούς
923 2073 926 2074 ⁷
954 2035 1213 2089 ‘restzsflojoac
1242 2037 1406 2087 μεόους
1442 2040 1601 2085 ἔταξαν

188 2097 371 2149 (ἷντιόυς
401 2113 498 2150 ταῖς
528 2105 617 2145 τῶν
653 2103 876 2156 Ρωμαίων
909 2106 1128 2159 σπείραις.

309 2176 404 2226 Cap.
437 2179 473 2221 9,
511 2178 555 2213 12
593 2178 656 2223 (de
686 2178 835 2214 Timete
866 2179 1052 2227 oppido):
1094 2179 1233 2216 locus
1265 2192 1405 2228 quum
1437 2182 1600 2230 operi·

188 2248 296 2291 bus,
327 2253 421 2284 tum
452 2255 628 2296 suapte
661 2254 836 2284 natura
866 2256 1000 2285 tutus
1031 2257 1074 2286 et
1100 2252 1256 2299 quiet
1286 2264 1310 2287 a
1340 2250 1599 2301 Carthagi-

187 2330 241 2354 ne
271 2319 569 2368 conspiciet
597 2320 811 2367 praebere
840 2319 947 2367 ipse
980 2330 1291 2370 conspectum
1334 2322 1599 2359 circumfu-

185 2400 283 2425 sum
310 2402 438 2425 mare
467 2390 574 2425 urbi
606 2396 782 2438 posset.
844 2390 907 2427 sio
945 2391 1114 2437 codices,
1161 2405 1322 2440 quorum
1354 2393 1511 2441 aliquod
1543 2402 1599 2430 est

186 2465 445 2504 momentum,
478 2473 629 2505 omnes,
660 2472 756 2508 quos
786 2460 1145 2508 Weissenbornius‚
1186 2463 1333 2500 adscita
1362 2464 1599 2501 Alschefskii

186 2529 422 2566 coniectura:
457 2537 763 2579 conspectum
794 2531 839 2567 in
876 2532 1222 2570 circumfusum
1252 2547 1397 2583 mare,
1431 2542 1596 2577 secutus,¹

185 2599 331 2647 expulit
379 2601 618 2649 superiorum
664 2601 934 2650 interpolatam
987 2603 1233 2652 scripturam:
1287 2611 1330 2641 et
1374 2607 1598 2654 praebere

184 2668 288 2716 ipse
319 2678 628 2719 prospectum
660 2684 796 2719 quum
828 2673 884 2708 ad
909 2675 1073 2710 urbem
1105 2681 1198 2711 tum
1241 2676 1297 2712 ad
1330 2676 1596 2712 circumsu-
