1811 2925
853 111 929 146 399
1336 111 1413 142 Lib.
1431 111 1599 142 XXXIV.

188 238 258 268 est
288 238 536 280 expertus,
582 232 847 268 convocari
893 232 1120 269 tribunos
1168 263 1204 271 ..
1254 233 1410 272 iussit.
1472 235 1599 283 Quum

187 302 366 339 Dukerus
411 303 766 347 animadvertisset,
812 303 991 339 inusitate
1037 304 1109 340 dici
1163 303 1283 341 satis
1329 305 1599 351 admodum,

186 373 375 418 Handius,
422 374 480 410 vir
524 373 561 410 in
594 374 666 410 hoc
696 386 834 421 genere
866 374 1224 422 interpretationum
1257 377 1598 424 excogitandarum

186 457 261 480 non
301 445 543 481 mediocriter
580 445 830 489 exercitatus,
874 445 988 481 Turs.
1029 445 1048 481 Ι
1086 458 1122 493 p.
1178 448 1270 491 171,
1314 447 1433 484 Verte
1471 449 1599 491 modo,

186 515 318 563 inquit⁷
363 516 437 552 ista
481 516 599 551 verba
643 515 949 564 hinlanglieh
991 528 1167 565 genug,
1199 529 1285 564 gar
1314 530 1486 567 genug;
1533 532 1599 556 ex—

186 588 374 636 emplum,
416 587 480 623 ubi
512 587 565 622 sic
596 587 795 631 diceretur,
838 600 912 622 non
945 587 1104 632 addidit,
1136 600 1205 623 nec
1237 588 1484 625 admodum
1516 602 1599 626 esse

184 658 488 708 hinlanglich
520 658 597 694 ullo
630 665 855 706 argumento
886 658 1090 707 probavit3
1123 671 1170 694 ne
1200 658 1238 694 id
1270 659 1422 707 quidem
1454 661 1598 709 cogita-

185 730 252 774 vit,
297 730 514 766 dicturusne
554 729 756 777 quisquam
800 741 965 776 unquam
996 729 1228 775 Germanus,
1271 742 1387 777 quum
1419 730 1467 766 ad
1500 731 1599 767 Livii

186 800 347 837 formam
379 801 578 837 historiam
608 806 795 845 narraret,
825 813 911 848 gar
940 813 1098 849 genug
1127 800 1315 849 prufen.
1386 800 1462 838 Sed
1495 801 1534 838 in
1564 802 1597 839 B

187 872 252 913 (de
283 871 327 908 M
356 872 501 918 siletur)
532 871 675 906 nullum
707 871 910 919 vestigium
947 877 1002 907 est
1033 872 1139 907 vocis
1170 872 1306 909 satis.
1371 872 1516 909 Verum
1551 886 1598 910 ne

185 943 432 978 admodum
473 943 623 990 quidem
656 941 754 978 Cato
788 953 943 977 suorum
976 948 1013 977 et
1042 942 1208 979 hostium
1241 944 1388 979 animos
1418 951 1597 992 expertus

184 1025 266 1048 esse
297 1020 384 1061 apte
415 1013 573 1061 dicitur3
614 1025 727 1048 unum
760 1011 833 1047 dici
863 1018 1036 1059 poterat,
1085 1014 1229 1054 satis:
1270 1014 1335 1050 sed
1381 1028 1496 1062 quum
1529 1029 1597 1052 ex-

183 1089 330 1131 pertum
362 1095 444 1119 esse
475 1097 559 1120 eum
593 1083 741 1119 animos
776 1083 909 1119 Livius
940 1090 1127 1127 narraret,
1158 1084 1272 1120 facile
1302 1085 1596 1134 intelligebatur,

181 1153 302 1189 satis
333 1163 545 1202 expertum.
604 1155 722 1190 Recte
757 1153 938 1190 Dukerus
969 1154 1154 1191 iudicavit
1194 1156 1346 1192 Livium
1380 1157 1596 1206 scripsisse:

181 1224 262 1261 ubi
292 1225 348 1261 ad
378 1226 498 1262 hune
528 1225 711 1261 modum
746 1223 833 1271 (nisi
866 1225 969 1272 quod
999 1225 1043 1269 is,
1076 1225 1294 1262 omittendae
1317 1228 1471 1265 alterius
1489 1230 1595 1266 vocis

181 1295 445 1332 auctoritatem
461 1296 656 1344 ignorans,
672 1295 792 1335 satis
814 1295 868 1331 ad
891 1296 1014 1331 hunc
1035 1296 1214 1332 modum
1236 1297 1392 1347 posuit).
1415 1300 1597 1348 Sequitur

179 1367 295 1415 paulo
318 1373 405 1415 post
428 1370 445 1412 ξ
472 1370 489 1403 7
513 1367 550 1403 in
569 1366 728 1403 Catonis
753 1366 855 1414 apud
886 1367 1058 1402 tribunos
1087 1367 1367 1417 praefectosque
1395 1376 1431 1406 et
1448 1379 1595 1409 ceteros

183 1444 416 1474 convocatos
472 1438 661 1474 oratione:
720 1437 901 1473 Patres
957 1438 1113 1474 nostri
1165 1452 1304 1487 quum
1353 1440 1596 1490 Hispania

184 1507 664 1556 Carthaginiensium
705 1513 748 1543 et
792 1507 1116 1556 imperatores
1157 1511 1226 1547 ibi
1271 1518 1313 1548 et
1351 1513 1596 1551 exercitus

183 1586 366 1623 essent,
404 1579 498 1628 ipsi
535 1579 713 1615 nullum
756 1578 801 1614 in
839 1592 891 1615 ea
919 1579 1116 1616 militem
1152 1582 1407 1629 haberent,
1439 1591 1596 1622 tamen

183 1649 359 1685 addere
409 1650 496 1686 hoe
538 1650 584 1686 in
621 1649 819 1686 foedere
869 1650 1147 1697 voluerunt,
1205 1660 1255 1689 ut
1284 1653 1478 1703 imperii
1521 1657 1596 1693 sui

180 1720 351 1756 Iberus
381 1720 563 1757 fluvius
594 1727 723 1757 esset
752 1720 881 1757 finis.
955 1721 1129 1758 Primum
1161 1724 1407 1762 vehementer
1437 1726 1595 1765 offendit

180 1791 338 1826 verbum
369 1791 650 1828 substantivum
682 1791 736 1827 sic
758 1792 939 1828 omissum
963 1794 1064 1841 apud
1083 1794 1293 1842 genitivum
1321 1798 1594 1845 possessivum,

180 1868 220 1897 ut
259 1862 437 1899 audiatur
475 1876 523 1899 ex
557 1862 716 1911 pluralis
754 1862 901 1899 numeri
939 1864 1060 1900 verbo
1100 1871 1239 1913 postea
1285 1878 1370 1904 cum
1409 1869 1593 1906 adverbio

179 1931 261 1977 (ibi
292 1936 469 1982 essent)
508 1934 697 1978 subiecto;
728 1934 865 1970 deinde
904 1936 1110 1983 oportebat
1139 1936 1276 1973 saltem
1303 1938 1504 1987 scriptum:
1550 1946 1594 1977 et

178 2015 338 2040 eorum
384 2004 706 2053 imperatores
736 2005 805 2041 ibi
836 2011 907 2044 cet.
981 2005 1079 2051 Sed,
1118 2008 1221 2055 quod
1259 2016 1374 2057 caput
1411 2017 1479 2055 est,
1516 2024 1593 2048 non

177 2074 313 2122 agitur,
345 2087 506 2123 quorun]
536 2076 729 2125 Hispania
758 2076 885 2121 suerit,
923 2077 990 2113 sed
1021 2079 1302 2122 tantummodo,
1332 2081 1407 2118 utri
1437 2082 1489 2118 ibi
1527 2096 1592 2120 ex-

176 2145 314 2182 ercitus
345 2147 566 2192 habuerint,
610 2147 685 2183 utri
721 2160 798 2183 non
829 2148 1051 2194 habuerint,
1095 2150 1403 2199 perveniturque
1436 2165 1592 2202 compa-

174 2216 274 2252 ratio
297 2216 362 2253 illo
394 2217 563 2261 adiecto,
593 2230 716 2265 neque
743 2230 835 2254 sane
851 2217 949 2255 Cato
967 2231 1219 2257 concessurus
1250 2228 1344 2263 erat,
1361 2222 1591 2271 Hispaniam

174 2294 274 2333 tum,
319 2301 436 2336 quum
461 2287 628 2324 Romani
657 2289 918 2335 postularent,
958 2296 999 2326 ut
1028 2290 1066 2327 in
1096 2291 1254 2329 foedere
1296 2293 1590 2341 adscriberetur,

175 2358 268 2394 fines
308 2359 424 2396 Ibero
463 2359 678 2404 terminari,
722 2358 1097 2409 Carthaginiensium
1146 2361 1282 2408 fuisse3
1320 2364 1462 2401 iniusta
1491 2366 1590 2404 enim

173 2427 371 2465 Romanos
410 2430 627 2478 postulasse
665 2430 819 2471 diceret,
887 2431 1133 2469 Contrarium
1168 2446 1344 2483 quoque,
1387 2436 1451 2484 qui
1491 2450 1590 2474 nunc

173 2497 240 2544 sit,
278 2512 405 2536 rerum
435 2507 577 2538 statum
609 2500 708 2538 Cato
744 2502 931 2550 proximis
968 2503 1096 2540 verbis
1126 2517 1204 2541 non
1240 2505 1295 2542 ita
1325 2506 1516 2552 describit,
1550 2514 1590 2545 ut

172 2568 435 2607 Romanorum
477 2571 708 2620 Hispaniam
749 2583 832 2607 esse
863 2571 984 2618 dicat,
1028 2574 1094 2611 sed
1125 2581 1167 2610 ut
1198 2576 1462 2614 Romanorum
1492 2592 1589 2627 prae-

176 2643 277 2676 tores
307 2642 573 2690 exercitusque
603 2656 688 2680 eam
719 2643 903 2689 obtinere,
935 2642 1296 2694 Carthaginiensem
1319 2648 1507 2686 neminem
1538 2650 1590 2687 ibi
