1811 2925
787 114 806 149 ‘2
821 115 864 150 15
1282 111 1354 142 L1b.
1381 111 1478 144 XXI.

125 237 272 274 initium
309 249 378 285 per
416 244 460 274 et
497 237 716 286 adiungitur
745 236 1026 286 superioribus;
1068 235 1328 272 scribendum:
1365 242 1527 272 castra

123 309 408 358 repetivere.
480 309 688 345 Postero
729 308 803 344 die
848 307 893 344 in
938 306 1086 344 aciem
1128 306 1390 355 progressi.
1449 307 1526 353 (De

122 386 166 416 et
194 388 283 429 post
313 392 334 420 e
365 379 495 416 addito
526 379 604 415 dixi
636 379 751 428 paulo
782 386 870 415 ante
899 379 947 414 ad
975 391 1006 415 c.
1036 380 1098 421 24,
1131 377 1181 425 3.)
1245 377 1428 423 XXXIL
1467 380 1526 423 11,

123 452 165 486 2:
195 451 313 487 Inde
349 450 596 499 Gomphos
640 450 838 487 adortus
879 456 920 486 et
952 461 1036 498 per
1065 448 1252 497 aliquot
1281 448 1381 484 dies·
1411 460 1525 484 sum-

123 535 192 559 ma
232 522 278 558 vi
309 521 467 560 urbem
499 528 707 561 tuentes,
746 533 882 569 quum
923 520 1011 556 iam
1055 519 1213 556 scalas
1254 519 1309 555 ad
1340 519 1526 556 moenia

123 594 389 639 erexisset,
431 620 439 629 .
473 620 481 628 .
525 593 739 641 perpulit
783 592 838 628 ad
884 591 1190 628 deditionem.
1275 591 1523 627 Scribendum

120 677 197 701 una.
227 665 352 701 littera
387 663 553 700 adiecta:
595 691 602 699 .
638 691 645 698 .
679 664 879 700 adortus
922 666 1002 702 est.
1067 663 1159 698 Per
1202 661 1389 710 aliquot
1426 661 1526 698 dies

119 742 189 773 cet.
254 736 333 784 (W.
366 735 566 772 adortus
597 742 667 771 est
696 742 737 771 et
768 747 850 783 per
883 735 960 780 —).
1008 733 1208 774 XXXIV,
1245 734 1307 778 25,
1342 732 1521 770 8:C01-

119 806 394 855 loquentem
425 819 525 843 eum
556 818 657 842 cum
689 804 788 841 suis
819 803 1019 840 satelles
1138 816 1278 852 quum
1310 817 1523 841 arcesse·

118 887 208 922 ret,
258 878 409 914 sensit
449 876 691 925 proditum
736 876 995 913 eonsilium
1037 887 1163 918 esse,
1205 876 1524 924 hortatusque

118 947 418 992 coniuratos,
461 947 539 995 qui
579 947 799 991 aderant,
848 953 896 983 ut
1076 958 1205 982 arma
1247 959 1406 983 secum
1446 959 1522 983 ea·

117 1025 303 1067 perent;
356 1025 499 1066 atque
541 1018 608 1054 ita
649 1024 718 1054 etc.
792 1017 1037 1066 Kreyssigius
1068 1024 1171 1053 recte
1199 1018 1522 1065 hortatusque

116 1096 188 1125 est
219 1089 501 1126 coniuratos
531 1087 771 1125 scribendum
799 1088 993 1126 iudicavit.
1053 1088 1255 1133 XXXIV,
1278 1090 1341 1131 27,
1365 1092 1385 1124 5
1408 1088 1522 1124 inter-

115 1160 320 1209 pungenda
351 1160 474 1196 oratio
505 1160 558 1196 sie
593 1166 670 1196 est:
711 1167 853 1208 atque
884 1172 1041 1196 eorum
1081 1160 1303 1196 contioni
1332 1158 1522 1196 satelli·

115 1237 188 1267 tes
233 1239 448 1268 armatos
491 1230 810 1268 circumdedit
859 1236 902 1266 et
946 1243 1100 1279 pauca
1144 1230 1398 1279 praefatus,
1442 1242 1523 1266 cur

114 1302 207 1339 sibi
248 1302 403 1338 omnia
433 1303 622 1339 timenti
665 1301 955 1349 caventique
983 1302 1325 1350 ignoscendum
1358 1301 1402 1337 in
1433 1300 1522 1336 tali

114 1381 328 1422 tempore
369 1373 518 1419 foret,
549 1405 556 1412 .
587 1402 596 1409 .
627 1405 635 1412 .
673 1373 915 1422 extemplo
971 1385 1051 1409 eos
1086 1373 1391 1417 emissurum,
1435 1372 1519 1408 sub

117 1444 210 1480 haec
253 1443 397 1480 citari
441 1444 635 1480 nomina
668 1443 923 1492 octoginta
962 1443 1115 1481 ferme
1151 1443 1420 1493 principum
1450 1443 1520 1479 iu-

115 1514 332 1551 ventutis
370 1515 533 1559 iussit,
567 1522 618 1558 ut,
649 1515 872 1563 interposito
899 1522 1123 1563 argumento
1153 1513 1401 1562 praefationis,
1431 1526 1521 1550 con-

116 1584 308 1621 tinuentur
336 1586 440 1621 haec:
484 1585 718 1634 praefatus
760 1613 768 1620 .
800 1612 808 1620 .
839 1612 847 1620 .
877 1585 1039 1622 iussit.
1111 1585 1334 1629 XXXVII,
1389 1586 1452 1630 24,
1499 1588 1517 1621 7

117 1655 320 1692 manifesto
350 1656 490 1692 vitiosa
520 1663 577 1693 est
607 1657 729 1692 oratio
759 1656 797 1693 in
839 1657 912 1693 tria
952 1656 1123 1692 membra
1165 1655 1371 1705 descripta:
1417 1669 1520 1692 eon-

116 1738 373 1763 surrexere
411 1754 420 1762 .
451 1754 461 1762 .
491 1755 500 1763 .
539 1726 955 1775 contemplatique
996 1728 1113 1773 (sunt)
1158 1754 1167 1762 .
1197 1758 1204 1764 .
1236 1758 1244 1765 .
1283 1739 1334 1763 ac
1370 1740 1520 1776 prope

115 1809 206 1833 una
249 1810 363 1834 voce
393 1824 401 1832 .
433 1824 442 1832 .
473 1825 482 1832 .
517 1797 933 1843 exclamaverunt,
972 1811 1088 1847 quum
1129 1810 1246 1834 eausa
1281 1799 1522 1836 exclamandi

115 1866 353 1903 contineatur
389 1867 426 1904 in
467 1869 808 1917 contemplati3
850 1869 981 1917 itaque
1026 1876 1128 1906 recte
1165 1882 1216 1906 ac
1255 1869 1292 1905 in
1327 1869 1520 1907 codicibus

114 1937 365 1974 deterioribus
396 1939 587 1976 sublatum
619 1947 686 1976 est.
751 1940 906 1984 XLIII,
939 1941 1003 1979 21,
1036 1943 1056 1976 4
1089 1940 1143 1977 sic
1173 1940 1413 1977 scribendum
1444 1949 1518 1978 est:

115 2011 232 2057 App.
273 2007 507 2046 Claudius
538 2038 546 2046 .
583 2039 592 2047 .
625 2038 632 2046 .
666 2011 931 2048 Phanotem
972 2012 1294 2050 ...adortus
1334 2023 1518 2061 oppug-

113 2091 232 2115 nare
262 2086 333 2115 est
363 2081 462 2125 (cod.
491 2081 695 2117 adorsus
726 2082 1002 2131 oppugnari
1033 2088 1122 2125 est,
1153 2094 1229 2118 non
1251 2088 1323 2123 et5.
1391 2084 1518 2118 Aux-

112 2150 201 2186 ilia
246 2151 566 2187 Athamanum
612 2152 1092 2200 Thesprotorumque
1235 2165 1389 2189 secum
1434 2153 1518 2189 ad-

113 2221 248 2258 duxit
283 2234 437 2269 neque
467 2234 621 2270 operae
651 2222 855 2270 pretium
886 2221 1003 2259 fecit
1038 2229 1108 2259 cet.

223 2291 353 2340 *Cap
401 2293 472 2338 27,
522 2294 543 2329 8
591 2293 791 2341 quoniam,
842 2306 955 2341 quam
999 2293 1167 2330 feceram
1211 2294 1518 2331 emendationem

114 2362 280 2409 (naves
306 2375 377 2411 pro
409 2362 609 2411 nantes),
641 2376 725 2400 eam
741 2363 1095 2400 IVeissenbornium
1117 2371 1287 2401 secutum
1311 2365 1435 2411 video,
1469 2379 1516 2402 ex

113 2445 189 2481 quo
219 2433 383 2481 cognovi
411 2433 733 2482 Heerwagenium
762 2434 800 2470 in
831 2434 990 2470 eandem
1022 2433 1253 2483 ineidisse1),
1293 2436 1516 2473 brevissime

138 2587 170 2633 ¹)
202 2591 242 2622 In
266 2592 386 2623 iterata
411 2594 453 2624 ab
479 2593 722 2634 Heerwagenio
748 2594 911 2625 librorum
928 2594 1016 2626 XXI
1043 2604 1075 2626 et
1093 2596 1198 2627 XXII
1223 2597 1369 2628 editione
1393 2596 1514 2627 Fabri-

203 2663 270 2684 ana
294 2663 366 2685 eam
393 2654 619 2686 coniecturam
646 2665 713 2686 non
737 2656 880 2697 reperio.
