1811 2925
850 153 927 189 429
1311 151 1385 183 Lib.
1411 151 1599 182 XXXVII.

180 282 477 325 praevertere
509 277 565 313 ad
592 274 1022 321 traiieiendasque
1053 273 1220 322 copias
1248 274 1469 311 consulis
1501 274 1601 321 (Sci-

180 347 305 396 pionis
343 346 655 397 Hellespontum)
704 347 822 393 iere,
857 351 1002 392 atque
1034 356 1086 380 eo
1120 356 1310 392 quoque
1339 344 1494 382 functi
1535 345 1601 382 of-

180 417 312 462 ficio,
346 425 443 454 tum
475 419 658 455 demum
688 416 903 454 Rhodum
938 414 1145 451 rediere.
1205 416 1372 451 Prorsus
1403 428 1523 464 prave
1546 416 1601 452 di-

180 488 277 525 citur
309 496 620 536 praeverterc,
652 500 727 524 non
759 487 903 531 addito,
934 485 984 521 ad
1014 485 1104 533 quid
1137 486 1412 534 praevertcrint.
1474 487 1603 523 Parti-

180 560 266 596 cula
297 572 386 607 que
427 572 496 596 nec
541 559 579 595 in
621 559 654 595 B
687 571 755 594 nec
799 557 836 593 in
866 556 1176 593 Drakenborchii
1209 557 1402 594 codicibus
1435 556 1604 603 (decem)

179 629 262 666 fuit.
312 629 503 666 Detracta
520 629 636 677 igitur
659 642 736 665 una
767 629 894 665 littera
913 627 1154 664 scribendum
1175 634 1252 665 est:
1284 627 1463 664 Rhodii
1492 640 1604 676 prae-

180 707 377 736 vertere
424 700 481 736 ad
517 699 843 735 traiiciendas
904 697 1068 746 copias
1130 697 1346 734 consulis
1399 699 1496 742 ire,
1530 704 1605 734 at-

182 783 268 818 quc
300 777 370 806 etc.

293 839 388 889 Cap.
422 841 496 884 35,
529 842 549 877 3
608 840 661 887 (in
692 838 876 876 Antiochi
917 837 1132 886 legatorum
1164 839 1339 875 oratione
1391 838 1438 875 de
1469 842 1604 887 pace):

181 923 272 955 eas,
304 923 402 959 quae
433 910 477 946 in
507 910 628 946 Asia
659 909 777 953 sint,
824 908 1056 945 civitates
1103 909 1380 958 (Lampsacum
1417 915 1452 945 et
1483 908 1606 946 Alex-

182 981 357 1017 andriam
390 981 604 1024 Troadem)
638 979 834 1016 tradere
865 978 1027 1027 (regem)
1063 986 1285 1027 paratum
1319 992 1450 1024 esse,
1494 986 1538 1015 et
1567 979 1605 1015 si

183 1064 303 1100 quas
335 1051 462 1087 alias
492 1050 721 1094 Romani,
764 1049 890 1098 quod
921 1061 1119 1086 suarum
1152 1051 1372 1098 partium
1405 1050 1605 1093 suerint,

181 1121 435 1158 vindicare
477 1121 532 1157 ab
563 1120 770 1168 imperio
812 1119 954 1168 regio
1000 1119 1166 1158 velint.
1232 1119 1366 1158 Codex
1396 1122 1456 1158 M:
1488 1133 1606 1169 quas

181 1205 381 1229 suarum
412 1191 622 1240 partium
654 1191 934 1236 ediderant,
964 1191 1067 1238 quod
1088 1191 1170 1227 iure
1187 1191 1253 1228 vix
1284 1193 1443 1229 credunt
1472 1205 1520 1228 ex
1552 1192 1606 1228 al-

181 1271 263 1300 tero
294 1263 358 1299 illo
378 1269 503 1299 ortum
522 1274 604 1298 esse
618 1274 626 1306 3
642 1261 745 1309 quod
766 1267 894 1298 autem
907 1261 1052 1309 aliquid
1083 1263 1153 1298 sub
1177 1263 1249 1299 hac
1268 1263 1458 1311 scriptura
1488 1263 1608 1298 latere

181 1334 323 1379 dicunt,
354 1333 458 1377 nihil,
490 1332 638 1380 opinor,
668 1331 773 1378 latet,
800 1332 873 1368 nisi
905 1333 1007 1381 quod
1039 1345 1115 1368 una
1131 1333 1260 1369 littera
1284 1340 1432 1369 mutata
1462 1340 1606 1369 rectum

181 1412 332 1453 tempus
362 1403 637 1440 restituendum
669 1409 742 1438 est:
775 1403 1033 1448 ediderint,
1064 1404 1101 1441 h.
1121 1416 1167 1449 e.‚
1196 1416 1292 1452 quas
1310 1409 1494 1451 tanquam
1516 1415 1608 1439 sua-

182 1488 265 1512 rum
296 1474 461 1523 partium
495 1473 788 1512 nominaverint,

304 1544 400 1594 Cap.
433 1545 550 1589 41,2
588 1544 653 1588 (de
684 1544 791 1580 caelo
826 1544 905 1581 cius
937 1544 1029 1589 diei,
1064 1557 1139 1593 quo
1168 1545 1216 1581 ad
1248 1544 1492 1593 Magnesiam
1523 1556 1608 1580 cum

182 1614 379 1652 Antiocho
421 1621 634 1664 pugnatum
672 1613 773 1664 est):
839 1615 1031 1651 Nebula
1073 1615 1313 1652 matutina
1357 1622 1609 1652 crescente

185 1684 261 1720 die
302 1685 471 1722 levata
514 1686 559 1721 in
600 1687 746 1722 nubes
781 1685 1044 1734 caliginem
1077 1686 1231 1731 dedit3
1278 1687 1446 1722 humor
1485 1686 1607 1731 inde,

184 1755 240 1790 ab
273 1762 442 1792 austro
473 1756 626 1801 velut,
667 1756 889 1805 perfudit
921 1756 1093 1793 omnia.
1160 1757 1251 1793 Non
1278 1757 1405 1805 placet
1436 1756 1605 1805 caligi-

183 1837 284 1861 nem
315 1825 441 1871 dare,
473 1827 542 1863 etsi
573 1834 675 1864 recte
705 1828 905 1864 imbrem
936 1827 1054 1862 dare
1084 1827 1205 1862 nubes
1235 1827 1373 1863 dicitur
1402 1833 1437 1862 et
1469 1826 1608 1863 similia

184 1895 231 1931 de
261 1895 318 1941 iis,
351 1909 435 1944 quae
467 1898 577 1946 quasi
600 1912 620 1934 e
641 1898 747 1935 caelo
779 1904 872 1934 nata
906 1903 1047 1934 exeunt
1078 1897 1170 1933 etin
1186 1903 1327 1934 terram
1345 1898 1607 1946 perferuntur3

182 1965 276 2002 illud
308 1967 364 2003 ab
398 1974 567 2003 austro
598 1968 730 2004 velut
759 1968 821 2004 vel
856 1968 973 2004 mirus
1004 1968 1210 2004 verborum
1245 1968 1341 2004 ordo
1374 1968 1607 2016 (postposito

184 2036 336 2085 velut)
384 2037 608 2074 mendosum
641 2038 788 2087 arguit,
832 2050 956 2086 neque
994 2046 1087 2087 apta
1127 2039 1335 2075 admodum
1366 2036 1606 2085 comparatio

184 2113 252 2145 cst.
330 2107 375 2143 In
407 2108 448 2143 M
486 2107 669 2156 scriptum
699 2115 800 2145 erat:
842 2108 888 2144 in
935 2107 1145 2143 nubibus
1176 2107 1308 2143 dedit
1338 2106 1606 2155 caliginem,

186 2189 234 2213 ex
265 2189 341 2224 quo
371 2178 572 2226 perspicue
603 2177 704 2215 effici
734 2179 908 2214 videtur:
939 2177 1135 2215 Nebula
1166 2199 1215 2204 —-
1249 2177 1413 2214 levata
1444 2178 1489 2214 in
1519 2190 1606 2213 nu-

186 2247 329 2284 bibus
359 2248 500 2287 sedit.
560 2247 833 2297 Caliginem
866 2255 936 2287 cet.
993 2247 1298 2296 Opinorfuisse:
1332 2247 1605 2296 Caliginem

184 2319 353 2355 humor
377 2318 488 2354 inde
527 2319 582 2354 ab
628 2325 801 2355 austro
831 2322 1025 2359 secutus
1068 2318 1297 2367 perfudit
1326 2318 1504 2363 omnia3
1536 2317 1607 2354 etsi

185 2388 359 2427 mallem:
389 2387 662 2436 Caliginem
705 2388 814 2425 inde
844 2390 1015 2425 humor
1045 2390 1102 2426 ab
1134 2396 1327 2434 austro,
1359 2401 1428 2425 nec
1460 2394 1605 2425 certum

185 2465 254 2503 est,
276 2470 352 2494 non
369 2459 439 2494 has
458 2471 612 2507 quoque
644 2471 760 2495 voces
783 2459 971 2507 (humor
1003 2458 1132 2507 inde)
1149 2459 1187 2495 in
1205 2460 1246 2495 M
1264 2459 1340 2495 alio
1371 2459 1504 2496 ordine
1534 2470 1604 2507 po-

185 2528 278 2564 sitas
305 2528 435 2568 fuisse.
498 2528 624 2565 Paulo
655 2535 743 2577 post
774 2531 811 2573 (ξ
844 2532 903 2574 4),
947 2529 1012 2566 ubi
1043 2536 1117 2566 est:
1159 2530 1319 2579 Regii,
1363 2537 1458 2566 tam
1504 2529 1605 2566 lata

186 2598 309 2643 acie,
348 2611 404 2635 ne
448 2611 504 2635 ex
535 2599 696 2635 medio
741 2599 939 2651 quidem
984 2612 1166 2637 cornua
1196 2613 1280 2637 sua
1325 2600 1604 2648 circumspi-

184 2679 290 2705 cere
332 2676 587 2717 poterant,
633 2669 801 2705 nedum
849 2668 1054 2706 extremi
1098 2669 1224 2706 inter
1267 2682 1314 2706 se
1357 2670 1604 2719 conspice-
