1811 2925
255 155 334 189 Lib.
359 154 492 186 XXIII.
909 154 986 189 260

235 279 302 324 ni,
333 291 470 327 quam
503 288 710 323 unquam
742 273 947 317 fuimus,
978 273 1142 314 futuri.
1203 274 1358 311 Excidit
1387 274 1500 310 facile
1529 274 1658 311 futu-

235 351 274 386 ri
304 355 392 398 post
424 347 619 383 fuimus.
699 345 775 392 Qui
817 343 981 393 possit
1021 344 1249 380 addiderunt
1292 345 1569 393 (impetrari
1599 346 1656 381 ab

237 418 469 457 Romanis
500 415 697 465 possit),
736 427 813 450 non
861 414 1241 459 animadverterunt,
1280 415 1388 461 sequi
1421 415 1559 452 debere
1590 422 1657 453 aut

235 491 279 526 in
306 487 471 537 gratia
505 498 610 522 esse
645 490 712 521 aut
742 485 893 520 simus
923 485 1091 521 futuri.

348 558 443 607 Cap.
476 559 512 603 9,
546 558 566 592 3
601 556 655 602 (in
686 554 838 592 Calavii
869 555 990 603 patris
1023 554 1196 590 oratioue
1226 555 1344 591 filium
1376 568 1399 591 a
1430 554 1531 590 caede
1546 554 1658 590 Han-

235 630 372 667 nibalis
421 627 605 665 tentanda
644 625 919 672 dehortantis):
962 626 1140 661 Paueae
1185 625 1311 661 horae
1349 632 1479 669 sunt,
1524 625 1656 661 intra

237 713 357 749 quas
398 700 628 735 iurantes
673 695 1045 763 pei-‘quiequid
1087 695 1280 731 deorum
1321 701 1416 740 est,
1470 695 1656 731 dextrae

235 772 433 807 dextras
463 770 721 817 iungentes
755 766 903 802 fidem
935 765 1315 812 obst1·inximus,
1338 787 1387 791 —
1415 772 1463 802 ut
1493 778 1658 802 sacra-

236 849 310 878 tas
353 841 456 878 fide
500 850 666 876 manus
710 835 921 885 digressi
968 848 989 871 a
1037 836 1292 884 colloquio
1338 836 1578 885 extemplo
1610 836 1657 872 in

237 926 336 949 eum
369 907 693 948 armaremus?
753 907 817 945 Sic
859 907 975 942 edunt
1004 906 1092 942 inde
1131 919 1154 942 a
1186 906 1415 951 Gronovio‚
1460 907 1658 944 codicibus

236 982 458 1020 melioribus
509 978 832 1017 consentientibus
880 977 967 1024 (nisi
1011 977 1114 1024 quod
1157 977 1335 1013 mansis
1374 990 1445 1026 pro
1492 990 1656 1013 manus

235 1053 446 1097 scribitur),
478 1051 608 1099 itaque
640 1054 833 1093 enarrant,
865 1054 907 1083 ut
939 1048 994 1083 rei
1025 1053 1191 1083 narratae
1225 1048 1383 1096 adiungi
1417 1054 1562 1096 putent,
1593 1061 1657 1084 ra-

235 1125 337 1160 riore
368 1123 471 1171 apud
495 1121 656 1158 Latinos
686 1120 823 1167 figura,
858 1118 1199 1166 interrogationem
1224 1119 1269 1154 de
1292 1119 1452 1154 actionis
1484 1119 1655 1164 consilio,

236 1194 402 1243 negandi
436 1200 473 1229 et
500 1190 729 1228 dehortandi
745 1190 822 1225 vim
853 1189 1071 1227 habentem.
1124 1189 1268 1225 Verum
1296 1202 1379 1226 eam
1413 1190 1574 1238 figuram
1591 1190 1656 1237 (de

237 1278 314 1312 qua
345 1262 507 1312 exposui
539 1262 587 1297 td
617 1260 696 1297 Cic.
725 1260 811 1297 libr
845 1259 891 1294 de
922 1259 1059 1295 fin.11
1091 1271 1121 1294 c.
1159 1261 1258 1307 191).
1283 1259 1391 1307 250)
1424 1273 1499 1296 non
1531 1259 1655 1295 solum

237 1334 368 1371 omnia
401 1333 592 1381 exempla,
630 1332 697 1368 sed
730 1329 785 1367 rei
819 1329 938 1378 ipsius
969 1335 1108 1365 natura
1139 1330 1305 1366 ostendit
1334 1331 1388 1366 ita
1420 1337 1568 1385 tantum
1586 1344 1656 1379 po-

235 1406 286 1447 ni,
316 1411 358 1441 ut
386 1405 435 1440 ad
467 1410 516 1440 ut
543 1403 776 1451 adiungatur
804 1413 1018 1448 pronomen
1051 1405 1117 1435 aut
1134 1400 1359 1436 adverbium
1385 1386 1657 1449 iuter-logatio-

237 1489 324 1512 nem
356 1475 529 1511 indicans
562 1472 694 1523 (quid
725 1478 794 1516 ut,
825 1470 906 1506 ubi
936 1477 1005 1515 ut,
1043 1477 1091 1505 ut
1123 1483 1215 1518 quo
1250 1470 1362 1517 —?>;
1400 1484 1524 1519 neque
1554 1471 1654 1508 enim

237 1547 348 1583 aliter
374 1544 630 1581 animadverti
647 1544 771 1591 figura
797 1547 835 1577 et
857 1554 986 1577 avera
1005 1540 1153 1577 consilii
1179 1541 1456 1589 significatione
1474 1541 1655 1589 distingui

236 1622 404 1666 poterat:
435 1628 559 1663 neque
588 1615 662 1650 hoc
691 1613 730 1649 in
763 1612 903 1648 Latino
935 1611 1056 1659 magis
1087 1624 1263 1647 sermone
1294 1613 1522 1648 observatur
1539 1625 1653 1660 quam

238 1688 277 1724 in
310 1687 469 1731 Graeeo,
508 1685 573 1722 ubi
600 1683 719 1720 multo
750 1683 865 1718 latius
895 1688 1003 1730 patet
1031 1682 1142 1717 huius
1173 1683 1304 1729 figurae
1347 1679 1494 1730 usus1).
1567 1683 1655 1719 Hoe

236 1758 352 1806 igitur
368 1762 516 1792 remoto
537 1754 711 1799 artifieio,
730 1759 850 1789 restat
870 1752 907 1788 in
925 1753 1115 1801 scriptura
1136 1765 1212 1787 non
1229 1751 1462 1800 interpolata
1476 1751 1545 1801 (--
1563 1765 1654 1788 nam

237 1828 412 1864 codicum
455 1826 686 1862 deteriorum
737 1824 1033 1872 depravationes
1082 1822 1269 1870 attingere
1309 1822 1442 1858 inutile
1488 1829 1545 1859 est
1575 1825 1654 1869 -—)

236 1899 415 1935 mendum
446 1896 692 1934 manifestum
732 1906 801 1930 nee
836 1900 964 1929 tamen
995 1899 1061 1929 aut
1090 1893 1167 1928 late
1197 1898 1332 1940 patens
1371 1899 1460 1936 aut,
1499 1899 1538 1928 ut
1571 1893 1653 1941 opi-

236 1982 321 2017 nor,
354 1968 402 2004 ad
434 1966 702 2015 corrigendum
735 1963 901 2001 difficile.
961 1962 1217 2000 Scribendum
1239 1968 1296 1998 est
1326 1962 1445 1998 enim:
1478 1963 1654 1999 Paucae

236 2040 363 2075 horae
393 2044 512 2082 sunt,
543 2038 675 2073 intra
707 2047 824 2084 quas
966 2032 1116 2069 fidem
1148 2033 1514 2070 obstrinximus.
1566 2033 1652 2071 Uis

237 2116 460 2145 sacratas
492 2107 593 2144 fide
616 2118 780 2143 manus
812 2137 819 2144 .
840 2103 1143 2151 ..extemplo
1174 2103 1219 2139 in
1251 2116 1348 2139 eum
1380 2103 1653 2139 armemus?

236 2179 299 2215 Ex
331 2184 378 2214 ut
407 2178 481 2215 feci
512 2192 533 2214 u
546 2179 569 2223 i,
600 2177 796 2225 geminata
828 2175 941 2211 simul
969 2174 1096 2210 littera
1125 2173 1361 2220 sequentis3
1396 2175 1441 2221 (c.
1464 2175 1500 2218 S,
1521 2175 1541 2210 9
1565 2174 1652 2210 Ro-

237 2249 390 2285 manis
421 2254 465 2284 et
493 2261 564 2296 pro
591 2246 822 2285 Romanis
854 2251 924 2281 set
955 2244 1105 2280 codices
1136 2244 1278 2280 habere
1298 2244 1491 2290 vidimus).
1539 2244 1653 2291 Quod

237 2330 481 2354 armemus
512 2331 582 2366 pro
615 2330 709 2353 arm
722 2328 912 2352 aremus
942 2314 1076 2363 posui,
1122 2314 1254 2350 eadem
1287 2313 1472 2350 correctio
1504 2313 1652 2362 perspi-

261 2551 289 2595 1)
330 2552 649 2589 Weissenbornius,
683 2551 778 2581 cuius
813 2550 961 2580 animum
1000 2548 1178 2589 serupulus
1204 2547 1369 2588 pupugit,
1396 2548 1496 2578 nimis
1523 2547 1653 2578 fortiter

330 2625 363 2646 se
398 2614 552 2654 expedit3
588 2618 690 2652 negat
716 2622 800 2652 opus
826 2621 898 2641 esso
925 2609 1168 2648 interrogativa.
1191 2619 1285 2641 voce.
1346 2608 1478 2648 (Locus
1503 2607 1588 2639 Livii
1618 2609 1651 2639 in

328 2675 372 2713 V,
400 2679 454 2713 24,
486 2679 525 2705 10
552 2675 594 2705 ad
620 2674 709 2704 hanc
735 2674 876 2713 figuram
903 2671 1041 2701 omnino
1067 2679 1134 2700 non
1159 2668 1330 2710 pertinet.)
