1811 2925
829 113 906 149 565
1363 111 1438 143 Lib.
1456 110 1590 142 XLIV.

153 241 197 272 ut
222 235 465 272 restituatur:
497 233 639 270 simul
669 234 807 270 aditu
837 233 1208 278 commeatibus,
1255 233 1398 271 simul
1425 234 1584 271 redit-u

157 307 302 358 ipsis,
350 310 536 342 montes
582 309 653 341 cet.
713 304 937 354 Sequuntur
967 305 1048 340 haec
1078 306 1115 349 (ξ
1146 305 1209 348 8);
1251 304 1372 341 Nam
1412 310 1590 352 p‚raeter

154 376 416 425 angustias
449 389 536 425 per
567 376 780 424 quinque
810 374 963 420 milia,
999 387 1089 423 qua
1120 374 1346 423 exiguum
1375 375 1592 411 iumento

154 455 330 483 onusto
361 448 456 483 iter
489 452 736 495 est‚rupes
768 440 1012 494 utrimque
1041 445 1111 481 ita
1145 445 1350 482 abscisae
1382 453 1512 491 sunt,
1544 453 1593 482 ut

155 517 344 565 despici
379 517 462 554 vix
493 516 597 553 sine
626 516 872 566 vertigine
903 516 1107 565 quadam
1138 516 1279 553 simul
1309 516 1590 554 occulorum

155 587 402 636 animique
434 601 458 637 p
482 587 616 625 ossit.
685 588 860 624 Terret
899 593 943 623 et
971 587 1162 624 sonitus
1193 593 1237 623 et
1268 586 1482 623 altitudo
1512 599 1599 635 per

156 659 358 695 mediam
391 658 566 695 vallem
614 658 816 695 fluentis
859 658 1007 695 Penei
1058 657 1222 694 amnis.
1288 657 1380 694 Non
1413 662 1516 693 reete
1547 657 1597 693 ab

157 729 345 778 angustiis
384 736 618 778 separantur
657 741 798 779 rupeS‚
852 741 937 777 quae
979 728 1178 778 angustias
1219 727 1367 765 faciunt
1405 728 1599 776 (praeter

157 800 413 849 angustias
472 828 509 838 ..
564 804 746 849 1·upes);
796 807 931 837 contra
977 806 1080 837 recte
1131 799 1398 848 angustiarum
1453 799 1593 835 terrori

158 870 379 919 adiungitur
423 870 545 907 amnis
593 870 695 907 infra
742 871 876 907 fluens.
958 869 1094 907 Codex
1133 871 1269 907 habet:
1341 869 1592 907 onustoin-

157 948 441 990 terstrupes.
493 942 555 979 Ex
585 949 624 978 st
656 941 874 978 faciendum
894 947 950 978 est
982 947 1045 987 et,
1068 942 1244 978 oratione
1270 941 1324 978 sic
1348 941 1593 978 continuata:

157 1013 276 1049 Nam
301 1019 477 1060 praeter
521 1012 776 1061 angustias
815 1041 909 1055 ...,
955 1025 1048 1061 qua
1093 1012 1320 1061 exiguum
1373 1012 1588 1048 iumento

156 1088 332 1119 onusto
362 1083 455 1119 iter
485 1090 529 1119 et
557 1094 702 1131 rupes
740 1083 982 1131 utrimque
1027 1083 1096 1119 ita
1129 1082 1336 1120 abscisae
1367 1090 1498 1128 sunt,
1545 1089 1592 1119 ut

159 1153 346 1202 despici
385 1153 468 1190 vix
512 1153 615 1190 sine
654 1154 901 1203 vertigine
1044 1153 1224 1202 possit,
1256 1160 1410 1191 terret
1445 1160 1489 1190 et
1519 1166 1592 1191 so·

157 1224 288 1260 nitus
322 1230 367 1260 et
397 1224 608 1261 altitudo
643 1221 757 1273 cet.¹)

271 1293 368 1344 Cap.
396 1298 432 1341 7,
469 1298 535 1332 11:
595 1296 731 1332 Adeo
763 1297 865 1333 sine
895 1296 995 1332 ulla
1026 1307 1114 1343 ope
1154 1295 1332 1340 hostis,
1377 1308 1478 1344 quae
1521 1295 1597 1332 ad-

157 1373 410 1414 gravaret,
458 1379 557 1403 cum
603 1367 711 1415 ipsa
742 1366 1049 1404 difficultate
1091 1379 1250 1402 rerum
1281 1366 1596 1415 pugnandum

160 1442 276 1472 erat.
338 1435 674 1474 Considerandum
704 1437 798 1474 mihi
827 1437 991 1483 videtur,
1035 1437 1253 1485 potueritne
1287 1437 1341 1473 sic
1373 1437 1477 1473 sine
1507 1449 1596 1486 ope

159 1507 318 1543 hostis
350 1507 495 1555 aliquid
526 1509 609 1545 fieri
639 1509 736 1554 diei,
781 1514 823 1545 ut
853 1508 959 1557 opis
991 1507 1158 1553 nomine7
1203 1520 1302 1556 quae
1333 1507 1596 1555 adgravet.

159 1578 397 1626 significetur
429 1591 549 1628 opera
577 1580 617 1616 in
647 1579 939 1616 difficultatibus
969 1579 1331 1628 impedimentisque
1369 1578 1595 1615 obiiciendis

160 1648 301 1697 posita.
386 1649 577 1699 Alioquin
623 1651 723 1687 enim
776 1650 1021 1687 scribendum
1076 1650 1246 1687 videtur:
1296 1650 1398 1686 sine
1446 1662 1596 1701 opera

160 1721 339 1766 hostis,
372 1734 471 1770 quae
503 1722 810 1771 adgravaret.

275 1790 371 1841 Cap.
407 1793 441 1837 8,
474 1793 496 1829 2
541 1793 604 1840 (de
646 1793 803 1830 consule
845 1792 892 1839 Q.
931 1791 1083 1829 Marcio
1126 1790 1309 1839 Philippo
1351 1791 1400 1827 ab
1431 1791 1510 1827 Dio
1546 1790 1597 1826 ad

161 1862 315 1900 Philam
345 1865 562 1912 regresso):
613 1863 716 1900 Alii
765 1869 890 1900 metu
933 1862 1202 1899 recessisse
1234 1874 1334 1898 eum
1368 1862 1424 1898 ab
1456 1862 1597 1898 hoste

160 1932 408 1979 ferebant,
440 1933 552 1982 quia
585 1935 800 1972 manenti
841 1934 888 1971 in
932 1932 1101 1971 Pieria
1128 1933 1321 1981 proelio
1361 1932 1597 1969 dimican-

160 2003 268 2040 dum
298 2003 448 2049 foret,
494 2005 580 2041 alii
611 2005 851 2054 ignarum,
895 2004 1014 2042 belli
1058 2015 1156 2052 quae
1186 2003 1232 2039 in
1263 2003 1366 2040 dies
1396 2002 1596 2040 fortuna

160 2084 391 2119 novaret,
437 2082 483 2112 ut
529 2076 904 2125 opperientibus
943 2087 1049 2112 sese
1078 2075 1241 2119 rebus,
1284 2073 1510 2110 omisisse
1541 2073 1595 2110 de

162 2147 389 2184 manibus
435 2159 508 2192 ea,
559 2159 657 2195 quae
704 2159 811 2183 mox
852 2146 1015 2195 repeti
1054 2158 1147 2182 non
1191 2151 1403 2194 possent.
1475 2146 1597 2182 Recte

161 2216 247 2252 illa:
278 2223 325 2253 ut
355 2217 730 2266 opperientibus
761 2229 865 2254 sese
895 2217 1040 2253 rebus
1060 2215 1440 2253 Weissenborniuse
1463 2215 1597 2252 codice

188 2453 218 2495 ¹)
264 2456 283 2495 ἓ
314 2459 354 2487 10
395 2456 613 2487 scribendum
652 2465 730 2487 cum
760 2455 1067 2488 Drakenborchio:
1110 2455 1302 2485 alterum
1327 2454 1369 2484 in
1397 2452 1596 2494 Condylo

262 2517 469 2550 castello.
521 2517 663 2549 Variata
692 2518 801 2550 oratio
827 2518 875 2549 ita
901 2518 982 2550 ferri
1008 2518 1120 2555 debet,
1146 2517 1173 2548 si
1200 2516 1335 2557 singula
1360 2521 1450 2547 recte
1478 2516 1598 2546 dicun·

260 2585 337 2618 tur3
366 2580 409 2610 in
434 2579 594 2611 haustum
622 2584 673 2611 est
703 2580 914 2621 praecedente
940 2590 982 2613 m.
