1811 2925
279 156 355 187 Lib.
375 155 505 188 XLIV.
957 157 1033 192 562

282 284 430 328 partem
462 278 609 326 pedites
640 276 829 324 tenuisse7
881 291 1004 326 eoque
1037 278 1179 314 omisso
1213 277 1455 314 scribendum
1487 289 1587 314 esse:
1628 291 1703 327 po-

281 355 489 386 suerunt
519 353 700 392 castra,
751 359 952 395 quorum
999 361 1112 398 pars
1154 347 1306 383 maior
1334 349 1546 385 tumulos
1574 356 1702 386 tene-

281 421 382 464 bat3
414 419 538 458 alibi
571 418 638 460 (ab
671 418 746 455 alio
768 418 906 466 latere)
937 420 1072 456 vallo
1101 418 1256 466 campi
1287 431 1476 467 quoque
1505 425 1702 468 partem,

280 491 360 527 ubi
391 502 536 538 eques
567 489 814 534 tenderet,
846 490 1281 539 amplectebantur.

394 560 490 609 Cap.
527 562 563 605 6,
600 560 635 595 2.
702 560 779 595 Hic
809 559 938 607 locus,
982 573 1092 609 quem
1127 560 1319 608 Grynaeus
1359 559 1472 595 valde
1501 560 1703 598 infeliciter

278 631 539 680 interpolavit,
568 629 770 666 Bekkerus
793 636 830 666 et
846 630 1184 667 lVeissenbornius
1205 630 1333 675 talenn
1365 630 1490 678 qualis
1510 631 1549 667 in
1571 632 1702 669 codice

282 707 462 751 corrupte
493 700 658 749 scriptus
690 707 760 748 est,
790 701 1040 749 reliquerunt,
1071 701 1209 737 additis
1239 706 1388 737 tantum
1417 701 1564 737 lacunae
1589 701 1702 746 notis,

279 773 350 810 etsi
383 786 460 809 non
490 783 649 821 prorsus
680 772 935 821 redintegrari
978 778 1126 821 potest,
1178 772 1281 819 quod
1324 771 1508 808 nonnulla
1547 772 1701 808 excide-

276 850 377 889 runt,
408 849 536 880 tamen
566 843 755 892 insignem
790 843 924 892 recipit
966 842 1271 879 emendationem
1317 855 1402 879 cum
1434 842 1589 878 alterius
1627 842 1702 879 loci

278 915 515 952 correctione
548 928 625 951 non
644 914 768 950 minus
791 913 932 963 insigni
959 913 1214 951 coniunctam.
1275 912 1429 950 Codicis
1453 912 1555 949 enim
1581 912 1699 962 scrip-

277 992 364 1022 tura
396 985 618 1022 huiusmodi
660 991 738 1021 est:
783 986 986 1031 (Perseus,
1036 984 1169 1020 nuntio
1215 984 1262 1020 de
1306 984 1476 1020 exercit-u
1521 984 1700 1021 Romano

277 1070 346 1106 per
376 1064 526 1093 montes
569 1057 607 1092 in
649 1055 921 1091 Macedoniam
967 1056 1144 1092 traducto
1189 1055 1451 1103 perturbatus)
1497 1054 1700 1091 subinde

277 1141 362 1177 per
393 1128 598 1176 aliaquae
638 1126 740 1172 (edd.
772 1139 860 1174 per
890 1126 988 1162 alia
1020 1125 1236 1173 aliaque3
1279 1127 1391 1165 scrib,
1423 1124 1569 1173 potius:
1618 1138 1702 1173 per

277 1198 379 1234 alia
410 1204 554 1245 atque
585 1195 747 1245 alia)¹)
799 1197 980 1245 pavida
1026 1196 1243 1233 consilia
1285 1203 1327 1233 et
1373 1196 1579 1246 imperia
1611 1202 1699 1232 tre-

275 1269 467 1316 pidans,
512 1268 633 1304 duos
665 1279 720 1303 ex
751 1268 919 1303 amicis
964 1267 1149 1303 Pellam
1196 1268 1402 1303 alterum
1450 1279 1602 1315 usque
1643 1267 1701 1303 ad

275 1340 470 1388 pathum
502 1338 707 1387 pecunia
744 1338 971 1386 deposita
1003 1344 1107 1373 erat
1138 1351 1193 1374 ex
1222 1337 1467 1386 praesidiis
1498 1344 1700 1375 revocat

276 1410 529 1457 omnisque
579 1409 740 1445 aditus
784 1409 943 1457 aperit
991 1408 1132 1445 bello.
1207 1409 1298 1444 Non
1344 1408 1510 1444 dubitari
1558 1414 1699 1457 potest,

276 1480 366 1528 quin
399 1480 533 1516 eadem
566 1479 827 1528 significentur
857 1492 1106 1528 praepropera
1135 1478 1310 1527 imperia,
1354 1492 1516 1527 quorum
1548 1485 1696 1528 postea,

275 1551 430 1599 dempto
462 1556 630 1595 terrore,
677 1551 824 1586 Persea
854 1550 1089 1598 poenituisse
1120 1550 1254 1586 Livius
1286 1562 1315 1586 c.
1354 1552 1399 1586 10
1438 1550 1518 1586 init.
1551 1557 1696 1596 narrat,

275 1621 436 1657 alterum
469 1621 515 1656 de
545 1633 644 1669 gaza
676 1621 785 1669 regia
814 1621 854 1656 in
885 1634 991 1657 mare
1023 1621 1279 1669 proficienda7
1329 1621 1432 1668 quod
1469 1620 1604 1656 Nicias
1637 1623 1695 1657 ta-

275 1704 359 1728 cere
390 1692 514 1727 iussus
546 1697 640 1736 erat,
672 1692 834 1728 alterum
867 1692 914 1727 de
944 1692 1147 1728 navalibus
1170 1691 1457 1728 Thessalonicae
1491 1691 1697 1728 incenden-

274 1763 344 1808 dis7
376 1762 508 1799 datum
539 1763 778 1801 Andronico.
854 1764 931 1799 Res
964 1769 1288 1799 commemoratur
1322 1762 1438 1798 etiam
1468 1762 1506 1797 in
1538 1774 1694 1811 excerp-

273 1834 321 1869 tis
352 1833 517 1870 Diodori
548 1833 804 1869 Peirescianis
847 1847 884 1882 p.
923 1835 999 1870 579
1031 1834 1180 1878 lVess.,
1224 1833 1288 1869 ubi
1321 1845 1392 1881 pro
1422 1832 1538 1869 Nicia
1567 1832 1696 1868 Nicon

274 1904 503 1953 appellatur,
550 1903 614 1951 qui
658 1904 783 1940 iussus
826 1903 965 1940 dicitur
994 1896 1083 1953 τήν
1115 1904 1162 1941 ἐν
1190 1901 1248 1955 τῷ
1283 1899 1412 1955 Φώκῳ
1446 1895 1588 1956 γάζαν
1620 1900 1692 1941 καὶ

273 1968 327 2014 τά
358 1967 565 2027 χρήματα
600 1972 954 2019 καταποντίσαι,
997 1980 1034 2010 et
1074 1974 1176 2022 apud
1215 1974 1440 2022 Appianum
1481 1974 1520 2010 in
1559 1974 1694 2010 iisdem

272 2045 463 2094 excerptis
507 2042 678 2095 (Maced.
722 2046 769 2082 fr.
817 2046 894 2092 14).
954 2046 1039 2081 Iam
1079 2058 1109 2081 c.
1147 2046 1213 2089 10,
1255 2045 1275 2080 2
1308 2045 1362 2080 sic
1392 2045 1588 2081 scribitur:
1629 2044 1693 2080 in-

272 2116 466 2152 cautior
514 2117 646 2164 <quam
679 2116 949 2161 Andronicus,
994 2116 1058 2164 qui
1089 2121 1239 2164 tempus
1288 2114 1476 2159 traxerat)
1522 2115 1692 2152 Nicias

271 2186 422 2223 Pellae
452 2186 762 2235 proiiciendo
787 2187 886 2233 (cod.
909 2185 1238 2235 proiiciendae)
1261 2186 1474 2234 pecuniae
1493 2191 1692 2234 partem,

297 2370 323 2412 1)
363 2372 490 2404 Alius
520 2373 742 2412 aliusque,
780 2372 912 2403 aliter
937 2372 1161 2411 aliterque
1188 2373 1278 2412 apud
1312 2371 1449 2404 Celsum
1491 2378 1524 2403 ct
1548 2372 1692 2404 fortasse

365 2435 455 2475 apud
474 2434 559 2464 alios
579 2434 759 2474 reperitur3
787 2433 870 2464 boui
894 2433 1075 2474 scriptores
1102 2433 1218 2464 alius
1244 2440 1373 2474 atque
1400 2434 1532 2471 alius,
1559 2434 1691 2464 aliter

365 2501 499 2535 atque
538 2495 693 2532 aliter⁷
729 2495 842 2525 alibi
878 2499 1009 2535 atque
1046 2494 1155 2525 alibi
1196 2496 1308 2526 diccrc
1350 2496 1468 2527 solent.
1531 2495 1691 2526 Livianos

364 2556 460 2586 locos
486 2555 562 2596 plus
589 2557 706 2587 decem
741 2557 959 2596 collegerunt
996 2556 1065 2586 Iac.
1100 2555 1287 2587 Gronovius
1325 2562 1357 2588 et
1390 2556 1691 2588 Drakenborchius

366 2617 407 2646 ad
434 2616 566 2654 XXIV,
592 2621 646 2655 20,
674 2620 706 2649 9.
