1811 2925
224 136 297 167 Lib.
320 136 412 167 XLI.
898 137 974 173 508

224 274 313 297 vum
348 259 485 298 effecit.
545 260 683 308 Neque
718 259 925 308 quicquam
970 268 1157 309 praeterea
1202 261 1427 298 mutandum
1474 268 1532 298 est
1576 270 1644 299 aut

226 331 450 369 Gronovius
484 331 625 368 mutari
663 331 806 375 voluit;
855 344 964 368 nam:
995 344 1018 368 a
1058 331 1234 380 quibus
1269 338 1383 370 antea
1410 339 1641 377 tentaverat,

225 403 394 439 nondum
425 403 580 439 invento
613 402 847 440 hostium.
909 402 1092 451 Sequitur
1120 403 1167 439 de
1196 403 1306 439 vietis
1319 402 1519 441 Celtiberis
1539 405 1574 452 (ἓ
1599 403 1640 453 5)

225 474 262 510 in
295 474 446 510 codice:
478 474 641 510 adXV
671 473 812 510 milia
842 482 985 523 capta
1015 474 1154 523 signa
1188 474 1399 524 adempti
1431 475 1519 523 (sie)
1552 476 1642 512 duo

225 552 269 582 et
298 546 456 582 XXX.
515 545 606 581 Non
638 556 761 581 eaesa
792 552 871 581 aut
904 553 1049 595 capta
1080 546 1321 582 scribendum
1353 553 1447 591 erat,
1469 546 1554 583 sed:
1586 546 1644 582 ad

225 617 314 653 XV
360 616 501 652 milia
548 615 705 666 [eaesa,
737 614 781 666 εκ]
818 623 978 666 capta.
1051 617 1207 654 Excidit
1256 617 1355 653 enim
1401 617 1641 666 captivorum

226 688 419 735 (millium)
450 700 643 724 numerus.

336 758 432 808 Cap.
465 761 528 800 27,
561 761 602 795 3:
649 759 891 797 Consules
943 762 995 805 (a.
1032 761 1106 796 174
1137 773 1172 796 a.
1204 758 1314 807 Chr.)
1385 791 1390 795 .
1448 759 1492 795 in
1533 772 1644 808 pro-

225 831 413 867 vincias
445 830 659 879 profecti
688 838 808 868 sunt.
890 831 959 868 Ex
1005 830 1065 867 iis
1110 831 1164 867 M.
1206 830 1404 868 AEmilio
1447 837 1644 866 senatus

225 901 472 950 negotium
506 903 657 947 dedit,
700 911 748 939 ut
778 902 1128 939 Patavinorum
1172 901 1217 938 in
1262 902 1475 938 Venetia
1513 901 1646 937 sedi-

224 974 404 1010 tionem
437 974 724 1022 eomprimer
737 980 792 1012 et.
851 974 1024 1010 Pravum
1054 973 1128 1009 hoe
1159 985 1264 1012 esse.
1304 973 1486 1022 Sigonius
1518 971 1644 1008 anim-

225 1045 409 1090 advertit3
440 1058 530 1081 nam
562 1045 616 1083 M.
663 1045 865 1081 AEmilium
911 1045 1108 1093 superiore
1147 1057 1248 1081 anno
1288 1044 1482 1081 consulem
1513 1043 1643 1087 fuisse,

224 1117 297 1153 hoe
327 1129 428 1152 anno
461 1117 528 1164 Sp.
560 1115 815 1157 Postumium,
847 1116 892 1162 Q.
917 1116 1099 1152 Mucium.
1163 1116 1301 1164 Itaque
1323 1115 1644 1152 Drakenborehio

225 1188 262 1223 in
295 1194 459 1224 mentem
489 1187 615 1223 venit:
649 1187 772 1223 Exin
804 1187 855 1224 M.
878 1187 1090 1230 AEmilio,
1127 1187 1230 1235 quod
1260 1195 1411 1223 secutus
1444 1193 1500 1222 est
1516 1186 1642 1222 VVeis-

226 1258 464 1295 senbornius.
539 1258 615 1295 Sed
660 1264 917 1306 praeterquam
970 1259 1073 1305 quod
1115 1272 1252 1307 parum
1313 1264 1404 1306 apta
1453 1264 1510 1293 est.
1558 1257 1643 1305 ipsa

225 1331 304 1366 haec
334 1343 412 1365 vox
445 1330 579 1371 exin,
622 1336 723 1365 recte
755 1327 1097 1364 Drakenborchius
1127 1329 1298 1373 viderat,
1342 1328 1560 1365 necessario
1593 1328 1643 1363 si-

225 1402 302 1438 mul
332 1405 350 1446 ξ
383 1404 404 1437 4
439 1400 680 1437 scribendum
715 1412 796 1435 esse
828 1399 1146 1448 proconsulis
1176 1413 1247 1448 pro
1279 1399 1507 1444 consulis‚
1539 1399 1642 1447 quod

224 1474 287 1509 W.
321 1485 396 1509 non
425 1472 526 1508 feeit.
586 1472 636 1508 Et
670 1484 753 1519 quae
783 1470 835 1506 ibi
866 1470 1097 1506 adiiciuntur
1127 1471 1303 1519 (neque
1336 1469 1479 1513 aliud,
1512 1471 1639 1519 quod

225 1550 411 1593 ageret„
443 1544 487 1579 in
519 1542 782 1591 provincia
813 1554 950 1589 quum
981 1541 1251 1579 habuisset.
1269 1542 1640 1589 Romamrediit)

225 1616 273 1651 ad
305 1614 499 1652 consulem
532 1613 570 1649 in
612 1613 850 1662 provinciam
889 1613 1102 1661 profectum
1143 1613 1293 1661 aptiora
1323 1620 1410 1649 sunt
1441 1626 1555 1661 quam
1592 1614 1641 1649 ad

225 1687 427 1724 AEmilium
460 1685 568 1721 nnius
600 1685 654 1721 rei
686 1697 802 1721 causa
835 1684 1004 1721 missum.
1080 1685 1218 1732 Itaque
1250 1691 1315 1720 aut.
1346 1685 1498 1729 Livius,
1538 1685 1640 1733 quod

223 1770 379 1806 prorsus
410 1756 589 1793 credibile
634 1762 689 1791 ost
720 1763 756 1791 et
799 1756 904 1797 aliis,
937 1768 1020 1803 quae
1049 1756 1082 1791 ei
1123 1756 1353 1799 aeciderunt,
1386 1756 1524 1801 simile,
1559 1769 1638 1792 rem

224 1828 390 1864 fortasse
420 1841 496 1863 non
528 1841 575 1863 ex
606 1827 651 1863 iis
683 1827 897 1863 annalibus.
929 1839 1025 1874 quos
1056 1827 1094 1863 in
1125 1827 1260 1863 ceteris
1290 1827 1402 1863 huius
1431 1827 1552 1875 partis
1582 1841 1642 1863 re-

225 1901 296 1936 bus
328 1900 572 1947 sequebatur,
604 1906 809 1946 sumptam.
841 1898 974 1933 sodex
1008 1898 1142 1945 patriae
1174 1899 1277 1934 urbis
1310 1897 1497 1933 memoria
1527 1910 1639 1946 repe-

226 1972 346 2013 titam,
381 1983 509 2006 errore
544 1969 604 2005 hic
635 1968 804 2010 inseruit,
837 1981 880 2003 eo
912 1968 1061 2004 iaeilius
1093 1969 1251 2004 duorum
1280 1980 1467 2004 annorum
1498 1980 1634 2004 eonsu-

225 2043 324 2079 libus
355 2041 538 2084 confusis,
569 2040 684 2087 quod,
717 2040 780 2087 qui
811 2041 883 2075 hoc
915 2052 1014 2075 anno
1045 2039 1209 2079 fuerunt,
1241 2039 1333 2075 nihil
1358 2039 1534 2076 videntur
1555 2052 1641 2088 ges-

226 2114 320 2149 sisse
351 2111 601 2149 memorabile
651 2117 688 2146 et
738 2112 840 2158 quod
887 2117 1047 2158 uterque
1092 2122 1213 2145 annus
1244 2110 1414 2146 Mucium
1447 2110 1639 2147 consulem

226 2181 380 2223 habuit„
412 2188 477 2217 aut
517 2188 605 2230 post.
635 2182 834 2219 AEmilio
866 2182 1089 2218 exciderunt
1119 2181 1316 2228 quaedam,
1364 2194 1479 2229 quum
1512 2181 1642 2218 huius-

227 2252 329 2287 modi
371 2252 450 2288 fere
500 2253 634 2289 fuisset
665 2253 849 2289 orationis
892 2252 1036 2288 forma:
1068 2252 1139 2288 Ex
1168 2252 1227 2288 iis
1259 2252 1312 2290 M.
1344 2252 1544 2289 AEmilio
1578 2252 1640 2299 [Q.

227 2322 413 2358 Mucius
444 2323 700 2369 suecessit,
747 2325 792 2360 P.
824 2324 982 2360 Mucio
1015 2323 1088 2372 Sp.
1121 2324 1423 2360 Postumius.
1468 2323 1515 2370 Q.
1548 2324 1642 2359 Mu-

227 2391 324 2442 cio]
357 2402 556 2430 senatus
588 2402 658 2431 cet.
728 2395 802 2431 Sed
835 2395 954 2431 multo
986 2394 1077 2430 illud
1108 2395 1345 2444 probabilius
1377 2401 1444 2430 est.
