1811 2925
284 143 357 174 Lib.
372 142 506 173 XXIII.
911 143 990 179 266

240 279 378 302 nomen
419 265 624 307 excidisse;
665 265 732 300 sed
774 263 954 312 quoniam
994 264 1170 312 proxime
1200 277 1275 300 non
1308 266 1558 303 exercitus
1588 279 1661 303 nec

239 337 380 373 miles
415 335 634 372 nominatus
669 342 726 371 est.
742 335 807 371 sed
835 334 1076 382 legioneS,
1106 334 1214 371 locus
1230 335 1285 371 ita
1302 342 1383 371 erat
1401 336 1659 385 supplendus:

239 406 589 444 Terentianum
630 406 916 452 [exercitum
948 406 1228 451 Tarentum]
1268 403 1449 452 mitti.1)

350 476 445 525 Cap.
480 478 543 521 34„
579 479 624 514 12
658 476 741 523 (ubi
771 478 822 512 A.
854 476 1055 513 Cornelius
1086 476 1123 512 in
1155 483 1289 513 senatu
1321 478 1367 513 de
1398 483 1499 513 statu
1529 490 1657 513 rerum

238 548 276 584 in
313 548 492 585 Sardinia
513 548 706 596 exponit):
740 547 1011 583 exercitum
1042 546 1108 582 ibi
1139 552 1185 582 ut
1216 548 1339 584 satis
1371 547 1559 584 firmum
1582 561 1659 597 pa·

239 625 355 656 catae
398 619 666 667 provinciae
715 617 968 667 praesidem
1013 629 1135 661 esse,
1185 617 1251 653 ita
1302 631 1468 666 parum
1510 619 1659 665 bello⁷

239 690 362 737 quod
393 695 565 726 motum
604 690 665 726 iri
696 689 956 725 videretur.
1035 685 1186 723 Vitiose
1227 688 1364 724 dicitur
1411 690 1658 726 exercitus

241 772 346 796 esse
390 773 558 809 parum
603 759 759 804 bello,
810 758 929 795 multo
960 757 1154 794 vitiosius:
1202 765 1273 794 est
1309 759 1375 795 ibi
1405 761 1659 797 exercitus

238 844 406 880 parum
438 831 584 876 bello,
619 831 722 878 quia,
754 836 824 866 est
854 843 940 866 cum
976 829 1160 865 adverbio
1179 830 1393 874 coniuncto,
1411 831 1547 879 magis
1566 844 1651 879 per-

239 902 370 950 spicue
398 901 604 949 requiritur
635 901 884 943 adiectivum3
935 905 1050 947 auget
1082 899 1235 945 vitium,
1287 900 1403 937 efficit
1443 907 1568 946 certe,
1617 907 1659 937 ut

239 973 362 1021 magis
394 972 569 1016 emineat,
599 973 681 1007 haec
712 971 971 1020 comparatio:
1003 977 1055 1007 ut
1085 971 1211 1007 satis
1241 971 1412 1008 firmus
1440 1002 1449 1011 .
1468 1002 1477 1012 .
1496 1002 1505 1012 .
1545 986 1658 1022 prae-

239 1057 332 1088 ses,
362 1043 431 1079 ita
460 1056 625 1091 parum
671 1043 812 1081 bello,
893 1043 1093 1090 Apparet,
1136 1042 1285 1078 Livium
1325 1043 1541 1091 scripsisse:
1588 1044 1659 1080 ita

240 1118 467 1167 imparem
498 1113 645 1157 bello7
680 1113 805 1160 quod
837 1119 908 1151 cet.

352 1184 446 1233 Cap.
481 1186 545 1227 355
582 1186 626 1220 19
661 1190 696 1220 et
728 1186 791 1228 375
829 1186 889 1228 11,
954 1183 1092 1219 Priore
1124 1184 1209 1220 loco
1241 1184 1356 1232 vulgo
1386 1184 1438 1220 sic
1461 1184 1658 1220 scribitur:

240 1256 492 1292 Hominum
514 1268 566 1291 co
597 1255 810 1290 tumultu
841 1260 1080 1290 nocturno
1113 1267 1232 1291 caesa
1265 1255 1372 1303 plus
1402 1256 1489 1291 duo
1522 1254 1659 1290 milia

241 1340 344 1364 cum
380 1327 485 1375 ipso
518 1327 634 1362 duce
661 1326 822 1361 Manio
854 1324 1016 1368 Alfim
1048 1332 1193 1373 capta
1224 1332 1334 1361 sunt
1364 1327 1502 1374 signa
1531 1325 1657 1361 mili-

240 1399 371 1434 taria
401 1396 640 1435 XXXIV:
690 1396 825 1432 sedin
859 1397 891 1432 P
924 1396 1315 1444 captaestsigna,
1361 1410 1408 1433 ex
1452 1409 1527 1444 quo
1556 1402 1659 1432 recte

241 1468 582 1505 Weissenbornius
614 1465 816 1517 (quoniam
849 1473 920 1503 est
961 1480 1008 1502 ex
1040 1472 1147 1502 sunt
1183 1467 1256 1503 orti
1287 1468 1324 1503 in
1356 1469 1389 1504 P
1419 1467 1562 1503 nullum
1594 1480 1662 1503 ex-

241 1538 412 1587 emplum
444 1550 528 1573 esse
562 1539 737 1582 memini,
786 1545 919 1575 contra
951 1550 998 1573 ex
1049 1545 1090 1574 st
1123 1538 1266 1574 factum
1310 1545 1364 1575 est
1397 1545 1505 1574 sunt
1534 1538 1662 1583 XXI,

244 1613 306 1654 55,
344 1611 381 1655 5)
414 1608 630 1657 suspicatus
673 1615 729 1644 est
761 1608 948 1645 excidisse
978 1609 1176 1645 hominum
1209 1617 1409 1658 captorum
1448 1622 1662 1653 numerum,

242 1687 284 1718 ut
314 1682 393 1716 haeo.
433 1680 522 1715 olim
569 1679 683 1715 fuerit
722 1679 906 1715 orationis
936 1680 1080 1715 forma:
1126 1681 1381 1716 Hominum
1542 1692 1662 1716 caesa

242 1751 349 1800 plus
395 1751 487 1786 duo
533 1750 667 1786 milia
706 1778 827 1793 ...,,
880 1750 1014 1798 capti
1066 1768 1087 1789 ἦε
1139 1757 1184 1786 et
1237 1751 1378 1799 signa
1421 1749 1661 1786 militaria

243 1822 475 1859 XXXIV.
535 1821 629 1857 Haee
660 1821 760 1856 enim
795 1821 869 1856 tria
902 1821 1033 1857 Livius
1065 1822 1296 1869 coniungere
1327 1822 1424 1858 solet
1453 1835 1521 1858 nec
1548 1821 1662 1857 facile

243 1894 438 1941 signorum
470 1898 669 1940 captorum
702 1891 934 1928 mentionem
962 1892 1109 1937 facere,
1150 1899 1190 1927 ut
1220 1906 1295 1928 non
1338 1893 1450 1929 simul
1488 1891 1661 1928 homines

244 1971 379 2012 captos
411 1970 710 2007 commemoret,
757 1962 861 1999 cuius
899 1963 955 1999 rei
992 1963 1029 1998 in
1070 1969 1243 1999 extrema
1280 1964 1392 1999 huius
1435 1963 1521 1999 lib1i
1550 1969 1660 2010 parte

245 2041 425 2083 quattuor
455 2035 634 2083 exempla
664 2040 763 2079 sunt,
795 2033 936 2080 exigua
967 2034 1151 2070 orationis
1181 2035 1368 2071 varietate
1400 2040 1449 2076 (c.
1483 2037 1556 2078 ⁴0,
1593 2034 1660 2069 12:

244 2106 340 2142 tria
389 2105 524 2141 milia
573 2109 617 2139 et
655 2103 960 2152 septingenti
1010 2105 1141 2152 capti
1191 2111 1235 2140 et
1287 2105 1426 2153 signa
1476 2104 1660 2140 milita-

244 2177 316 2213 ria
360 2180 541 2223 septem
582 2180 625 2209 et
654 2173 855 2221 viginti,
888 2187 918 2213 c.
960 2177 1030 2218 46„
1062 2178 1109 2219 4,
1143 2187 1174 2211 c.
1211 2176 1286 2219 49,
1324 2179 1368 2211 Η)
1410 2182 1445 2211 et
1482 2176 1547 2211 13:
1585 2187 1660 2210 su—

244 2260 330 2296 pra
378 2246 467 2281 duo
507 2251 651 2292 capta
696 2257 795 2280 cum
839 2245 996 2293 signis
1037 2246 1219 2282 duobus
1260 2251 1306 2281 et
1349 2244 1659 2293 quadragin-

245 2320 331 2361 ta);
376 2316 443 2352 cfr.
492 2316 661 2359 XXIV„
711 2327 740 2352 c,
772 2317 843 2359 41,
895 2318 963 2356 10,
1006 2329 1036 2352 c.
1072 2318 1146 2357 42„
1195 2320 1212 2352 4
1262 2324 1298 2351 et
1345 2317 1379 2352 8.
1461 2315 1658 2352 Interdum

244 2387 486 2437 participium
532 2392 706 2434 captus
751 2386 992 2434 geminatur,
1023 2393 1064 2422 ut
1096 2387 1156 2428 X,
1211 2389 1270 2431 14,
1318 2387 1387 2422 21:
1447 2386 1541 2422 tria
1573 2385 1657 2421 mi-

245 2460 311 2495 lia
351 2465 395 2494 et
440 2457 792 2505 quadringenti
843 2457 976 2501 caesi,
1027 2457 1159 2505 capti
1205 2455 1480 2504 octingenti
1511 2454 1659 2490 ferme

271 2622 298 2664 ι)
343 2625 441 2664 Quod
469 2636 496 2656 c..
523 2629 578 2663 32,
598 2629 611 2656 l
645 2626 870 2663 conieceram‚
897 2636 957 2667 pro
974 2624 1417 2665 volonesquefierent
1443 2623 1657 2653 scribendum

340 2698 427 2718 csse:
454 2687 649 2725 volones,
679 2687 747 2727 qui
775 2687 837 2717 ibi
865 2692 989 2717 erant
1023 2687 1128 2727 (apud
1154 2685 1294 2725 Iugersl.
1323 2685 1409 2715 male
1443 2693 1661 2724 expressum:

343 2749 406 2779 cui
432 2748 490 2779 ibi
517 2749 669 2789 erant),
697 2749 994 2780 VVeissenbornius
1021 2759 1040 2779 a
1067 2759 1101 2779 se
1132 2757 1267 2788 quoque
1293 2747 1462 2777 inventum
1489 2746 1612 2786 posuit.
