1811 2925
246 150 319 182 Lib.
347 148 410 181 IX.
877 144 949 180 178

199 275 247 312 sit
275 272 480 311 hominis
512 283 611 307 cum
641 266 831 305 homine
860 264 1104 302 fortunam
1135 278 1235 301 eum
1270 265 1469 302 fortuna
1507 278 1617 302 con-

198 347 336 391 ferre,
365 354 523 393 prorsus
546 353 614 377 nee
640 339 718 376 scio
739 350 821 382 nee„
844 337 909 385 qui
935 349 1056 385 nuper
1076 349 1256 372 enarrare
1276 345 1436 373 conatus
1459 343 1517 373 est
1547 338 1616 383 (—

199 431 288 455 narn
311 415 527 465 superiores
547 424 679 449 omnes
697 408 990 459 prudentissime
1009 414 1135 443 tacent
1163 407 1245 456 —)‚
1261 408 1351 455 quid
1368 409 1540 454 senserit,
1559 408 1616 444 in-

199 489 346 536 telligo;
375 492 431 522 est
447 485 545 522 enim
563 490 684 519 totum
702 480 909 517 absurdum
926 486 962 515 et
981 478 1193 514 ridiculum.
1224 477 1280 527 (H
1294 478 1493 515 ominem
1516 491 1616 515 oum

198 561 251 605 lr,
274 558 518 595 fortunam
542 568 573 593 (·,.
603 554 714 591 fort.
745 551 970 588 conferre
992 550 1104 598 longe
1127 549 1230 585 aliud
1247 557 1302 585 est
1321 556 1357 585 et
1376 550 1424 586 ab
1441 550 1616 586 hocloco

200 629 487 673 alienissimum,
518 626 583 662 ubi
616 625 663 661 de
693 623 810 660 solius
835 622 1010 665 fortunae,
1042 620 1110 656 sed
1139 620 1176 656 in
1207 620 1364 668 singulis
1384 621 1616 667 hominibus,

199 700 488 750 comparatione
519 698 672 746 agitur.)
745 694 822 732 Sed
856 695 930 729 hoo
959 692 1108 741 peperit
1139 691 1285 735 eadem,
1317 692 1422 728 cuius
1454 700 1510 728 tot
1539 692 1615 728 iam

198 774 236 810 in
258 773 389 809 codice
409 771 618 818 archetypo
647 766 789 803 indicia
813 764 1143 814 deprehendimus,
1164 762 1449 810 interpolatoris
1471 764 1615 800 oblivio

201 853 237 882 et
268 841 604 881 inconsiderantia.
677 839 781 876 Nam
814 849 930 885 quum
963 836 1044 871 haeo
1072 834 1227 882 legisset
1257 847 1281 869 a
1310 834 1423 870 Livio
1453 835 1616 883 scripta:

201 916 321 963 Quin
363 921 410 951 tu
449 911 659 950 hominis
696 922 792 946 cum
826 907 1036 951 homine,
1074 905 1208 941 ducis
1240 917 1339 941 cum
1371 905 1487 941 duce
1517 905 1617 942 for-

201 994 361 1023 tunam
403 983 623 1023 confers?
681 982 735 1031 (in
781 992 856 1028 qno
903 979 987 1027 ipso
1032 978 1239 1013 verborum
1289 975 1422 1012 ordine
1466 976 1617 1013 facilius

201 1059 320 1095 oritur
362 1057 563 1104 minusque
603 1055 721 1091 habet
767 1049 989 1088 offensionis
1032 1049 1157 1096 figura
1194 1047 1282 1091 illa,
1328 1047 1374 1083 de
1417 1060 1494 1095 qua
1523 1048 1616 1093 dixi,

202 1143 317 1179 quam
346 1129 389 1173 sia
422 1134 568 1163 mutato
590 1125 736 1165 ordine,
770 1123 794 1158 h
813 1120 983 1157 ominis
1014 1119 1264 1156 fortunam
1296 1131 1396 1155 cum
1426 1118 1618 1155 homine

202 1202 389 1249 scribas),
438 1204 662 1235 occursante
702 1194 830 1231 animo
869 1191 1057 1227 memoria
1084 1190 1314 1226 substantivi
1347 1202 1434 1226 cum
1466 1203 1617 1238 praepo-

203 1274 338 1311 sitione
377 1269 529 1319 repetiti
571 1269 705 1309 (hom,
740 1278 771 1301 o.
801 1265 850 1302 h..
893 1262 1029 1299 ducis
1063 1274 1094 1299 c,
1126 1261 1192 1309 d.).
1227 1260 1339 1297 etiam
1372 1260 1618 1298 fortunam

203 1345 337 1383 eodem
370 1342 484 1379 modo
522 1338 753 1389 geminavit„
796 1336 920 1384 figura
961 1333 1126 1370 fortasse
1165 1332 1286 1380 magis
1325 1345 1401 1367 non
1443 1332 1618 1368 animad-

202 1429 315 1453 versa
346 1427 460 1463 quam
499 1424 575 1447 non
611 1408 815 1451 intellecta,
852 1406 921 1442 etsi
951 1404 1032 1440 fieri
1059 1410 1197 1451 potest,
1242 1410 1282 1438 ut
1313 1416 1359 1439 ne
1388 1402 1619 1439 intellexerit

205 1488 376 1537 quidem:
428 1483 520 1533 quid
560 1489 642 1517 tota
673 1477 861 1516 sententia
902 1477 1031 1520 fieret,
1074 1487 1151 1510 non
1196 1474 1392 1522 cogitavit.
1465 1473 1614 1509 Eodem

204 1560 329 1608 capite
358 1557 474 1607 paulo
507 1560 594 1590 ante
626 1554 661 1596 (ξ
696 1549 734 1600 7)
766 1548 972 1585 videndum
1003 1555 1117 1595 puto7
1159 1559 1206 1581 ne
1246 1552 1349 1581 recte
1386 1544 1424 1580 in
1455 1544 1616 1580 recenti-

205 1631 334 1667 oribus
365 1629 512 1676 aliquot
551 1623 745 1660 codicibus
777 1620 984 1671 (Gaertir,
1026 1618 1122 1654 Lov.
1162 1619 1208 1662 4,
1252 1617 1412 1664 Portug.
1449 1628 1472 1651 a
1502 1628 1617 1651 manu

206 1716 304 1745 seo,
345 1708 448 1743 tumr
489 1698 668 1734 adiuncto
701 1706 829 1729 errore
860 1691 1010 1738 aliquo,
1049 1689 1086 1725 in
1127 1689 1224 1725 Lov.
1259 1690 1304 1732 3,
1347 1687 1444 1723 Pall.
1483 1690 1525 1731 1,
1571 1684 1617 1737 3)

207 1773 414 1810 scribatur:
456 1770 511 1806 ad
524 1778 697 1804 versus
729 1776 863 1812 quem
896 1761 1194 1808 (Alexandrum)
1227 1758 1446 1803 Athenis,
1477 1758 1522 1794 in
1553 1758 1619 1794 oi-

206 1846 359 1882 vitate
417 1842 577 1879 fracta
640 1835 954 1873 Macedonum
999 1831 1162 1871 armisq
1221 1835 1473 1866 cernentes
1522 1837 1619 1865 tum

208 1915 408 1952 maxime
438 1922 586 1961 prope
626 1907 869 1943 fumantes
901 1904 1172 1940 Thebarum
1204 1901 1390 1943 ruinas2
1433 1899 1620 1935 contio-

208 1987 312 2024 nari
343 1985 495 2021 libere
526 1980 631 2017 ausi
661 1978 755 2014 sint
784 1975 1019 2012 homines„
1050 1973 1114 2008 ubi
1142 1972 1276 2013 editur,
1308 1970 1464 2018 quodin
1487 1971 1620 2007 arche-

208 2067 301 2108 typo
331 2057 414 2100 fuit7
459 2058 701 2094 cernente3
747 2060 836 2083 nam
868 2053 904 2082 et
935 2045 1068 2080 melius
1100 2044 1149 2079 ad
1178 2042 1351 2079 homines
1383 2041 1503 2090 (ipsos
1531 2054 1621 2077 ora-

209 2130 325 2176 tores)
374 2139 487 2176 quam
538 2124 588 2159 ad
632 2121 826 2158 civitatem
876 2118 948 2153 hoc
991 2114 1154 2151 refertur
1199 2120 1256 2156 et,
1316 2113 1348 2149 si
1392 2118 1622 2148 cernente

210 2202 342 2239 Invhffi
373 2196 609 2247 scripsisset7
654 2201 699 2229 et
728 2190 927 2228 addnurus
956 2182 1464 2234 finsfflzxffdeun·(fracta
1497 2204 1544 2209 —-
1578 2189 1623 2219 et

212 2265 516 2315 cernente).¹)

239 2529 268 2574 ¹)
308 2529 487 2572 Superiore
509 2528 618 2569 capite
645 2527 714 2563 (17,
743 2524 775 2563 7)
801 2523 919 2554 mirum
947 2526 1006 2555 cst,
1039 2518 1206 2549 neminem
1233 2525 1274 2546 ne
1301 2525 1344 2545 ex
1368 2515 1463 2545 verbi
1489 2515 1624 2554 quidem

308 2592 408 2624 modo
426 2591 642 2625 intellexisse,
662 2584 904 2625 interrogative
928 2582 1000 2612 haec
1026 2581 1107 2611 diei:
1133 2579 1295 2610 Recens
1308 2585 1394 2606 eam
1421 2576 1553 2606 duces
1579 2592 1625 2597 —

308 2655 428 2695 ipsos
470 2661 560 2691 eos,
601 2660 689 2682 cum
725 2647 879 2689 quibus
921 2642 1175 2674 consulibus
1212 2645 1284 2670 aut
1326 2636 1626 2668 dictatoribus

307 2713 559 2747 Alexandro
594 2711 679 2742 fuit
709 2706 983 2739 bellandum?
1016 2704 1064 2735 M.
1092 2701 1316 2733 Valerium
1352 2696 1535 2730 Corvum
1562 2703 1626 2730 cet.
