1811 2925
873 144 923 181 62
931 146 952 181 5
1424 143 1500 175 Lib.
1514 143 1625 178 XLV.

205 275 263 305 est
292 255 709 318 per'provocatio.
783 265 946 304 Sublato
995 279 1100 315 per,
1153 267 1257 315 quod
1301 279 1350 303 ex
1379 279 1463 316 pro
1497 274 1623 305 ortum

204 346 276 385 est,
305 339 419 375 scribi
447 339 577 374 debet:
611 349 709 374 cum
740 337 879 373 hoste
910 338 1215 389 provocanti
1246 337 1473 386 pugnavi.

317 408 411 458 Cap.
444 411 509 453 40,
543 410 565 445 9
597 408 659 455 (de
691 408 736 444 L.
767 405 930 455 Pau10):
976 407 1156 444 Paucis
1187 414 1297 457 post
1328 408 1515 453 diebus,
1546 408 1622 445 da-

204 485 253 516 ta
284 493 306 516 a
337 480 390 518 M.
423 479 646 516 Ant-onio
675 484 727 516 tr.
748 477 804 526 pl.
835 477 1074 524 contione,
1099 490 1238 527 quum
1269 479 1329 516 de
1358 479 1457 516 suis
1478 480 1621 516 rebus

203 551 356 599 gestis
388 563 517 587 more
560 555 835 586 ceterorum
874 547 1232 597 imperatorum
1272 550 1622 594 disseruisset,

204 621 533 659 memorabilis
572 621 673 657 eius
703 619 864 656 oratio
896 625 940 655 et
971 619 1122 668 digna
1152 619 1376 670 principe
1405 622 1620 659 Romano

203 692 307 731 fuit.
366 693 456 730 Non
491 704 606 740 quum
637 690 891 734 disseruisset,
923 690 990 727 sed
1017 690 1056 727 in
1087 691 1180 741 ipsis
1211 692 1327 729 rebus
1350 692 1620 737 edisserendis3

203 776 292 800 nam
323 776 452 800 earum
482 762 742 800 recensionem
772 761 963 809 integram
992 762 1122 807 habet,
1155 775 1238 811 quae
1264 762 1448 811 sequitur,
1479 762 1618 800 oratio.

203 833 300 871 Cod.
350 834 569 870 dedisset
616 831 945 870 remorabilis.
1025 832 1289 881 Significatur:
1335 846 1476 882 quum
1517 863 1527 872 .
1575 864 1612 872 ..

203 905 482 949 dissereret,
512 898 914 945 memorabilis.¹)

314 975 409 1025 Cap.
444 978 518 1018 41,
549 978 570 1011 4
612 974 670 1018 (in
699 974 742 1011 L.
784 974 899 1011 Pauli
930 974 977 1010 de
1006 973 1086 1010 suis
1115 974 1229 1010 rebus
1259 974 1377 1023 gestis
1407 974 1621 1019 orationej:

203 1046 316 1094 quia
358 1044 777 1094 inexpugnabilia
822 1052 989 1081 castra
1040 1044 1094 1090 <in
1140 1044 1224 1083 eod.
1269 1046 1343 1082 hoc
1386 1045 1618 1082 vocabulum

201 1117 411 1164 omittitur)
446 1115 662 1152 hostium
695 1121 835 1152 erant
864 1127 1017 1163 neque
1037 1115 1145 1164 cogi
1175 1128 1392 1165 pugnare
1421 1123 1620 1167 poterat

199 1200 309 1233 rex,
350 1187 481 1223 inter
519 1187 760 1236 praesidia
806 1185 907 1222 eius
947 1186 1126 1223 saltum
1170 1187 1227 1223 ad
1256 1187 1460 1224 Petram·
1485 1187 1619 1224 evasi

201 1264 245 1296 et
275 1258 332 1295 ad
368 1270 576 1307 pugnam
609 1269 721 1306 rege
753 1256 862 1293 acie
890 1256 999 1293 vici.
1069 1257 1233 1294 Addunt
1274 1258 1363 1295 inde
1393 1271 1417 1294 a
1446 1257 1617 1308 Grynaeo

199 1336 368 1367 coacto
390 1328 464 1379 (ad
492 1341 695 1378 pugnam
725 1339 836 1376 rege
870 1326 1082 1377 coacto);
1103 1328 1171 1365 sed
1202 1341 1381 1378 cogere
1416 1329 1473 1366 ad
1502 1341 1616 1378 pug-

200 1413 306 1437 nam
337 1413 407 1450 pro
437 1412 495 1443 eo,
529 1398 632 1447 quod
655 1404 729 1435 est:
760 1410 991 1447 pugnare
1022 1411 1210 1448 eogere,
1241 1399 1279 1436 in
1305 1412 1423 1449 prosa
1442 1399 1617 1436 oratione

197 1484 333 1521 parum
371 1470 553 1507 usitatum
584 1476 651 1510 est,
716 1470 857 1517 Itaque
887 1469 1134 1507 scribendum
1163 1470 1311 1520 potius:
1343 1477 1387 1507 et
1416 1470 1474 1506 ad
1505 1470 1618 1522 Pyd-

198 1555 300 1583 nam
329 1554 491 1590 regem
524 1541 629 1577 acie
665 1537 820 1588 vici-²)

309 1611 406 1661 Cap.
442 1613 505 1656 42,
539 1613 580 1648 6:
630 1612 821 1648 Paucos
850 1618 970 1661 post
1000 1611 1125 1657 dies,
1171 1624 1308 1660 quam
1350 1611 1449 1648 haee
1484 1617 1617 1655 acta,

197 1682 351 1732 legati
385 1683 440 1718 ab
471 1680 620 1731 Cotye
659 1710 696 1720 ..
732 1688 991 1720 venerunt.
1058 1681 1214 1719 Codex:
1247 1695 1383 1731 quam
1414 1683 1616 1719 haeetan-

197 1760 245 1789 ta
277 1753 442 1802 legati.
506 1753 755 1790 Scribendum
787 1766 930 1802 quam
961 1754 1056 1790 haee
1087 1759 1198 1789 aeta
1229 1759 1390 1798 erant3
1436 1766 1527 1790 nam
1558 1754 1617 1791 vi-

197 1824 293 1860 tiose
323 1823 360 1860 in
390 1824 462 1860 hac
492 1823 686 1859 sententiae
716 1822 843 1860 forma
873 1825 1034 1861 verbum
1067 1824 1350 1861 substantivum
1393 1825 1496 1874 apud
1525 1837 1616 1874 par-

197 1894 368 1943 ticipium
401 1893 598 1930 omittitur.
627 1893 723 1941 (Cfr.
757 1895 807 1931 ad
836 1895 1021 1941 XXVII,
1055 1898 1091 1940 5,
1124 1897 1145 1932 9
1178 1909 1214 1945 p.
1247 1896 1356 1941 321).
1422 1895 1486 1932 Ex
1515 1896 1616 1932 haee

198 1972 308 2003 aeta
344 1970 483 2002 erant
508 1963 652 2002 factum
686 1966 841 2002 haeeta
871 1978 984 2002 eran
1000 1973 1034 2011 t,
1065 1966 1202 2002 deinde
1228 1967 1324 2002 haec
1351 1962 1545 2016 tanta.3)

223 2198 253 2239 ¹)
294 2202 312 2241 ξ
345 2205 358 2232 1
389 2206 481 2232 certa
509 2208 560 2232 est
587 2201 747 2233 Gronovii
775 2203 985 2234 emendatio:
1021 2212 1102 2243 qua
1138 2202 1215 2243 (pro
1258 2211 1368 2242 quae,
1410 2204 1487 2236 cod.
1519 2208 1613 2244 que)

293 2263 407 2294 haud
436 2263 570 2294 dubie
595 2263 734 2294 maior
759 2263 993 2305 aliquanto
1022 2274 1184 2296 summa
1215 2289 1247 2298 ..
1279 2263 1494 2296 efficitur.
1546 2267 1565 2306 ἓ
1593 2270 1612 2297 3

292 2333 361 2354 non
397 2331 526 2356 certum
561 2331 628 2357 est:
670 2325 838 2356 bellare
882 2335 969 2357 eum
1003 2326 1206 2357 Romanis
1252 2326 1343 2367 (cod.
1369 2326 1489 2356 bella
1515 2336 1612 2366 rege

291 2386 519 2426 Romanis).
569 2387 681 2418 Aliter
694 2386 756 2423 VI,
783 2390 826 2417 42
850 2385 986 2427 (semel)
1010 2388 1126 2419 Livius
1151 2389 1256 2419 dixit:
1280 2388 1492 2419 bellatum
1519 2398 1611 2420 cum

292 2446 437 2479 Gallis
464 2449 580 2479 circa
600 2449 821 2485 Anienem,
847 2449 888 2479 de
914 2448 1005 2480 bello
1032 2459 1100 2480 una
1125 2460 1239 2490 pugna
1265 2449 1432 2480 confecto.

221 2529 253 2572 ¹²)
293 2533 353 2572 §l
384 2541 427 2563 ex
453 2531 503 2562 ob
529 2541 649 2572 quam
675 2531 903 2564 felicitate
928 2532 999 2564 fieri
1018 2533 1179 2564 debebat:
1205 2540 1245 2564 et
1269 2543 1351 2574 qua
1374 2532 1610 2567 felicitate.

220 2606 251 2650 ⁸)
293 2610 313 2649 ξ
340 2613 360 2639 4
400 2608 504 2640 tristis
546 2609 674 2650 species
711 2609 932 2652 relinquenda
980 2616 1033 2642 est
1064 2609 1275 2644 huiusmodi:
1323 2635 1355 2644 ..
1386 2609 1543 2642 Albam
1569 2611 1610 2641 in

292 2670 535 2702 custodiam
563 2671 758 2710 duceret3
785 2673 979 2710 comites,
1004 2672 1258 2713 pecuniam,
1284 2677 1526 2711 argentum,
1550 2673 1610 2702 in-

236 2741 380 2765 alADVIGll
401 2742 527 2765 Eanum).
548 2741 623 2765 ιη’.
1297 2737 1340 2764 40
