1811 2925
242 124 315 155 Lib.
343 123 405 155 111.
882 124 932 159 68

194 247 331 291 lium,
375 246 478 283 Sex.
511 244 785 282 Antistium
818 250 863 280 et
890 244 964 292 Sp.
997 245 1203 281 Icilium.
1300 246 1390 282 Duo
1422 253 1617 295 postrema

196 317 351 353 uomina
393 317 431 351 in
462 315 572 351 bonis
604 314 799 350 codicibus
831 315 884 350 sic
915 314 1151 351 scribuntur:
1197 322 1240 351 et,
1272 316 1541 352 Antistium
1574 323 1618 353 et

196 387 500 435 Spurillium3
543 390 706 434 apparet
745 390 788 420 et
818 390 944 420 ortum
976 396 1078 426 esse,
1124 398 1239 432 quum
1271 392 1315 422 et
1344 387 1617 423 Antistium

195 457 425 493 scriberetur
486 462 522 491 et
588 454 682 502 Spu
696 454 860 490 rillius
914 467 985 502 pro
1040 467 1116 490 uno
1172 456 1323 492 nomine
1369 457 1617 505 acciperetur.

198 528 245 568 V,
286 529 343 569 13,
379 529 424 561 6:
470 525 756 573 Apollinem
790 526 1131 572 Latonamque
1162 530 1206 560 et
1235 526 1460 570 Dianam,
1501 528 1620 563 Her-

195 597 365 639 culem,
398 596 687 631 Mercurium
721 601 865 642 atque
896 595 1181 643 Neptunum.
1248 596 1374 643 Quum
1394 597 1506 645 paria
1528 598 1618 634 deo-

197 680 278 702 rum
312 666 433 702 tribus
474 666 582 701 lectis
614 665 882 701 accubantium
921 665 1112 701 nominari
1150 666 1334 709 debeant,
1372 667 1620 716 Kreyssigius

196 736 364 785 scripsit:
417 736 697 784 Apollinem
729 737 1084 783 Latonamque,
1124 736 1330 772 Dianam
1369 744 1412 773 et
1444 739 1619 775 Hercu-

195 809 304 848 lem,
367 807 654 843 Mercurium
715 813 859 854 atque
918 807 1214 854 Neptunum,
1274 808 1507 856 transposito
1564 816 1618 845 et.

197 880 245 921 V,
279 879 343 922 25,
376 879 396 913 2
429 890 501 925 pro
535 889 600 921 e0,
633 877 736 923 quod
765 882 879 912 antea
909 877 1111 913 edebatur:
1157 878 1275 925 peti,
1306 878 1447 914 feriri
1479 886 1623 927 atque

196 949 373 993 occidi,
417 948 567 984 codices
599 953 635 982 et
668 947 758 983 boni
790 954 826 983 et
857 948 1088 984 deteriorum
1122 947 1294 996 plerique
1325 950 1486 993 habent,
1519 951 1621 997 quod

195 1032 294 1055 nune
324 1019 540 1055 restitutum
581 1023 654 1053 est:
699 1018 799 1066 peti
836 1018 1075 1066 feririque
1114 1024 1256 1066 atque
1295 1020 1462 1057 occidi.
1530 1021 1623 1064 VII,

198 1091 261 1133 21,
295 1092 338 1126 6:
392 1088 436 1126 C.
470 1089 713 1133 Duellius,
746 1089 793 1124 P.
829 1089 1009 1124 Decius
1039 1088 1162 1133 Mus,
1200 1089 1254 1124 M.
1284 1091 1535 1139 Papirius,
1574 1092 1622 1138 Q.

199 1160 442 1197 Publilius
473 1165 516 1194 et
547 1160 593 1197 T.
630 1159 874 1203 AEmilius3
907 1171 955 1194 ex
985 1159 1033 1202 T,
1064 1165 1105 1194 ut
1136 1159 1239 1205 alibi,
1270 1167 1395 1197 ortum
1425 1168 1484 1206 et3
1533 1175 1622 1198 nam

200 1230 502 1267 Weissenbornii
534 1230 708 1274 artificio,
740 1230 911 1278 plebeios
943 1243 965 1265 a
993 1229 1163 1278 patriciis
1186 1229 1335 1266 duobus
1364 1232 1623 1268 enumerando

196 1307 397 1350 separatos
428 1300 611 1349 putantis,
643 1312 719 1334 non
750 1306 848 1338 utor.
938 1301 1032 1340 VII,
1067 1302 1137 1342 30,
1171 1300 1221 1336 23
1255 1298 1500 1350 (salutem,
1532 1303 1625 1339 Vie-

198 1371 392 1411 toriam,
423 1371 574 1405 lucem
608 1383 659 1405 ae
689 1368 989 1416 libertatem)
1036 1370 1111 1406 duo
1158 1378 1246 1406 sunt
1277 1372 1453 1410 binarum
1484 1386 1624 1410 vocum

196 1441 361 1485 ordines,
393 1442 439 1476 de
471 1454 546 1488 quo
578 1454 716 1489 genere
748 1441 839 1476 alibi
870 1440 959 1475 dixi.
1026 1441 1191 1485 XXIII,
1224 1444 1295 1487 23,
1330 1445 1371 1478 3:
1404 1443 1513 1490 Quae
1542 1444 1620 1479 im-

197 1512 449 1548 moderata
480 1512 602 1556 fors,
642 1519 827 1560 tempus
867 1524 917 1546 ac
948 1512 1221 1547 necessitas
1252 1512 1446 1556 fecerit,
1484 1514 1542 1549 iis
1573 1526 1621 1550 se

197 1583 381 1618 modum
415 1582 769 1630 impositurum.
836 1583 1035 1629 Apparet,
1076 1582 1179 1617 nullo
1211 1584 1325 1619 modo
1358 1584 1491 1620 eodem
1522 1585 1620 1630 loco,

197 1666 272 1700 quo
317 1660 467 1700 tempus
511 1665 555 1688 ac
597 1652 805 1688 necessitas
844 1653 1060 1688 habeantur
1089 1653 1126 1688 in
1159 1654 1404 1691 excusatione
1434 1668 1511 1691 non
1541 1667 1620 1691 ser-

198 1730 297 1759 vatae
329 1724 509 1771 legitimae
542 1722 848 1764 consuetudinis,
886 1723 1021 1759 haberi
1051 1736 1165 1771 posse
1196 1724 1389 1761 fortunam
1423 1734 1458 1762 et
1489 1739 1619 1762 casum

196 1806 265 1829 nee
297 1806 382 1829 curn
412 1793 485 1829 illis
520 1795 622 1840 (quae
655 1793 788 1829 eodem
821 1794 936 1829 modo
970 1794 1130 1836 XXIV,
1167 1796 1202 1838 9,
1242 1798 1283 1831 10
1318 1796 1623 1843 coniunguntur:

197 1871 382 1912 tempus
434 1876 485 1899 ac
536 1864 807 1899 necessitas
857 1863 999 1910 belli)
1062 1865 1194 1900 eodem
1248 1866 1380 1901 ordine
1429 1867 1621 1914 componi.

197 1935 379 1971 Mendum
423 1934 550 1982 arguit
589 1933 702 1969 etiam
748 1933 952 1982 singularis
994 1934 1099 1970 verbi
1136 1947 1315 1971 numerus
1357 1949 1375 1971 e
1414 1936 1498 1973 cod.
1528 1938 1619 1973 Pur.

198 2005 411 2054 (Colberr,
444 2005 568 2046 Med.)
600 2004 816 2044 restitutus,
850 2005 914 2052 qui
945 2005 1230 2040 accommodari
1261 2006 1309 2040 ad
1341 2006 1414 2041 tria
1443 2007 1497 2042 sie
1528 2020 1621 2043 enu-

199 2082 347 2112 merata
379 2082 415 2110 et
445 2074 626 2122 copulata
656 2086 733 2109 non
764 2081 908 2121 potest,
953 2075 1001 2110 ad
1048 2075 1122 2110 duo
1153 2088 1230 2110 uua
1260 2077 1414 2112 notione
1445 2090 1619 2126 compre—

198 2149 317 2183 hensa
347 2151 485 2195 potest.
546 2144 678 2180 Livius
709 2144 932 2192 scripserat:
963 2144 1072 2191 Quae
1102 2145 1422 2182 immoderata
1452 2147 1618 2186 forsan

198 2224 383 2265 tempus
415 2228 467 2251 ae
497 2215 768 2250 necessitas
800 2214 994 2259 feeerit,
1025 2215 1084 2250 iis
1118 2221 1187 2250 etc.
1248 2215 1434 2252 Concedit
1464 2218 1517 2253 M.
1543 2219 1619 2253 Bu-

200 2294 259 2323 teo
291 2300 348 2330 ea,
380 2299 463 2334 quae
494 2298 569 2321 non
601 2286 752 2333 probat,
787 2284 948 2320 fortasse
979 2292 1151 2333 tempore
1183 2298 1227 2322 ac
1258 2287 1483 2323 necessitate
1514 2287 1619 2324 facta

198 2370 292 2396 esse,
373 2357 577 2403 (Forsan
612 2352 744 2391 Livius
777 2356 892 2390 etiam
927 2356 1013 2399 III,
1047 2358 1110 2400 47,
1144 2359 1164 2391 ἵ)
1199 2357 1332 2392 eodem
1365 2358 1501 2396 modo.
1542 2371 1618 2406 quo

293 2525 439 2565 graviter
477 2522 666 2562 geminata:
714 2526 831 2551 stare
865 2521 962 2551 urbs
994 2521 1078 2550 haec
1113 2530 1193 2550 nou
1227 2522 1420 2561 poterit?
1469 2523 1515 2552 de
1552 2524 1621 2553 im-

294 2586 418 2625 perio
456 2589 592 2614 actum
633 2582 718 2613 est?
758 2581 876 2611 deiude
905 2582 1065 2611 transitur
1091 2582 1134 2611 ad
1165 2592 1286 2613 novam
1318 2583 1617 2623 interrogationem

294 2647 335 2675 <le
362 2645 614 2685 comparatione
642 2643 765 2684 plebeii
793 2642 942 2672 consulis
970 2648 1002 2672 et
1027 2642 1173 2673 libertini
1201 2650 1258 2674 aut
1284 2645 1378 2676 servi.
