1811 2925
191 147 266 178 Lib.
290 146 401 177 XLv.
865 144 942 180 604

302 266 398 316 Cap.
433 269 497 310 25,
530 268 551 302 3
597 265 686 311 (ubi
718 265 851 302 Livius
889 277 929 301 se
960 271 1075 312 negat
1108 263 1267 301 Catonis
1298 263 1509 300 orationem
1543 275 1610 299 ex-

190 336 440 386 positurum):
457 335 566 371 Non
597 335 806 372 inseram
838 334 1153 371 simulacrum
1175 333 1268 369 viri
1289 333 1489 382 copiosi,
1507 346 1610 381 quae

191 407 406 451 dixerit,
451 405 736 450 referendo3
782 405 939 454 ipsius
985 405 1149 441 oratio
1190 403 1383 451 scripta
1421 410 1608 447 exstat,

192 485 261 515 cet.
323 476 496 513 Primum
528 477 725 525 perinepte
772 476 1024 524 gravissimus
1069 481 1225 511 senator
1273 481 1309 510 et
1350 474 1609 523 amplissimus

190 549 307 584 homo
352 552 537 593 tanquam
575 547 706 582 rhetor
751 546 951 583 Graeculus
999 545 1231 594 copiosus
1265 544 1338 580 vir
1370 544 1608 593 appellatur;

191 617 324 654 Livius
357 616 581 665 scripserat:
615 618 828 668 copiose,
861 629 961 664 quae
993 614 1485 659 dixerinreferendo.
1533 614 1609 651 Sed

191 688 400 724 admodum
431 699 588 733 vereor,
632 698 681 724 ne
726 687 830 723 aliud
871 692 1060 735 praeterea
1101 685 1279 721 mendum
1310 684 1443 720 subsit.
1503 684 1607 721 Nam

192 771 316 806 neque
360 757 676 794 simulacrum
720 757 815 794 viri
846 757 900 794 sic
937 769 1008 805 pro
1039 755 1206 804 imagine
1237 762 1274 791 et
1310 754 1437 791 forma
1466 755 1608 803 ingenii

190 835 228 865 et
258 828 376 864 animi
407 839 570 875 usquam
601 827 692 863 alibi
723 827 862 864 dicitur
905 840 975 863 nec
1006 828 1079 863 hae
1110 839 1187 862 una
1218 826 1391 862 oratione
1407 825 1610 862 referenda

192 898 325 935 Livius
357 897 675 935 simulacrum
706 898 802 934 viri
845 898 968 946 magis
998 898 1210 934 inserturus
1241 902 1340 941 erat,
1384 908 1499 944 quam
1531 895 1608 938 illa,

193 983 308 1018 quam
351 983 374 1005 a
405 968 555 1005 Catone
597 981 668 1017 pro
718 968 804 1017 lege
835 968 964 1017 Oppia
1004 968 1176 1004 habitam
1215 967 1331 1003 refert
1381 966 1488 1002 initio
1520 965 1609 1001 libri

193 1040 397 1085 XXXIV,
428 1052 511 1085 nec,
543 1051 609 1075 cur
640 1038 692 1083 id,
723 1039 754 1074 si
784 1045 927 1087 posset,
959 1051 1035 1074 non
1065 1038 1223 1083 faceret,
1258 1049 1376 1074 causa
1406 1042 1501 1072 erat.
1563 1036 1608 1071 In

192 1111 324 1147 codice
340 1110 535 1147 scribitur:
566 1109 772 1145 inseram
805 1121 901 1144 non
931 1108 1192 1145 simulviri.
1248 1106 1607 1154 Transpositionem

193 1180 280 1228 (pro
314 1179 420 1216 Non
450 1179 679 1225 inseram)
719 1192 742 1215 a
767 1179 946 1224 librario,
984 1185 1026 1215 nt
1067 1191 1168 1227 saepe
1215 1177 1307 1226 (vid.
1338 1178 1386 1213 ad
1419 1190 1448 1213 c.
1483 1177 1520 1220 3,
1553 1174 1609 1225 (5),

193 1250 336 1287 factam
368 1262 444 1285 non
479 1261 592 1294 cur03
630 1249 889 1285 simulacri
922 1261 1062 1285 nomen
1102 1248 1355 1297 probabiliter
1391 1243 1607 1283 restitutum

193 1328 299 1370 puto,
332 1320 399 1356 sed
430 1319 693 1355 scribendum:
737 1320 844 1356 Non
873 1319 1090 1355 inseram
1129 1319 1442 1355 simulacrum
1477 1316 1608 1359 veri„

193 1391 397 1439 copiose
428 1395 498 1427 cet.
558 1389 689 1437 Negat
718 1402 759 1426 se
790 1390 923 1426 Livius
955 1390 1223 1426 adumbratam
1238 1388 1490 1425 imitationem
1505 1399 1609 1423 com-

191 1462 429 1510 positurum,
472 1472 589 1507 quum
633 1459 719 1507 ipsa
758 1472 852 1496 vera
894 1461 1017 1497 oratio
1059 1466 1194 1496 exstet.
1269 1459 1448 1507 (Poterat
1493 1457 1608 1493 etiam

190 1532 326 1568 scribi:
356 1531 465 1567 Non
494 1530 709 1565 inseram
740 1530 923 1567 similia
953 1531 1097 1572 veris,
1128 1530 1195 1566 sed
1227 1530 1387 1565 alterum
1418 1528 1609 1578 praestat.)

192 1602 317 1640 Paulo
349 1607 439 1650 post
469 1603 486 1645 ξ
511 1602 532 1636 6
554 1612 687 1648 prave,
718 1601 820 1648 quod
837 1601 875 1636 in
905 1601 1036 1637 codice
1063 1600 1246 1648 scriptum
1276 1606 1332 1635 est
1354 1599 1610 1645 (deducere

255 1703 264 1711 .
302 1673 557 1708 iusserunt
586 1670 868 1719 praefectos)
896 1672 1127 1708 recentiores
1144 1676 1305 1714 mutant,
1329 1669 1459 1705 addito
1494 1680 1610 1717 prae-

194 1744 330 1780 sidia.
403 1740 546 1778 Rhodii
589 1740 791 1788 praefectos
846 1742 1005 1791 singulis
1037 1742 1162 1780 Cariae
1203 1741 1408 1790 Lyciaeque
1456 1738 1610 1787 oppidis

193 1813 473 1861 imposuerant;
519 1823 584 1846 eos
630 1810 785 1847 domum
817 1826 1003 1849 revocare
1034 1813 1126 1849 iussi
1157 1818 1245 1848 sunt
1276 1811 1378 1860 (cum
1411 1809 1609 1858 praesidiis,

192 1884 222 1919 si
258 1896 334 1931 qua
378 1882 515 1927 erant).
590 1882 757 1918 Romani
796 1883 970 1919 Rhodios
1009 1882 1246 1932 (universos)
1295 1881 1422 1918 facere
1466 1879 1609 1927 aliquid

195 1955 326 1990 iubere
356 1958 548 2001 poterant,
582 1965 657 1988 non
689 1953 890 2000 praefectos
922 1953 1174 1989 Rhodiorum.
1244 1952 1320 1990 Sed
1358 1951 1491 1987 eodem
1524 1950 1610 1986 loco

192 2024 295 2072 quod
318 2023 514 2061 scribitur:
548 2024 658 2059 Haec
678 2022 898 2059 Rhodum
929 2023 1171 2068 nuntiata3
1205 2035 1303 2071 quae
1333 2034 1418 2070 per
1449 2033 1496 2056 se
1526 2020 1610 2056 tri-

193 2095 290 2130 stia
316 2093 679 2141 fuissent,quia
712 2093 920 2130 maioris
952 2094 1063 2130 mali
1094 2094 1286 2130 levatus
1317 2098 1421 2128 erat
1450 2091 1611 2133 timor,

194 2167 239 2202 in
284 2164 510 2212 gaudium
559 2164 845 2200 renuntiata
888 2170 1165 2209 verterunt,
1213 2165 1343 2200 turbat
1381 2161 1609 2198 sententiam

194 2234 477 2272 renuntiata
519 2234 572 2270 sic
618 2234 908 2282 interpositum,
954 2235 1065 2282 quasi
1113 2234 1348 2271 contrarium
1393 2232 1441 2268 sit
1484 2230 1611 2266 verbis

195 2318 277 2354 per
307 2316 354 2340 se
385 2311 421 2339 et
456 2304 586 2351 quasi,
618 2316 702 2352 quae
733 2310 821 2340 ante
850 2305 1170 2341 renuntiationem
1211 2303 1336 2340 tristia
1365 2301 1525 2346 fuerint,
1566 2313 1612 2336 ea

194 2382 283 2424 post
312 2374 633 2411 renuntiationem
671 2374 710 2410 in
739 2375 921 2422 gaudium
952 2375 1147 2411 verterint.
1225 2374 1292 2411 Bis
1322 2372 1506 2420 seriptum
1543 2377 1612 2410 est,

197 2445 301 2492 quod
332 2444 448 2481 semel
482 2444 596 2479 scribi
626 2445 775 2488 debuit,
809 2450 874 2480 aut
903 2445 1127 2481 nuntiata
1171 2450 1236 2479 aut
1266 2443 1393 2491 potius
1445 2443 1503 2486 (in
1534 2454 1611 2490 quo

195 2515 373 2551 librarius
417 2527 585 2550 errorem
634 2516 817 2559 correxit)
863 2514 1175 2558 renuntiata,
1230 2526 1307 2561 qua
1351 2512 1610 2561 geminatione

195 2585 371 2629 sublata,
421 2584 475 2620 sic
505 2584 681 2620 decurret
711 2585 856 2621 oratio:
908 2586 1020 2622 Haec
1064 2585 1279 2621 Rhodum
1310 2582 1613 2625 renuntiata,

195 2668 295 2703 quae
326 2668 408 2703 per
437 2667 485 2690 sc
517 2655 690 2690 tristia
722 2654 958 2692 fuissent.
1105 2655 1151 2690 in
1187 2654 1414 2702 gaudium
1447 2659 1614 2689 verte-
