1811 2925
853 162 901 195 75
1378 159 1450 190 Lib.
1478 159 1541 189 111.

279 282 376 332 Cap.
410 284 473 326 28,
503 284 547 319 9:
598 283 669 319 Ab
701 283 900 319 consule
937 283 992 318 ad
1023 282 1315 318 dictatorem
1346 283 1415 318 ire
1444 282 1592 318 iussis

168 354 344 402 (AEquis)
393 353 708 402 ignominiam
755 352 975 389 infensus
1021 353 1222 389 addidit..
1306 354 1444 401 Neque
1499 353 1592 390 satis

167 425 364 462 narrando
398 424 684 471 distinguuntur
717 424 862 472 gradus
893 424 947 460 rei
979 431 1086 469 aetae,
1120 435 1217 471 quos
1241 422 1375 459 Livius
1405 423 1487 471 ipse
1517 423 1593 471 sig-

166 495 295 531 nifieat
327 494 452 541 (hine
485 494 797 539 dictatorem,
837 495 944 531 hinc
975 494 1220 530 consulem
1252 500 1430 535 orare),
1472 500 1509 529 et
1538 494 1592 529 in-

167 565 380 603 tolerabilis
412 571 470 601 est
500 565 686 601 orationis
728 566 872 602 forma:
921 565 977 601 ad
1015 565 1303 601 dictatorem
1348 563 1417 599 ire
1447 563 1594 599 iussis

168 637 360 674 addidit.
391 636 602 685 (dictator).
669 636 782 672 Hane
814 636 1028 672 molestiam
1071 635 1215 672 creavit
1259 648 1366 671 error
1396 635 1433 670 in
1464 635 1595 671 codiee

169 708 380 756 archetypo
414 706 615 754 frequens.
647 706 775 743 littera
806 708 852 754 (i)
886 706 1003 743 semel
1033 706 1195 754 scripta,
1239 718 1354 753 quum
1388 706 1446 742 bis
1480 706 1595 742 scribi

169 779 344 815 deberet:
393 778 465 814 Ab
509 777 706 813 consule
749 778 804 813 ad
835 777 1134 813 dictatorem
1164 777 1234 812 ire
1264 777 1403 821 iussi;
1452 777 1490 816 is
1521 777 1594 812 in-

170 850 335 886 fensus
393 848 707 897 ignominiam
759 844 1010 890 addidiffl).
1088 849 1191 883 Nam
1236 860 1307 895 pro
1353 847 1596 891 infensus,

171 920 273 968 quod
305 920 342 955 in
373 920 414 955 M
446 919 546 954 male
580 918 760 954 scribitur
796 918 1039 954 insensus.
1086 931 1162 953 nou
1201 925 1303 954 reete
1341 931 1464 966 nuper
1503 932 1522 953 e
1564 920 1596 955 P

171 991 232 1028 edi
262 996 440 1039 coeptum
473 996 528 1025 est
569 989 819 1034 incensus,
861 989 963 1037 quod
995 988 1049 1024 sie
1078 989 1179 1024 nude
1217 988 1264 1023 de
1307 989 1486 1036 graviore
1525 990 1598 1025 ira

171 1068 208 1099 et
239 1061 328 1097 odio
360 1073 477 1108 quam
508 1073 579 1108 pro
613 1060 804 1096 communi
839 1060 960 1096 hostis
992 1059 1121 1096 animo
1151 1071 1227 1095 non
1259 1056 1450 1109 dicium-⁹).

283 1131 381 1180 Cap.
417 1132 487 1175 33,
527 1132 548 1167 8
587 1131 679 1167 libet
723 1131 864 1167 veteris
904 1130 1183 1167 emendationis
1224 1130 1448 1166 memoriam
1483 1130 1599 1166 inter-

171 1211 364 1240 mortuam
394 1214 595 1240 renovare.
656 1202 789 1238 Livius
820 1202 857 1237 iu
878 1201 1082 1238 laudandis
1103 1201 1243 1249 prioris
1264 1201 1353 1236 anni
1372 1201 1599 1237 decemviris

172 1276 251 1311 haee
282 1274 409 1323 ponit:
459 1273 513 1309 In
547 1272 686 1308 unica
718 1272 984 1309 concordia
1023 1272 1152 1307 inter
1185 1272 1321 1320 ipsos
1352 1270 1453 1320 (qui
1487 1285 1600 1308 eon-

173 1357 345 1382 sensus
373 1343 587 1393 privatis
620 1343 860 1379 interdum
898 1343 1090 1379 inutilis
1130 1343 1275 1389 esset)
1309 1355 1487 1379 summa
1519 1343 1601 1378 ad-

173 1428 343 1453 versus
375 1415 499 1451 alios
533 1415 737 1462 aequitas
771 1420 886 1449 erat.
958 1414 1102 1450 Putant
1134 1413 1364 1462 significari,
1410 1426 1486 1449 non
1520 1412 1601 1450 fav-

200 1615 233 1660 ¹)
267 1619 318 1656 11,
347 1622 408 1655 58,
434 1622 450 1650 7
478 1629 556 1660 pro:
587 1628 737 1649 omnes
763 1629 837 1650 sua
862 1626 1016 1660 sponte
1042 1620 1074 1649 in
1102 1619 1177 1649 cod.
1205 1618 1295 1649 arch.
1323 1618 1485 1659 seriptum
1513 1624 1604 1648 erat:

269 1690 389 1710 omne
415 1690 489 1711 sua
515 1686 686 1721 sponte,
729 1682 806 1712 inde
832 1682 865 1711 in
892 1681 997 1712 HlLl
1029 1682 1083 1721 (VM
1109 1692 1129 1711 a
1156 1690 1258 1711 manu
1284 1680 1321 1720 3)
1348 1680 1494 1711 factum:
1524 1689 1604 1709 om-

272 1751 363 1771 nem
392 1751 467 1772 sua
493 1748 655 1782 sponte.

199 1822 230 1866 2)
267 1826 348 1866 Cap.
375 1829 439 1863 31,
468 1829 486 1857 8
522 1827 553 1856 in
580 1827 732 1866 margine
759 1836 882 1867 ponam
910 1826 1137 1857 neeessariam
1168 1827 1458 1859 emendationem.
1498 1836 1597 1866 quum

277 1898 381 1928 quum
410 1888 480 1928 ipse
507 1887 675 1925 fecissem,
704 1888 884 1918 aKloekio
902 1897 1106 1929 praeceptam
1125 1888 1202 1919 vidi.
1252 1888 1340 1919 Nam
1360 1899 1461 1930 quum
1480 1888 1604 1918 tribuni

271 1950 419 1985 egissent
445 1959 520 1980 cum
546 1950 710 1991 patribus,
739 1957 773 1980 ut
799 1950 1024 1981 communiter
1044 1950 1158 1989 legum
1188 1950 1353 1981 latores
1381 1957 1414 1980 et
1439 1960 1481 1980 ex
1504 1950 1603 1991 plebe

271 2017 304 2042 et
330 2020 373 2040 ex
399 2012 552 2051 patribus
579 2012 684 2042 creari
712 2012 881 2048 sinerent,
920 2013 974 2053 qui
1002 2012 1099 2042 utilia
1129 2012 1279 2052 utrisque
1307 2012 1452 2045 ferrent.
1491 2018 1604 2053 patres

272 2083 340 2103 rem
375 2073 482 2113 ipsam
518 2074 558 2103 de
596 2073 728 2112 legibus
766 2083 834 2103 non
871 2074 1040 2114 aspernati
1080 2079 1276 2106 narrantur.
1316 2074 1373 2104 sed
1406 2074 1603 2104 daturum

271 2134 391 2173 leges
417 2135 627 2164 neminem
654 2135 811 2165 nisiex
842 2136 1045 2176 patribus
1076 2135 1212 2166 dixisse.
1271 2137 1374 2177 Atqui
1403 2137 1442 2166 de
1469 2136 1604 2166 feren-

272 2197 338 2227 dis
364 2196 498 2234 legibus
521 2195 684 2235 agebatur
701 2196 757 2235 (ae
778 2206 820 2226 ne
839 2196 984 2232 dubites,
1007 2197 1173 2237 sequitur:
1201 2207 1322 2238 quum
1349 2198 1400 2228 de
1426 2198 1604 2237 legibus

273 2257 550 2295 convenii·et,
589 2258 637 2288 de
670 2258 810 2288 latore
837 2263 998 2287 tantum
1035 2258 1354 2300 discreparet),
1389 2268 1498 2298 neque
1527 2258 1603 2288 ullae

273 2329 423 2360 unquam
450 2320 484 2349 in
510 2329 580 2360 rep.
608 2321 763 2351 Romana
797 2319 903 2349 ‹latae
937 2319 1031 2359 leges
1067 2326 1147 2350 sunt
1179 2321 1261 2360 [nisi
1290 2321 1315 2352 si
1343 2321 1418 2361 quis
1449 2320 1556 2360 legem
1585 2330 1604 2350 a

273 2391 308 2412 se
340 2382 562 2422 compositam
590 2382 697 2419 alteri,
723 2389 758 2412 ut
782 2392 842 2422 pro
869 2391 929 2412 sua
956 2381 1070 2418 ferret,
1107 2382 1226 2423 dedit),
1260 2393 1369 2423 neque
1400 2383 1431 2413 id
1459 2383 1602 2412 verbum

273 2444 314 2473 de
341 2453 379 2473 ea
406 2452 440 2473 re
467 2443 525 2483 (de
550 2452 630 2473 vera
655 2443 689 2473 in
715 2453 782 2484 rep.
812 2443 902 2483 lege)
937 2444 980 2474 ab
1007 2444 1163 2474 Romano
1196 2445 1335 2475 homine
1367 2445 1516 2486 positum
1554 2451 1605 2475 est

274 2505 398 2546 ponive
423 2504 544 2545 potuit.
573 2505 663 2544 quod
690 2506 732 2535 ab
759 2505 921 2536 institutis
948 2512 981 2535 et
1005 2505 1200 2536 notionibus
1216 2506 1447 2537 Romanorum
1474 2506 1607 2546 longis-

274 2566 356 2596 sime
394 2565 608 2596 abhorrebat.
659 2565 777 2605 Itaque
804 2566 1124 2604 Drakenborchius,
1162 2578 1202 2598 ne
1237 2574 1416 2606 cogeretur
1447 2566 1454 2600 Ι
1491 2578 1551 2609 pro
1585 2566 1602 2600 d

274 2627 421 2659 scribere
449 2626 653 2668 (laturum
686 2627 832 2667 leges).
871 2639 890 2658 a
915 2628 1060 2667 Virgilio
1096 2630 1186 2659 iura
1227 2630 1331 2660 data
1367 2631 1545 2661 advocavit
1571 2635 1606 2660 et

273 2698 313 2718 ea
338 2687 535 2719 defensione
562 2689 682 2720 ceteris
708 2688 883 2721 satisfecit.
