1811 2925
857 148 905 184 32
914 150 934 183 5
1342 147 1416 180 Lib.
1431 148 1587 180 XXVII.

182 271 430 320 expeditis
462 269 758 307 cohortibus
789 268 996 305 adortus
1027 268 1072 309 C.
1103 271 1352 308 Hostilius
1388 272 1611 309 Tubulus

181 341 518 390 incomposito
573 339 755 388 agmini
796 339 1073 376 terribilem
1124 341 1385 378 tumultum
1429 342 1609 380 intulit.

185 411 369 448 Larinum
404 410 599 459 quomodo
642 409 812 459 attigerit
848 410 1047 447 Hannibal
1084 424 1133 448 ex
1163 412 1325 448 Bruttiis
1368 420 1405 449 et
1442 414 1611 450 Lucanis

181 483 220 518 in
252 482 472 519 Salentinos
502 480 584 517 iens
616 486 653 517 et
682 480 877 528 quomodo
914 493 984 529 per
1012 481 1237 528 Larinatem
1276 496 1436 532 agrum,
1482 484 1547 532 qui
1589 499 1608 520 a

183 554 356 589 Tarento
387 551 467 589 fere
514 551 671 600 triginta
717 550 898 588 milliaria
928 551 1166 589 Germanica
1195 553 1333 599 distat,
1376 561 1528 592 euntem
1566 555 1610 593 C.

182 623 386 668 Hostilius,
418 623 483 671 qui
513 621 674 659 Tarenti
704 628 799 667 erat,
830 622 974 658 adoriri
1004 622 1183 671 potuerit,
1214 636 1328 660 nemo
1359 624 1472 662 facile
1503 626 1611 663 dixe-

182 695 243 739 rit,
275 700 310 730 et
341 694 452 731 haesit
491 693 569 729 iam
600 693 637 728 in
681 705 725 728 eo
764 692 1117 731 Weissenbornius.
1188 694 1354 730 Accedit
1398 697 1610 732 extremi

182 765 299 801 finis
333 765 487 808 mentio,
521 776 605 811 quae
637 775 712 811 quo
742 763 781 798 in
812 769 891 799 tam
923 763 1144 811 longinquis
1175 764 1269 800 locis
1299 766 1502 813 pertineat,
1533 780 1609 803 non

183 842 358 885 apparet.
424 835 629 871 Postremo
675 833 810 881 paucis
851 839 941 882 post
981 834 1176 871 versibus.
1222 836 1363 872 nullius
1408 837 1506 873 alius
1555 838 1610 874 rei

182 905 410 954 interposita
440 904 653 947 mentione,
697 903 917 947 Hannibal,
965 916 1081 952 quum
1120 905 1233 941 simul
1264 906 1311 953 Q.
1344 905 1530 943 Claudius
1562 921 1609 944 ex

183 974 390 1012 salentinis
421 981 555 1010 contra
590 987 676 1010 eum
707 980 898 1010 moveret.
938 981 1051 1011 nocte
1082 981 1210 1011 castra
1253 989 1301 1012 ex
1333 989 1428 1025 agro
1459 979 1610 1015 Taren-

181 1046 261 1082 tino
294 1046 461 1082 movisse
502 1045 651 1089 dieitur,
698 1057 774 1092 quo
823 1044 889 1092 qui
933 1057 1019 1081 eum
1065 1046 1192 1082 subito
1233 1060 1253 1082 e
1290 1048 1467 1084 Larinati
1513 1061 1609 1097 agro

181 1116 398 1152 traductum
431 1116 674 1164 putabimus,
717 1127 834 1163 quum
859 1114 937 1150 iam
967 1114 1044 1151 illic
1075 1129 1098 1152 a
1130 1118 1289 1154 custode
1319 1119 1483 1155 Tarenti
1514 1119 1609 1156 duce

182 1188 360 1223 Romano
409 1187 627 1222 incursatus
673 1184 809 1223 esset?
869 1187 1073 1234 Apparet,
1122 1188 1284 1236 opinor,
1330 1189 1607 1239 Hannibalem,

181 1269 299 1305 quum
331 1256 550 1294 salentinos
580 1270 628 1293 ex
662 1256 831 1294 Lucanis
861 1257 1005 1305 petenti
1037 1263 1178 1305 praeter
1203 1259 1417 1296 Tarentum
1442 1262 1608 1298 eundum

181 1334 301 1373 esset,
333 1334 375 1364 ut
403 1328 522 1364 tutius
556 1328 639 1369 iret,
670 1329 795 1365 vitata
815 1329 921 1365 urbis
947 1327 1250 1376 propinquitate,
1284 1343 1355 1378 per
1389 1338 1605 1368 extremum

181 1399 265 1446 agri
295 1399 553 1435 Tarentini
595 1400 706 1435 finem
744 1399 838 1435 satis
885 1411 1028 1446 magno
1062 1399 1164 1435 flexu
1207 1401 1418 1437 exercitum
1450 1402 1605 1438 duxisse

181 1481 250 1506 nec
280 1476 409 1505 tamen
449 1469 608 1506 Hostilii
648 1471 821 1506 Tarento
858 1468 1099 1518 praesidentis
1143 1470 1384 1518 vigilantiam
1427 1471 1608 1522 effugisse

183 1546 249 1576 aut
279 1540 484 1589 impetum3
514 1552 585 1588 pro
618 1540 878 1576 Tarentini
908 1540 946 1575 in
977 1540 1011 1576 P
1043 1546 1100 1575 cst
1130 1535 1377 1587 laritanis,
1410 1544 1606 1591 quomodo

181 1611 478 1659 transponendae
504 1610 639 1646 litterae
670 1610 798 1646 notari
829 1610 964 1646 solent.
1034 1610 1110 1647 Sed
1149 1612 1251 1659 quod
1282 1612 1494 1650 Hostilium
1528 1615 1605 1651 Ta-

183 1681 281 1716 renti
311 1681 430 1717 fuisse
478 1680 584 1725 dixi,
633 1687 857 1717 occurretur
893 1681 1006 1726 mihi,
1039 1693 1155 1729 quum
1189 1694 1233 1718 eo
1274 1683 1472 1732 superiore
1507 1697 1607 1720 anno

184 1750 299 1798 (208)
343 1751 481 1787 missus
528 1757 626 1787 esset
672 1751 720 1797 (c.
754 1752 830 1799 35,
865 1751 928 1799 2),
968 1757 1106 1799 postea
1144 1752 1178 1788 ei
1220 1754 1356 1790 eodem
1398 1767 1498 1791 anno
1536 1768 1607 1803 pro

184 1821 356 1857 Tarento
389 1820 562 1870 Capuam
595 1820 833 1869 provinciam
880 1822 1013 1858 datam
1053 1834 1136 1858 esse
1168 1824 1265 1868 (ibd.
1299 1828 1316 1869 ξ
1353 1827 1434 1870 14),
1478 1825 1608 1874 ibique

183 1903 269 1927 eum
300 1892 374 1928 hoc
408 1904 507 1927 anno
539 1892 656 1935 (207)
687 1890 816 1936 fuisse,
852 1892 1005 1929 Livium
1023 1894 1177 1930 tradere
1199 1907 1229 1930 c.
1249 1896 1313 1941 36,
1339 1897 1400 1931 13.
1460 1896 1607 1932 Verum

182 1974 231 1998 ne
260 1961 354 2010 fingi
385 1961 537 2009 quidem
568 1967 720 2010 pptest,
763 1975 787 1998 a
829 1961 967 2011 Capua.
1006 1963 1044 1999 in
1075 1964 1303 2001 occidentali
1344 1966 1468 2002 Italiae
1497 1972 1609 2015 parte

183 2032 256 2068 sita
281 2032 492 2068 Hostilium
522 2032 561 2067 in
592 2033 855 2069 Hannibalem
886 2046 956 2081 per
1000 2034 1224 2071 Larinatem
1257 2048 1413 2083 agrum,
1457 2035 1522 2083 qui
1571 2036 1607 2072 in

183 2102 331 2150 Apulia
362 2109 429 2147 est,
472 2109 638 2148 cuntem,
681 2108 763 2139 toto
798 2104 997 2140 interiecto
1030 2104 1202 2150 Samnio,
1243 2106 1427 2154 impetum
1458 2105 1609 2144 fecisse.

184 2178 221 2208 et
251 2172 510 2209 Hannibalem
544 2185 593 2209 ex
623 2186 718 2222 agro
749 2174 964 2211 Tarentino
1000 2175 1193 2220 movisse,
1235 2177 1338 2224 quod
1369 2176 1533 2222 timeret,
1563 2189 1609 2212 ne

182 2242 236 2279 ibi
267 2241 452 2279 Claudius
488 2256 509 2279 e
539 2243 747 2281 Salentinis
776 2244 933 2280 veniens
968 2245 1157 2281 exercitus
1190 2245 1366 2294 Capuam
1402 2247 1609 2283 obtinentis

182 2313 270 2349 duci
302 2326 342 2349 se
380 2314 639 2362 coniungeret.
708 2315 759 2351 Et
802 2321 892 2363 post
927 2316 1008 2351 haec
1048 2315 1200 2351 demum
1247 2324 1358 2365 gesta
1399 2317 1608 2353 Hostilium

184 2384 380 2420 Tubulum
412 2385 584 2420 Tarento
616 2383 792 2433 Capuam
823 2385 987 2433 petisse,
1032 2392 1165 2434 aperte
1196 2387 1330 2424 Livius
1368 2387 1459 2424 dicit
1492 2388 1610 2436 paulo

183 2460 274 2501 post
306 2455 380 2490 hoc
410 2454 494 2502 ipso
527 2455 652 2503 capite
683 2455 951 2503 (Hostilius
983 2455 1197 2505 Capuam
1227 2464 1416 2505 petens,
1455 2465 1509 2494 et:
1539 2471 1611 2494 re-

183 2523 347 2571 liquas
398 2525 566 2572 copias
610 2525 862 2562 Hostilius
918 2525 1137 2575 Capuam
1189 2528 1371 2564 ducere
1416 2529 1610 2575 iussus).

184 2593 324 2642 Itaque
354 2594 440 2639 hic,
488 2601 529 2630 ut
571 2595 663 2631 alibi
693 2608 771 2632 non
801 2596 935 2644 paucis
965 2596 1084 2641 locis,
1134 2597 1268 2634 Livius
1308 2598 1347 2635 in
1395 2599 1610 2635 indicandis

185 2662 434 2711 imperiorum
472 2678 543 2713 per
580 2665 704 2702 Italiae
740 2671 871 2714 partes
909 2667 1257 2715 permutationibus
1301 2675 1337 2704 et
1368 2669 1407 2704 in
1437 2675 1612 2718 tempore
