1811 2925
270 156 346 189 Lib.
365 156 533 189 XXXIV.
937 157 1013 193 406

272 285 327 315 cst
341 307 350 323 ,
391 292 506 327 quum
547 286 646 315 esset
687 278 922 327 adscriptum
960 277 1234 324 interpretandi
1267 290 1384 314 causa
1415 278 1462 314 ad
1493 283 1676 315 tantum

271 362 377 387 non.
436 347 517 387 Cfr.
549 350 597 385 ad
628 350 692 394 23,
727 345 809 395 2.¹)

383 418 478 468 Cap.
510 421 573 465 52,
606 422 626 456 5
662 419 727 467 (de
757 417 950 466 triumpho
981 417 1030 452 T.
1047 416 1246 463 Quinctii):
1278 416 1456 454 Infecti
1486 420 1678 467 argenti

271 490 366 526 fuit
401 490 559 527 decem
602 497 649 526 et
681 495 790 525 octo
823 487 957 524 milia
986 487 1142 535 pondo
1185 494 1228 522 et
1257 487 1460 524 ducenta
1489 496 1677 538 septua-

271 560 405 608 ginta
433 560 569 605 facti3
600 573 719 597 vasa
748 559 899 596 multa
928 557 1078 593 omnis
1112 557 1325 605 generis,
1362 558 1555 595 caelata
1583 559 1678 608 ple-

271 643 438 679 raque,
481 632 690 679 quaedam
732 629 919 667 eximiae
964 628 1098 664 artis.
1168 629 1285 664 Recte
1325 627 1525 665 Creverius
1565 630 1678 666 nimis

271 700 451 748 exiguum
481 700 573 738 facti
604 701 752 750 argenti
792 700 941 749 pondus
980 698 1139 734 miratus
1179 704 1257 742 est,
1301 698 1453 735 minime
1488 700 1678 736 sufficiens

270 769 374 806 vasis
411 771 539 807 multis
586 771 708 808 omnis
745 770 916 820 generis;
956 774 1109 817 poterat
1145 769 1399 816 suspicionem
1437 782 1578 818 augere
1616 784 1679 807 ro-

272 841 410 877 tundus
440 854 620 878 numerus
650 842 835 878 librarum
866 840 997 876 infecti
1029 838 1188 887 argenti,
1222 846 1301 875 tum
1331 840 1477 876 numeri
1508 840 1561 876 sic
1590 841 1679 877 sub-

271 911 446 947 stantivis
487 912 720 961 interpositi,
751 918 792 948 nt
822 917 1108 953 concurrerent,
1147 915 1183 945 et
1220 910 1459 946 substantiva
1491 911 1681 959 particula

271 988 313 1018 et
344 983 542 1031 copulata3
576 983 708 1019 Livius
739 982 839 1018 enim
870 980 1100 1029 scripsisset:
1132 980 1307 1016 XVIII
1339 980 1475 1017 milia
1503 981 1679 1029 pondo,

271 1052 391 1088 facti
412 1052 640 1090 CCLXX.
692 1055 870 1101 Apparet
894 1062 1074 1086 numeros
1104 1051 1379 1087 continuandos
1404 1063 1486 1087 esse
1505 1058 1541 1087 et
1561 1052 1681 1087 verba

271 1123 324 1159 sic
347 1123 632 1171 distinguenda:
664 1123 839 1159 infecti
861 1120 1050 1169 argenti
1070 1120 1160 1157 fuit
1176 1122 1350 1158 XVIII
1372 1122 1504 1158 milia
1523 1122 1679 1170 pondo

272 1200 314 1230 et
360 1193 598 1239 CCLXX,
653 1193 772 1230 facti
819 1204 936 1228 vasa
983 1191 1130 1227 multa
1173 1193 1322 1228 omnis
1366 1192 1564 1241 generis
1609 1198 1680 1230 ete.

271 1264 383 1300 Facti
427 1265 573 1312 argenti
614 1264 747 1301 Livius
792 1263 942 1312 copiam
984 1262 1203 1298 universam
1243 1268 1279 1298 et
1321 1274 1439 1310 genus
1479 1262 1681 1310 significat,

271 1335 420 1383 pondus
451 1348 527 1371 non
564 1335 672 1383 ponit
687 1362 696 1379 ,
752 1333 1074 1382 quemadmodum
1117 1332 1155 1367 in
1191 1333 1256 1370 M?
1295 1332 1411 1369 Acilii
1457 1330 1682 1369 Glabrionis

271 1406 463 1454 triumpho
482 1406 707 1443 XXXVII.
730 1408 794 1449 46,
827 1406 868 1441 3:
899 1416 1018 1440 vasa
1048 1409 1280 1451 argentea
1310 1402 1502 1438 caelata
1532 1402 1680 1438 multa

271 1476 524 1524 magnique
558 1476 802 1525 ponderis.
859 1475 936 1511 Hic
966 1473 1247 1510 subsistendum
1281 1479 1374 1517 erat,
1404 1473 1435 1509 si
1465 1472 1558 1508 nihil
1582 1480 1681 1508 esset

271 1552 381 1583 extra
411 1548 511 1583 Livii
550 1547 669 1583 libros
714 1546 764 1582 ad
800 1547 900 1582 hunc
937 1545 1062 1581 locum
1096 1544 1336 1579 tractandum
1369 1543 1545 1587 snbsidii3
1583 1555 1684 1579 nunc

271 1618 502 1655 Plutarchus
549 1618 586 1653 in
630 1617 711 1653 vita
760 1615 968 1653 Flaminini
1008 1627 1038 1650 c.
1088 1616 1133 1650 14
1177 1627 1197 1649 e
1241 1613 1456 1663 Sempronii
1496 1614 1682 1650 Tuditani

272 1688 473 1724 annalibus
504 1694 540 1724 et
570 1687 653 1723 auri
683 1685 774 1722 facti
803 1692 837 1721 et
866 1686 1158 1734 Philippeorum
1186 1685 1338 1721 eosdem
1362 1697 1553 1730 numeros,
1585 1697 1683 1733 quos

274 1758 418 1802 Livius,
449 1759 557 1806 pon-it
573 1757 671 1801 (auri
692 1762 820 1792 tamen
842 1755 1193 1792 MMMDCCXIH
1217 1768 1287 1803 pro
1304 1754 1682 1803 MMMDCCXIV),

271 1829 418 1877 argenti
450 1836 577 1865 antem
609 1824 760 1877 λίτρας
778 1820 1152 1876 «Τετρακισιιιυρίας
1183 1823 1423 1877 τρισχιλίας
1454 1822 1681 1869 διακοσίας

271 1905 598 1964 ἑβὸοιιιήκοντα.
664 1909 801 1956 Itaque
841 1907 944 1955 apud
975 1907 1127 1942 Livium
1160 1920 1230 1955 pro
1262 1907 1409 1943 XVIII
1439 1907 1679 1943 scribendum

271 1982 426 2038 XCffI,
456 1991 819 2039 intelligendumque
850 1988 964 2025 etiam
1006 2001 1053 2024 ex
1082 1989 1155 2024 hoc
1186 1988 1284 2034 loco,
1314 1989 1351 2024 in
1385 1988 1549 2036 antiquis
1580 1988 1681 2025 Livii

271 2064 465 2100 codicibus
497 2063 596 2098 notis
630 2060 847 2096 huiusmodi
876 2071 1068 2101 numeros,
1099 2070 1174 2094 non
1195 2060 1320 2095 verbis
1352 2066 1388 2095 et
1417 2058 1551 2094 litteris
1584 2058 1680 2094 indi-

272 2140 377 2170 catos
411 2133 547 2176 fuisse3
579 2144 627 2167 ex
643 2132 676 2168 L
696 2131 819 2179 (quod
838 2130 876 2166 in
894 2135 1022 2165 vetere
1040 2125 1166 2164 forma
1181 2128 1292 2165 facile
1308 2130 1447 2178 potuit)
1470 2128 1612 2165 factum
1630 2129 1682 2165 V.

383 2202 478 2252 Cap.
526 2203 598 2246 58,
632 2204 652 2238 ξ)
701 2202 754 2250 (in
796 2200 1070 2248 disceptatione
1110 2199 1322 2247 legatorum
1356 2199 1539 2236 Antiochi
1579 2199 1682 2247 regis

271 2286 356 2309 cum
392 2275 439 2312 Τ.
484 2272 700 2321 Quinctio):
759 2271 1016 2307 Enimvero
1047 2270 1090 2305 id
1124 2269 1291 2306 auditu
1333 2270 1479 2305 etiam
1519 2269 1683 2306 dicere

270 2343 516 2391 indignum
548 2355 651 2379 esse
681 2342 999 2390 Hegesianax
1030 2339 1250 2389 (legationis
1269 2339 1451 2375 Antiochi
1472 2339 1680 2388 princeps),

271 2413 496 2450 Thraciae
535 2419 576 2448 et
612 2411 908 2449 Chersonesi
940 2411 1140 2447 urbibus
1180 2410 1336 2446 arceri
1367 2410 1681 2455 Antiochum,

272 2496 371 2531 qnae
402 2483 634 2521 Seleucus
665 2494 877 2532 proavus
906 2482 1025 2526 eius,
1072 2481 1362 2530 Lysimacho
1410 2492 1521 2528 rege
1552 2479 1680 2516 bello

296 2672 326 2711 ¹)
361 2675 400 2705 In
427 2674 533 2704 altera
559 2674 706 2704 editione
732 2673 789 2704 W.
816 2674 849 2704 in
877 2674 1018 2704 eandem
1046 2672 1271 2712 suspicionem
1298 2671 1422 2701 incidit.
