1811 2925
560 220 798 254 ADDENDA
834 220 898 252 ET
935 216 1258 251 CORRIGENDA.

205 372 244 403 P.
272 375 291 402 2
321 382 351 402 v.
390 374 428 402 15
462 372 504 403 ab
537 372 616 404 imo.
667 370 767 409 Quod
800 380 863 407 me,

250 428 293 450 ne
321 417 486 457 facerem,
522 427 694 449 recusasse
739 417 864 457 signifi-

252 466 341 501 cavi,
368 466 399 496 id
426 472 537 496 tamen
563 465 609 495 ita
638 464 703 502 fiet,
732 470 776 501 ut,
803 464 863 494 ad-

251 512 365 543 iuncta
390 522 491 553 opera
512 519 544 542 et
565 511 705 542 consilio
725 511 863 550 eollcgae

252 558 455 595 amicissimi,
490 557 526 589 L.
553 558 717 598 Ussingii,
754 558 863 589 oratio

251 605 337 636 Livii
369 615 389 635 a
425 614 477 636 me
516 604 640 645 illoque
679 605 863 635 constituta

251 652 339 693 typis
375 651 596 682 describatur.

204 698 242 729 P.
269 702 313 729 34
331 709 362 731 v.
392 701 430 728 10
457 697 499 728 ab
515 698 583 728 imo
600 697 725 728 excidit
739 707 863 728 nomen

251 744 524 776 Drakenborchii
564 745 864 785 (Drakenbor-

252 792 394 823 chius.
421 791 542 822 homo
567 790 768 831 sedulus).

204 838 441 879 P.35v.8pr0
467 838 656 869 secunda
681 838 702 869 1.
719 839 864 869 tertia.

203 885 242 916 P.
271 888 312 915 37
342 895 370 916 v.
396 885 464 915 imo
489 894 550 924 pro
576 888 594 915 8
622 885 689 924 leg.
718 889 746 917 5.

204 932 242 962 P.
271 935 313 962 48
340 941 368 962 ν.
396 934 414 962 3
442 940 502 971 pro
529 932 596 962 21.
628 935 680 962 12.

204 978 241 1010 P.
269 981 310 1008 56
337 988 368 1010 v.
396 981 413 1008 5
450 977 492 1008 ab
525 978 594 1008 imo
629 983 661 1009 et
695 988 727 1019 p.
766 979 805 1008 57
834 987 863 1007 v.

251 1028 270 1056 3
321 1024 452 1055 calamo
501 1025 677 1055 aberrante
719 1023 865 1065 Appia

250 1071 391 1102 tribus
433 1076 465 1101 ct
510 1071 657 1112 Appiae
703 1071 864 1111 scriptum

250 1124 310 1153 est,
337 1127 438 1158 quum
464 1117 601 1149 deberet
624 1118 810 1149 Claudia
833 1123 865 1148 et

251 1163 461 1195 Claudite.

205 1210 243 1242 P.
270 1214 312 1241 60
338 1221 366 1240 v.
396 1213 414 1241 6
440 1211 481 1241 ab
509 1211 575 1241 imo
603 1220 664 1251 pro
689 1214 726 1241 11
757 1210 778 1240 l.
811 1213 838 1240 1.

205 1257 243 1288 P.
271 1261 312 1288 69
339 1267 368 1287 v.
402 1260 440 1287 15
478 1267 539 1298 pro
576 1256 735 1297 (nescio
768 1256 862 1296 quo)

250 1304 273 1336 l.
301 1304 591 1344 (Bambergeusi).

206 1350 240 1382 P.
270 1353 311 1382 70
336 1361 364 1384 v,
393 1354 410 1380 8
439 1351 505 1381 duo
530 1355 691 1391 praeterea
717 1349 783 1381 loci
815 1350 864 1380 iu-

251 1397 355 1428 dicari
371 1397 566 1434 debuerant,
587 1396 698 1433 XLII,
716 1400 770 1434 33,
790 1399 802 1426 1
834 1402 866 1427 et

257 1447 310 1480 37,
337 1448 367 1477 4,
395 1444 435 1475 de
454 1444 575 1483 quibus
602 1444 728 1474 dictum
756 1448 806 1474 est
831 1444 865 1474 in

256 1491 370 1521 ordine
396 1490 440 1531 (p.
468 1494 532 1521 528
560 1496 593 1520 et
619 1490 715 1530 530).

208 1536 247 1568 P.
266 1539 305 1567 75
323 1543 393 1567 not.
411 1541 429 1567 2
447 1537 524 1567 add.
537 1536 646 1568 Victis
669 1543 701 1567 et
715 1537 866 1568 subactis

254 1583 373 1624 leges
392 1593 411 1614 a
428 1584 554 1614 victore
573 1584 728 1614 dantur
743 1583 866 1622 (XLV,

255 1633 309 1670 30,
337 1631 388 1671 s).

208 1676 248 1710 P.
280 1680 340 1707 102
366 1687 396 1709 ν.
429 1680 448 1707 8
489 1676 530 1707 ab
564 1677 631 1707 imo
665 1677 741 1707 add.
778 1676 865 1708 Nam

257 1723 356 1754 etiam
383 1722 444 1760 111,
473 1727 524 1760 12,
544 1726 563 1754 8
591 1724 752 1754 iterare
778 1724 866 1754 lau-

255 1770 329 1800 des
353 1770 483 1800 videtur
502 1779 590 1801 csse:
627 1770 694 1800 iam
722 1770 763 1801 ab
790 1770 865 1801 aliis

256 1816 443 1847 celebratas
457 1816 576 1847 iterum
589 1826 864 1847 commemorare.

208 1862 245 1894 P.
274 1866 335 1893 105
363 1873 392 1893 v.
416 1866 435 1894 3
456 1873 518 1903 pro
541 1866 582 1894 29
606 1864 627 1894 l.
649 1867 709 1901 28;
740 1863 805 1894 ibd.
832 1864 865 1894 in

254 1915 325 1940 not.
341 1920 368 1941 v.
391 1913 404 1940 1
422 1917 499 1950 post
523 1910 617 1941 loco
644 1911 718 1941 add.
748 1910 865 1951 (§11).

207 1956 246 1987 P.
279 1960 342 1986 144
366 1966 398 1989 v.
420 1959 435 1987 7
464 1957 506 1987 ab
534 1957 601 1987 imo
630 1957 705 1988 add.
731 1956 777 1994 ΙΙ,
806 1960 866 1988 38;

252 2003 293 2033 in
322 2003 538 2034 contionis
565 2003 738 2034 modum.

207 2048 246 2080 P.
270 2052 333 2080 160
354 2060 382 2080 v.
406 2053 425 2080 4
447 2050 488 2080 ab
514 2050 581 2080 imo
607 2060 679 2090 sqq.
699 2050 745 2080 sie
767 2050 868 2080 scribi

254 2096 384 2126 debuit:
420 2096 496 2127 Duo
528 2102 606 2127 sunt
631 2102 748 2127 eontra
775 2097 868 2127 eodi-

256 2151 310 2173 ces
336 2142 485 2173 tollenda
510 2143 752 2180 additamenta,
778 2143 869 2184 pri-

251 2198 354 2219 mum
381 2195 458 2219 aute
476 2189 617 2230 pilum,
632 2190 750 2220 deinde
771 2199 869 2220 vex-

256 2235 397 2267 illum.
438 2235 611 2273 additum,
661 2245 762 2276 quum
799 2246 868 2267 non

246 2281 586 2319 ‘animadverteretur,
622 2291 780 2313 numeros
825 2283 868 2313 ad

256 2328 445 2358 ordinem
472 2329 650 2369 pertinere.

209 2373 244 2404 P.
276 2376 336 2405 177
365 2385 394 2404 v.
420 2378 461 2405 22
496 2375 573 2405 add.
624 2373 723 2412 Quod
759 2385 868 2417 nuper

252 2420 460 2452 Badhamius
480 2422 779 2462 parcissimum
806 2432 866 2463 pro

257 2468 589 2508 capacissimum
623 2469 721 2498 scribi
760 2469 868 2500 voluit

255 2513 440 2553 (Mnemos.
452 2514 516 2544 vol.
529 2514 615 2544 VIII
630 2525 660 2555 p.
670 2514 760 2553 105),
787 2516 867 2546 satis

254 2560 467 2599 redarguitur
490 2560 631 2591 Zonarae
661 2562 865 2593 testimonio.

954 368 1070 401 P.192
1085 378 1116 400 τ.
1135 371 1189 398 20.
1219 365 1499 407 Disceptatio
1521 363 1618 395 video

1001 416 1068 446 iam
1080 415 1113 445 in
1125 412 1517 445 edit.Tauchnitzianaa.
1531 413 1616 442 1848

1002 461 1194 492 restitutum
1221 469 1296 491 esse
1309 458 1512 500 (Kreyssigii
1539 466 1618 488 con-

1002 508 1156 548 iectura).

954 556 997 587 P.
1025 558 1089 586 205
1106 565 1134 584 v.
1159 556 1211 585 11.
1262 552 1380 583 Fabrii
1397 551 1549 582 libellum
1577 551 1618 581 de

1002 602 1088 632 libro
1124 598 1247 632 XXVI
1284 608 1301 630 c
1343 599 1459 629 codice
1497 597 1617 628 Bamb.

1003 648 1217 680 emendando
1231 646 1288 676 diu
1304 646 1516 685 multumque
1529 653 1618 685 quae-

1002 696 1104 727 situm
1130 704 1205 726 sero
1221 693 1354 734 aceepi3
1380 692 1489 723 varias
1515 691 1618 732 scrip-

1002 749 1093 773 turas
1119 742 1160 772 ab
1188 750 1227 771 eo
1254 741 1288 770 in
1305 739 1424 770 ceteris
1441 738 1534 769 libris
1561 747 1618 768 ex-

1003 794 1134 829 cerptas
1153 793 1186 819 et
1205 798 1224 818 a
1242 786 1383 827 Meyero
1400 785 1507 816 editas
1533 794 1618 815 nan-

1004 836 1083 866 cisei
1111 845 1177 865 non
1204 835 1308 874 potui.

956 882 995 913 P.
1010 885 1072 913 207
1090 892 1121 911 v.
1137 884 1165 912 7.
1201 879 1286 912 Cum
1312 879 1436 910 mendo
1452 879 1486 908 in
1502 876 1617 915 XXX,

1003 933 1060 966 32,
1107 932 1124 959 2
1172 927 1382 968 deprehenso
1429 924 1619 965 comparari

1004 976 1122 1006 debuit
1163 975 1334 1015 geminum
1380 972 1415 1002 in
1446 969 1617 1010 XXVIII,

1002 1026 1058 1059 43,
1088 1026 1119 1053 1:
1146 1022 1404 1051 inveteratae
1436 1018 1618 1059 pruden-

1003 1070 1071 1099 tiae
1097 1068 1228 1105 fama3
1254 1067 1319 1098 vid.
1345 1076 1378 1107 p.
1398 1068 1478 1098 338.

954 1116 993 1148 P.
1026 1119 1090 1146 209
1125 1126 1155 1148 v.
1183 1118 1201 1145 8
1229 1115 1271 1145 ab
1299 1114 1367 1144 imo
1392 1117 1480 1153 post-
1500 1115 1562 1148 30,
1599 1114 1615 1141 5

1001 1163 1121 1193 vellem
1138 1161 1362 1192 addidissem:
1390 1160 1432 1190 ad
1446 1157 1617 1196 XXVIII,

1001 1213 1056 1246 43,
1087 1213 1100 1240 1
1131 1215 1164 1239 et
1189 1209 1230 1238 ad
1249 1207 1365 1240 XXX,
1385 1210 1439 1242 30,
1463 1209 1502 1236 lo
1515 1210 1547 1236 et
1565 1208 1618 1237 11.

954 1255 996 1289 P.
1024 1258 1088 1287 257
1115 1266 1145 1285 v.
1176 1258 1216 1285 16
1242 1264 1303 1296 pro
1330 1252 1471 1290 XXIV,
1512 1255 1570 1290 19,
1594 1251 1616 1282 1.

1001 1302 1136 1340 XXIV,
1162 1305 1217 1332 20.

956 1349 995 1381 P.
1034 1354 1100 1380 304
1143 1359 1172 1379 v.
1210 1351 1252 1379 23
1295 1347 1504 1377 addendum:
1547 1343 1616 1375 Cfr.

1002 1395 1202 1432 XXXIIL'7
1221 1394 1480 1435 extr.:pedite
1505 1393 1619 1423 inter

1005 1443 1228 1474 finitimos
1256 1440 1551 1472 vincebantur.

957 1490 994 1521 P.
1023 1493 1088 1520 373
1116 1499 1147 1519 v.
1176 1492 1194 1519 8
1223 1488 1264 1518 ab
1291 1488 1358 1519 imo
1384 1486 1444 1525 (Si
1471 1495 1618 1517 censu-

1004 1546 1089 1567 ram
1116 1536 1193 1573 cet.)
1212 1535 1408 1575 reliquaque
1430 1543 1508 1574 pars
1530 1538 1620 1563 notae

1005 1583 1153 1613 debebat
1188 1581 1308 1613 subiici
1343 1592 1376 1622 p.
1408 1583 1476 1611 374
1508 1590 1538 1610 v.
1579 1583 1616 1610 11

1005 1629 1165 1669 (notari
1190 1628 1358 1669 voluit).

956 1676 996 1707 P.
1024 1680 1090 1707 400
1117 1687 1146 1706 v.
1175 1678 1193 1706 8
1222 1676 1300 1708 add.
1356 1673 1425 1705 Cfr.
1451 1674 1491 1704 de
1510 1672 1620 1703 infini-

1005 1724 1074 1754 tivo
1101 1722 1213 1753 activo
1240 1732 1259 1752 a
1284 1721 1431 1752 librariis
1455 1730 1517 1761 pro
1542 1729 1620 1760 pas-

1006 1770 1079 1801 sivo
1092 1769 1275 1800 substituto
1294 1774 1371 1809 post
1387 1767 1490 1798 verba
1502 1766 1620 1797 volun-

1005 1817 1084 1848 tatis
1117 1825 1191 1857 quae
1219 1816 1384 1846 adnotata
1410 1820 1487 1845 sunt
1516 1824 1550 1854 p.
1577 1816 1619 1844 38

1002 1873 1033 1894 n.
1062 1867 1092 1901 2,
1113 1874 1147 1904 p.
1177 1866 1255 1893 248.

957 1909 997 1941 Ρ.
1025 1913 1090 1940 492
1119 1920 1148 1940 v.
1177 1913 1195 1940 8
1231 1909 1273 1940 ab
1310 1909 1378 1939 imo
1405 1908 1483 1938 add.
1509 1906 1620 1943 XLV,

1006 1960 1061 1987 26.
1094 1960 1133 1987 12
1162 1956 1243 1997 (vid.
1258 1966 1288 1996 p.
1317 1954 1385 1995 70).

958 2003 998 2036 P.
1017 2006 1082 2034 528
1109 2005 1178 2033 ima
1203 2002 1327 2033 iniuria
1342 2001 1474 2041 negavi,
1491 2000 1525 2030 in
1544 2000 1618 2030 cod.

1008 2050 1157 2081 Vindob.
1193 2049 1263 2080 ulla
1298 2058 1371 2079 esse
1394 2047 1536 2086 vestigia
1562 2047 1620 2076 ad-

1006 2097 1217 2127 notationum
1234 2094 1482 2136 marginalium,
1498 2093 1620 2133 quibus

1007 2143 1040 2173 in
1071 2143 1185 2174 codiee
1221 2143 1409 2182 mitiquiore
1442 2149 1621 2180 argumen-

1007 2196 1079 2220 tum
1115 2189 1316 2220 narrationis
1347 2188 1534 2218 indicatum
1567 2185 1620 2217 fu-

1005 2237 1098 2267 isset.
1140 2236 1228 2268 Nam
1257 2234 1532 2266 manifestissima
1557 2233 1620 2263 hu·

1005 2283 1150 2314 iusmodi
1168 2283 1341 2314 adnotatio
1359 2288 1409 2313 est
1424 2280 1523 2311 XLV
1536 2304 1543 2317 ,
1563 2283 1619 2318 42,

1009 2333 1045 2367 1,
1083 2330 1141 2361 ubi
1184 2331 1217 2360 in
1251 2330 1327 2361 cod.
1362 2328 1409 2359 sic
1447 2327 1619 2358 scribitur:

1007 2375 1271 2417 Quamquam
1322 2375 1375 2406 ob
1421 2383 1543 2414 quam
1595 2372 1619 2406 l.

1003 2423 1133 2464 paulo
1159 2423 1272 2453 ratio
1299 2421 1415 2463 [scrib.
1439 2419 1619 2454 L.Pau1i

1005 2469 1167 2510 oratio]
1195 2469 1250 2510 adv
1270 2479 1302 2510 p.
1329 2478 1353 2498 r.
1381 2466 1619 2499 felicitate.

1003 2515 1124 2556 Itaque
1143 2517 1210 2547 iam
1229 2515 1438 2546 confidenter
1452 2515 1493 2544 de
1508 2512 1618 2550 XLII,

1004 2566 1060 2599 33,
1092 2567 1105 2593 1
1135 2562 1329 2604 pronuntio.
