1811 2925
778 129 849 164 301
1257 126 1331 156 Lib.
1359 125 1473 156 xxv.

107 247 252 284 facile
283 255 386 284 erat
416 248 738 285 traditisdibi
787 261 890 284 cum
921 247 1113 284 amoliti
1145 247 1342 284 obieeta
1375 260 1522 284 onera

109 318 312 354 armatis
343 317 596 354 dedissent
626 319 749 355 viam
782 318 1121 367 pluribusque
1151 318 1271 353 idem
1297 318 1522 366 partibus

108 387 268 433 fieret,
299 395 442 436 capta
483 388 570 424 iam
602 389 815 437 undique
846 395 1012 425 castra
1057 395 1191 424 erant
1237 394 1308 425 cet.
1394 387 1457 424 Sic
1489 389 1522 424 P

110 460 174 505 (ex
205 458 246 495 M
277 457 480 494 traditis
512 458 581 494 ibi
613 459 829 497 adnotatur,
862 472 909 495 ex
931 458 1015 494 aliis
1037 458 1239 494 traditis
1271 458 1366 501 diu;
1398 470 1522 493 amo-

107 529 188 565 liti
217 526 379 575 omnes).
445 527 546 564 Olim
585 529 767 565 edebant:
814 558 848 566 ..
895 528 1047 565 facile
1086 535 1202 565 erat.
1279 528 1521 564 'rm-datis

109 599 186 635 diu
223 611 359 646 quum
391 599 596 635 amolita
635 600 832 635 obieeta
863 606 947 643 eet,
992 599 1165 634 oratione
1214 611 1290 633 nou
1321 599 1423 634 bona
1468 599 1522 647 (iu

109 669 262 712 dativo,
305 668 342 704 in
381 669 586 705 amolita
624 669 778 718 passive
819 670 982 718 posito),
1030 668 1218 704 sententia
1257 668 1379 711 nulla3
1421 668 1523 716 quod

110 739 208 777 enim
240 739 430 786 sequitur:
475 739 598 775 idem
646 740 811 783 fieret,
857 739 1022 775 ostendit
1065 739 1125 774 hic
1170 738 1358 774 rationem
1405 751 1524 774 onera

110 809 315 845 amoliendi
346 809 551 845 indicatam
583 809 711 846 fuisse.
771 812 903 858 Atque
924 811 996 846 hoe
1027 808 1221 845 sententiae
1252 808 1384 844 vitium
1406 809 1525 845 haeret

111 879 224 915 etiam
256 879 292 915 in
324 893 382 923 ca,
413 892 527 927 quam
563 880 902 916 WVeissenboruius
945 893 968 915 a
1002 879 1175 915 codicum
1207 879 1377 927 vestigiis
1410 879 1524 927 longe

111 949 291 985 recedens
313 949 532 985 dubitanter
561 950 734 994 tentavit,
767 950 1002 986 correctione
1044 948 1211 995 (facile
1242 955 1346 984 erat
1378 949 1522 998 trepi-

110 1019 356 1056 dantibus
417 1018 527 1055 Cum
572 1020 761 1055 amoliti
792 1019 894 1068 cet).
953 1019 1015 1054 Ex
1046 1018 1138 1063 illis,
1170 1031 1254 1066 quae
1285 1018 1376 1062 dixi,
1406 1019 1521 1055 vesti-

110 1089 182 1138 giis
214 1088 294 1124 erui
328 1100 440 1137 posse
471 1089 622 1125 videtur
652 1090 700 1126 ad
730 1103 811 1126 rem
841 1096 1019 1138 perapte:
1052 1088 1200 1124 facile
1234 1095 1350 1126 erat.
1411 1090 1523 1129 Tru-

112 1161 283 1199 dentes
303 1159 620 1207 (Trahentesl)
639 1161 837 1200 sudibus
855 1172 952 1195 eum
971 1159 1159 1195 amoliti
1179 1165 1249 1196 cet.
1291 1160 1486 1196 Trudibus
1504 1174 1523 1196 e

110 1229 319 1278 longinquo
337 1229 530 1265 trudentes
546 1242 771 1278 compagem
797 1237 833 1266 et
862 1243 1001 1278 saepem
1033 1229 1257 1265 clitellarum
1290 1242 1525 1278 onerumque

109 1299 291 1335 laxarunt
321 1306 357 1334 et
388 1299 534 1335 amoliti
569 1308 667 1338 sunt.
748 1300 809 1337 Su
823 1300 959 1336 dibus
990 1300 1142 1348 quidem
1164 1300 1201 1335 in
1233 1300 1367 1336 litteris
1397 1301 1524 1336 sdibi

112 1369 232 1405 latere
261 1381 382 1417 prope
413 1377 556 1406 certum
587 1370 750 1406 videtur.

222 1438 316 1486 Cap.
350 1440 420 1483 37,
472 1443 509 1476 11
549 1441 612 1487 (de
642 1441 830 1477 Romanis
870 1441 995 1476 subito
1032 1453 1055 1476 a
1085 1453 1260 1476 moerore
1290 1447 1324 1476 et
1357 1441 1521 1488 querelis

110 1509 160 1545 ad
190 1516 413 1557 oppugnata
453 1522 475 1545 a
506 1510 648 1546 Poenis
686 1517 813 1546 castra
856 1509 1097 1546 defendenda
1138 1510 1371 1558 conversis):
1404 1511 1521 1547 Inde

110 1591 250 1615 verso
282 1585 484 1626 repente
515 1580 559 1615 in
591 1580 707 1616 iram
740 1580 872 1616 luctu
909 1580 1198 1615 discurrunt
1228 1580 1284 1616 ad
1315 1593 1447 1616 arma
1470 1594 1521 1617 ae

110 1648 262 1684 veluti
311 1650 506 1685 accensi
554 1650 690 1686 rabie
743 1650 1024 1685 discurrunt
1070 1650 1127 1686 ad
1170 1657 1341 1698 portas
1394 1657 1436 1686 et
1477 1651 1522 1687 in

110 1720 295 1755 hostem
341 1719 650 1767 negligenter
695 1727 846 1768 atque
888 1720 1212 1768 incomposite
1251 1720 1522 1756 venientem

111 1789 379 1826 incurrunt.
448 1789 561 1835 Quod
593 1789 746 1837 quidam
779 1790 1012 1835 adscribunt,
1047 1790 1215 1825 eiusdem
1246 1790 1352 1825 vocis
1384 1790 1522 1838 repeti-

110 1858 250 1894 tionem
284 1871 307 1893 a
338 1858 448 1894 Livio
481 1871 555 1894 non
587 1860 756 1896 studiose
789 1860 923 1903 vitari,
954 1871 1149 1907 nunquam
1180 1867 1258 1895 tam
1291 1860 1403 1896 foede
1433 1872 1523 1895 can—

112 1928 198 1964 dem
228 1927 393 1964 formam
426 1928 594 1965 eiusdem
625 1930 732 1966 verbi
763 1930 989 1978 interposita
1019 1929 1285 1966 coniunctione
1315 1929 1526 1978 geminavit

113 1996 417 2046 (discurrunt
457 2029 464 2035 .
486 2029 493 2035 .
534 2011 585 2035 ac
625 2027 660 2038 ..
702 1999 1024 2044 discurrunt),
1056 1999 1205 2035 adiecto
1237 2000 1350 2036 etiam
1383 2012 1430 2035 ex
1461 2013 1525 2035 ea-

112 2068 196 2103 dem
227 2067 356 2103 radice
385 2068 564 2104 simillimi
593 2069 678 2105 soni
712 2069 830 2105 verbo
863 2069 927 2115 (et
974 2097 1010 2105 ..
1049 2068 1334 2118 incurrunt),
1399 2072 1524 2106 Acce-

112 2138 167 2173 dit
197 2137 301 2173 aliud
332 2138 456 2173 mendi
486 2138 680 2184 indicium,
713 2139 815 2187 quod
850 2151 974 2187 prava
1002 2138 1230 2186 gradatione
1260 2140 1358 2176 inter
1379 2140 1523 2176 discur-

112 2220 195 2243 sum
227 2207 276 2243 ad
307 2220 416 2242 arma
448 2214 484 2243 et
513 2208 562 2243 ad
592 2215 725 2256 portas
755 2209 1053 2257 interponuntur
1082 2209 1164 2244 illa:
1195 2210 1329 2246 velut
1362 2222 1525 2246 aceen-

113 2277 151 2314 si
182 2277 343 2317 rabie,
375 2290 458 2326 quae
487 2278 645 2326 propius
676 2278 836 2315 intuenti
867 2279 1070 2327 apparebit
1101 2279 1149 2315 ad
1180 2279 1362 2328 impetum
1392 2280 1430 2316 in
1457 2281 1525 2316 ho-

113 2353 208 2383 stem
249 2347 450 2396 pertinere.
527 2347 617 2384 Sine
656 2348 772 2385 dubio
820 2349 950 2385 Livius
998 2349 1091 2385 nihil
1131 2349 1202 2385 nisi
1236 2350 1315 2386 haec
1358 2351 1526 2399 scripsit:

113 2417 397 2453 discurrunt
437 2417 494 2452 ad
526 2430 657 2453 arma
690 2431 745 2455 ac
776 2431 810 2454 v.
842 2431 936 2458 acc,
968 2419 1103 2454 rabie
1143 2419 1189 2455 in
1226 2421 1413 2456 hostem

113 2486 379 2523 incurrunt.
457 2487 619 2523 Addidit
661 2488 726 2524 illa
757 2489 870 2526 disc.
903 2488 958 2524 ad
988 2495 1154 2536 portas
1186 2497 1229 2526 et
1259 2490 1422 2537 aliquis,
1462 2490 1526 2537 qui

114 2557 321 2606 pleniorem
352 2558 406 2593 rei
437 2558 607 2593 ordinem
641 2564 677 2594 et
707 2558 830 2594 exitus
864 2572 883 2594 e
914 2559 1049 2594 castris
1081 2560 1309 2596 mentionem
1333 2560 1526 2596 desidera-

105 2627 185 2671 ·vit3
230 2627 362 2663 Livius
404 2628 436 2664 si
479 2635 610 2676 portas
660 2629 1017 2665 commemorandas
1057 2636 1250 2678 putasset,
1294 2630 1526 2678 scripsisset:
