<?xml version="1.0" encoding="UTF-8"?>
<!DOCTYPE html PUBLIC "-//W3C//DTD XHTML 1.0 Transitional//EN"
    "http://www.w3.org/TR/xhtml1/DTD/xhtml1-transitional.dtd">
<html xmlns="http://www.w3.org/1999/xhtml" xml:lang="en" lang="en">
 <head>
  <title>
</title>
<meta http-equiv="Content-Type" content="text/html;charset=utf-8" />
  <meta name='ocr-system' content='tesseract 3.04.00' />
  <meta name='ocr-capabilities' content='ocr_page ocr_carea ocr_par ocr_line ocrx_word'/>
</head>
<body>
  <div class='ocr_page' id='page_1' title='image "./emendationeslivi00madvuoft_0313.png"; bbox 0 0 1811 2925; ppageno 0'>
   <div class='ocr_carea' id='block_1_1' title="bbox 786 130 1489 167">
    <p class='ocr_par' dir='ltr' id='par_1_1' title="bbox 786 130 1489 167">
     <span class='ocr_line' id='line_1_1' title="bbox 786 130 1489 167; baseline -0.006 0"><span class='ocrx_word' id='word_1_1' title='bbox 786 131 835 167; x_wconf 87' lang='lat'>30</span> <span class='ocrx_word' id='word_1_2' title='bbox 844 133 862 166; x_wconf 90' lang='grc'>7</span> <span class='ocrx_word' id='word_1_3' title='bbox 1266 130 1341 162; x_wconf 85' lang='lat' dir='ltr'>Lib.</span> <span class='ocrx_word' id='word_1_4' title='bbox 1355 131 1489 163; x_wconf 83' lang='lat' dir='ltr'>XXVI.</span> 
     </span>
    </p>
   </div>
   <div class='ocr_carea' id='block_1_2' title="bbox 113 252 1537 2685">
    <p class='ocr_par' dir='ltr' id='par_1_2' title="bbox 118 252 1537 513">
     <span class='ocr_line' id='line_1_2' title="bbox 121 252 1537 300; baseline 0.001 -11"><span class='ocrx_word' id='word_1_5' title='bbox 121 261 209 297; x_wconf 82' lang='lat' dir='ltr'>tur,</span> <span class='ocrx_word' id='word_1_6' title='bbox 225 254 296 290; x_wconf 90' lang='lat' dir='ltr'>hoc</span> <span class='ocrx_word' id='word_1_7' title='bbox 327 259 395 296; x_wconf 86' lang='lat' dir='ltr'>est,</span> <span class='ocrx_word' id='word_1_8' title='bbox 426 252 524 288; x_wconf 90' lang='lat' dir='ltr'>inter</span> <span class='ocrx_word' id='word_1_9' title='bbox 539 258 764 300; x_wconf 69' lang='lat' dir='ltr'>praesentes.</span> <span class='ocrx_word' id='word_1_10' title='bbox 812 252 1112 296; x_wconf 86' lang='lat' dir='ltr'>Lib.XXVIlI,</span> <span class='ocrx_word' id='word_1_11' title='bbox 1132 255 1191 297; x_wconf 85' lang='grc'>17,</span> <span class='ocrx_word' id='word_1_12' title='bbox 1211 253 1252 289; x_wconf 85' lang='lat'>8:</span> <span class='ocrx_word' id='word_1_13' title='bbox 1284 253 1537 291; x_wconf 83' lang='lat' dir='ltr'>firmandae</span> 
     </span>
     <span class='ocr_line' id='line_1_3' title="bbox 120 321 1536 373; baseline 0.001 -14"><span class='ocrx_word' id='word_1_14' title='bbox 120 323 349 360; x_wconf 85' lang='lat' dir='ltr'>amicitiae</span> <span class='ocrx_word' id='word_1_15' title='bbox 379 321 523 358; x_wconf 85' lang='lat' dir='ltr'>fidem</span> <span class='ocrx_word' id='word_1_16' title='bbox 558 334 645 358; x_wconf 87' lang='lat' dir='ltr'>nec</span> <span class='ocrx_word' id='word_1_17' title='bbox 675 322 795 359; x_wconf 85' lang='lat' dir='ltr'>darc</span> <span class='ocrx_word' id='word_1_18' title='bbox 825 334 908 360; x_wconf 87' lang='lat' dir='ltr'>nec</span> <span class='ocrx_word' id='word_1_19' title='bbox 939 321 1164 371; x_wconf 86' lang='lat' dir='ltr'>accipere</span> <span class='ocrx_word' id='word_1_20' title='bbox 1203 323 1298 360; x_wconf 87' lang='lat' dir='ltr'>nisi</span> <span class='ocrx_word' id='word_1_21' title='bbox 1333 336 1433 360; x_wconf 89' lang='lat' dir='ltr'>cum</span> <span class='ocrx_word' id='word_1_22' title='bbox 1463 325 1536 373; x_wconf 85' lang='lat' dir='ltr'>ip-</span> 
     </span>
     <span class='ocr_line' id='line_1_4' title="bbox 120 392 1534 437; baseline 0.002 -8"><span class='ocrx_word' id='word_1_23' title='bbox 120 406 170 431; x_wconf 81' lang='lat' dir='ltr'>so</span> <span class='ocrx_word' id='word_1_24' title='bbox 208 406 367 430; x_wconf 88' lang='lat' dir='ltr'>coram</span> <span class='ocrx_word' id='word_1_25' title='bbox 414 393 529 428; x_wconf 87' lang='lat' dir='ltr'>duce</span> <span class='ocrx_word' id='word_1_26' title='bbox 561 394 793 437; x_wconf 85' lang='lat' dir='ltr'>Romano;</span> <span class='ocrx_word' id='word_1_27' title='bbox 839 392 1010 437; x_wconf 79' lang='lat' dir='ltr'>XXXI,</span> <span class='ocrx_word' id='word_1_28' title='bbox 1050 393 1122 433; x_wconf 83' lang='lat'>28,</span> <span class='ocrx_word' id='word_1_29' title='bbox 1169 395 1209 429; x_wconf 87' lang='lat'>5:</span> <span class='ocrx_word' id='word_1_30' title='bbox 1255 394 1339 431; x_wconf 88' lang='lat' dir='ltr'>ubi</span> <span class='ocrx_word' id='word_1_31' title='bbox 1375 407 1534 432; x_wconf 89' lang='lat' dir='ltr'>coram</span> 
     </span>
     <span class='ocr_line' id='line_1_5' title="bbox 118 461 1395 513; baseline 0 -12"><span class='ocrx_word' id='word_1_32' title='bbox 118 465 451 513; x_wconf 80' lang='lat' dir='ltr'>disceptantes</span> <span class='ocrx_word' id='word_1_33' title='bbox 482 463 727 500; x_wconf 88' lang='lat' dir='ltr'>consulem</span> <span class='ocrx_word' id='word_1_34' title='bbox 765 470 809 500; x_wconf 88' lang='lat' dir='ltr'>et</span> <span class='ocrx_word' id='word_1_35' title='bbox 838 468 1094 512; x_wconf 85' lang='lat' dir='ltr'>praetorem</span> <span class='ocrx_word' id='word_1_36' title='bbox 1128 461 1395 501; x_wconf 78' lang='lat' dir='ltr'><strong>audissent.</strong></span> 
     </span>
    </p>

    <p class='ocr_par' dir='ltr' id='par_1_3' title="bbox 113 533 1536 2055">
     <span class='ocr_line' id='line_1_6' title="bbox 231 533 1536 583; baseline 0 -12"><span class='ocrx_word' id='word_1_37' title='bbox 231 534 325 582; x_wconf 82' lang='lat' dir='ltr'>Cap.</span> <span class='ocrx_word' id='word_1_38' title='bbox 362 534 422 578; x_wconf 77' lang='lat'>18,</span> <span class='ocrx_word' id='word_1_39' title='bbox 454 535 498 569; x_wconf 76' lang='lat'>4:</span> <span class='ocrx_word' id='word_1_40' title='bbox 538 534 840 570; x_wconf 79' lang='lat' dir='ltr'>Postremum</span> <span class='ocrx_word' id='word_1_41' title='bbox 872 547 925 570; x_wconf 86' lang='lat' dir='ltr'>eo</span> <span class='ocrx_word' id='word_1_42' title='bbox 959 533 1211 569; x_wconf 87' lang='lat' dir='ltr'>decursum</span> <span class='ocrx_word' id='word_1_43' title='bbox 1243 540 1336 578; x_wconf 87' lang='lat' dir='ltr'>est,</span> <span class='ocrx_word' id='word_1_44' title='bbox 1377 541 1425 570; x_wconf 89' lang='lat' dir='ltr'>ut</span> <span class='ocrx_word' id='word_1_45' title='bbox 1454 547 1536 583; x_wconf 89' lang='lat' dir='ltr'>po-</span> 
     </span>
     <span class='ocr_line' id='line_1_7' title="bbox 119 603 1535 654; baseline -0.001 -12"><span class='ocrx_word' id='word_1_46' title='bbox 119 606 258 654; x_wconf 87' lang='lat' dir='ltr'>pulus</span> <span class='ocrx_word' id='word_1_47' title='bbox 288 603 572 653; x_wconf 75' lang='lat' dir='ltr'>proconsuli</span> <span class='ocrx_word' id='word_1_48' title='bbox 602 604 810 640; x_wconf 84' lang='lat' dir='ltr'>creando</span> <span class='ocrx_word' id='word_1_49' title='bbox 842 603 1199 652; x_wconf 87' lang='lat' dir='ltr'>inIIispaniam</span> <span class='ocrx_word' id='word_1_50' title='bbox 1230 604 1427 640; x_wconf 90' lang='lat' dir='ltr'>comitia</span> <span class='ocrx_word' id='word_1_51' title='bbox 1456 606 1535 642; x_wconf 85' lang='lat' dir='ltr'>ha—</span> 
     </span>
     <span class='ocr_line' id='line_1_8' title="bbox 120 673 1535 722; baseline 0.001 -11"><span class='ocrx_word' id='word_1_52' title='bbox 120 677 266 712; x_wconf 85' lang='lat' dir='ltr'>beret.</span> <span class='ocrx_word' id='word_1_53' title='bbox 336 675 501 710; x_wconf 82' lang='lat' dir='ltr'>Prorsus</span> <span class='ocrx_word' id='word_1_54' title='bbox 532 673 742 710; x_wconf 79' lang='lat' dir='ltr'>inauditum</span> <span class='ocrx_word' id='word_1_55' title='bbox 775 680 852 719; x_wconf 81' lang='lat' dir='ltr'>est,</span> <span class='ocrx_word' id='word_1_56' title='bbox 898 673 1084 722; x_wconf 89' lang='lat' dir='ltr'>populum</span> <span class='ocrx_word' id='word_1_57' title='bbox 1116 674 1270 710; x_wconf 84' lang='lat' dir='ltr'>comitia</span> <span class='ocrx_word' id='word_1_58' title='bbox 1297 674 1440 711; x_wconf 86' lang='lat' dir='ltr'>habere</span> <span class='ocrx_word' id='word_1_59' title='bbox 1469 685 1535 714; x_wconf 87' lang='lat' dir='ltr'>aut</span> 
     </span>
     <span class='ocr_line' id='line_1_9' title="bbox 117 743 1532 793; baseline 0.001 -12"><span class='ocrx_word' id='word_1_60' title='bbox 117 757 350 793; x_wconf 85' lang='lat' dir='ltr'>quemquam</span> <span class='ocrx_word' id='word_1_61' title='bbox 390 743 462 779; x_wconf 87' lang='lat' dir='ltr'>nisi</span> <span class='ocrx_word' id='word_1_62' title='bbox 497 756 581 779; x_wconf 85' lang='lat' dir='ltr'>cum</span> <span class='ocrx_word' id='word_1_63' title='bbox 624 743 912 791; x_wconf 72' lang='lat' dir='ltr'>magistratum,</span> <span class='ocrx_word' id='word_1_64' title='bbox 959 744 1025 792; x_wconf 85' lang='lat' dir='ltr'>qui</span> <span class='ocrx_word' id='word_1_65' title='bbox 1060 744 1244 793; x_wconf 86' lang='lat' dir='ltr'>populum</span> <span class='ocrx_word' id='word_1_66' title='bbox 1277 751 1532 783; x_wconf 81' lang='lat' dir='ltr'>convocatum</span> 
     </span>
     <span class='ocr_line' id='line_1_10' title="bbox 119 813 1532 863; baseline 0.001 -12"><span class='ocrx_word' id='word_1_67' title='bbox 119 822 244 863; x_wconf 86' lang='lat' dir='ltr'>roget;</span> <span class='ocrx_word' id='word_1_68' title='bbox 274 814 379 850; x_wconf 84' lang='lat' dir='ltr'>nulla</span> <span class='ocrx_word' id='word_1_69' title='bbox 409 813 566 849; x_wconf 86' lang='lat' dir='ltr'>minima</span> <span class='ocrx_word' id='word_1_70' title='bbox 597 819 663 849; x_wconf 83' lang='lat' dir='ltr'>aut</span> <span class='ocrx_word' id='word_1_71' title='bbox 694 814 731 850; x_wconf 91' lang='lat' dir='ltr'>in</span> <span class='ocrx_word' id='word_1_72' title='bbox 763 814 836 850; x_wconf 84' lang='lat' dir='ltr'>hac</span> <span class='ocrx_word' id='word_1_73' title='bbox 867 820 931 850; x_wconf 85' lang='lat' dir='ltr'>aut</span> <span class='ocrx_word' id='word_1_74' title='bbox 963 814 1000 851; x_wconf 91' lang='lat' dir='ltr'>in</span> <span class='ocrx_word' id='word_1_75' title='bbox 1034 821 1200 863; x_wconf 88' lang='lat' dir='ltr'>cognata</span> <span class='ocrx_word' id='word_1_76' title='bbox 1228 815 1447 852; x_wconf 87' lang='lat' dir='ltr'>contionem</span> <span class='ocrx_word' id='word_1_77' title='bbox 1465 817 1532 853; x_wconf 83' lang='lat' dir='ltr'>ha-</span> 
     </span>
     <span class='ocr_line' id='line_1_11' title="bbox 120 883 1533 933; baseline 0.001 -13"><span class='ocrx_word' id='word_1_78' title='bbox 120 884 232 920; x_wconf 85' lang='lat' dir='ltr'>bendi</span> <span class='ocrx_word' id='word_1_79' title='bbox 264 883 520 933; x_wconf 82' lang='lat' dir='ltr'>appellatione</span> <span class='ocrx_word' id='word_1_80' title='bbox 551 883 808 920; x_wconf 85' lang='lat' dir='ltr'>inconstantia</span> <span class='ocrx_word' id='word_1_81' title='bbox 835 889 904 922; x_wconf 81' lang='lat' dir='ltr'>est.</span> <span class='ocrx_word' id='word_1_82' title='bbox 973 884 1113 933; x_wconf 83' lang='lat' dir='ltr'>Populi</span> <span class='ocrx_word' id='word_1_83' title='bbox 1144 897 1282 921; x_wconf 88' lang='lat' dir='ltr'>nomen</span> <span class='ocrx_word' id='word_1_84' title='bbox 1304 891 1428 922; x_wconf 86' lang='lat' dir='ltr'>ortum</span> <span class='ocrx_word' id='word_1_85' title='bbox 1450 898 1533 923; x_wconf 85' lang='lat' dir='ltr'>esse</span> 
     </span>
     <span class='ocr_line' id='line_1_12' title="bbox 119 954 1534 1005; baseline 0.002 -15"><span class='ocrx_word' id='word_1_86' title='bbox 119 962 212 1005; x_wconf 73' lang='lat' dir='ltr'>puto</span> <span class='ocrx_word' id='word_1_87' title='bbox 243 967 290 991; x_wconf 86' lang='lat' dir='ltr'>ex</span> <span class='ocrx_word' id='word_1_88' title='bbox 319 967 403 1003; x_wconf 89' lang='lat' dir='ltr'>pro</span> <span class='ocrx_word' id='word_1_89' title='bbox 434 961 468 990; x_wconf 82' lang='lat' dir='ltr'>ct</span> <span class='ocrx_word' id='word_1_90' title='bbox 501 955 549 990; x_wconf 87' lang='lat' dir='ltr'>ad</span> <span class='ocrx_word' id='word_1_91' title='bbox 580 955 618 990; x_wconf 90' lang='lat' dir='ltr'>id</span> <span class='ocrx_word' id='word_1_92' title='bbox 648 954 982 991; x_wconf 83' lang='lat' dir='ltr'>accommodat-um</span> <span class='ocrx_word' id='word_1_93' title='bbox 1013 954 1241 999; x_wconf 84' lang='lat' dir='ltr'>haberet,</span> <span class='ocrx_word' id='word_1_94' title='bbox 1284 968 1399 1003; x_wconf 83' lang='lat' dir='ltr'>quum</span> <span class='ocrx_word' id='word_1_95' title='bbox 1432 963 1534 993; x_wconf 87' lang='lat' dir='ltr'>recte</span> 
     </span>
     <span class='ocr_line' id='line_1_13' title="bbox 117 1023 1533 1074; baseline 0 -14"><span class='ocrx_word' id='word_1_96' title='bbox 117 1025 300 1074; x_wconf 83' lang='lat' dir='ltr'>scriptum</span> <span class='ocrx_word' id='word_1_97' title='bbox 335 1023 485 1060; x_wconf 84' lang='lat' dir='ltr'>fuisset:</span> <span class='ocrx_word' id='word_1_98' title='bbox 525 1053 560 1062; x_wconf 85' lang='lat'>..</span> <span class='ocrx_word' id='word_1_99' title='bbox 599 1031 647 1060; x_wconf 88' lang='lat' dir='ltr'>ut</span> <span class='ocrx_word' id='word_1_100' title='bbox 676 1023 963 1073; x_wconf 79' lang='lat' dir='ltr'>proconsuli</span> <span class='ocrx_word' id='word_1_101' title='bbox 995 1023 1212 1059; x_wconf 85' lang='lat' dir='ltr'>creando</span> <span class='ocrx_word' id='word_1_102' title='bbox 1257 1054 1293 1062; x_wconf 87' lang='lat'>..</span> <span class='ocrx_word' id='word_1_103' title='bbox 1332 1025 1533 1062; x_wconf 90' lang='lat' dir='ltr'>comitia</span> 
     </span>
     <span class='ocr_line' id='line_1_14' title="bbox 118 1093 1532 1142; baseline 0 -10"><span class='ocrx_word' id='word_1_104' title='bbox 118 1096 430 1132; x_wconf 80' lang='lat' dir='ltr'>haberentur.</span> <span class='ocrx_word' id='word_1_105' title='bbox 556 1093 704 1131; x_wconf 88' lang='lat' dir='ltr'>Eodem</span> <span class='ocrx_word' id='word_1_106' title='bbox 759 1093 885 1142; x_wconf 90' lang='lat' dir='ltr'>capite</span> <span class='ocrx_word' id='word_1_107' title='bbox 934 1096 952 1138; x_wconf 68' lang='grc' dir='ltr'>ξ</span> <span class='ocrx_word' id='word_1_108' title='bbox 1004 1095 1050 1129; x_wconf 84' lang='grc'>10</span> <span class='ocrx_word' id='word_1_109' title='bbox 1097 1093 1143 1129; x_wconf 87' lang='lat' dir='ltr'>de</span> <span class='ocrx_word' id='word_1_110' title='bbox 1199 1094 1414 1132; x_wconf 85' lang='lat' dir='ltr'>animorum</span> <span class='ocrx_word' id='word_1_111' title='bbox 1463 1096 1532 1132; x_wconf 72' lang='lat' dir='ltr'>lia-</span> 
     </span>
     <span class='ocr_line' id='line_1_15' title="bbox 119 1163 1533 1214; baseline -0.001 -12"><span class='ocrx_word' id='word_1_112' title='bbox 119 1166 199 1202; x_wconf 84' lang='lat' dir='ltr'>bitu</span> <span class='ocrx_word' id='word_1_113' title='bbox 227 1171 316 1214; x_wconf 86' lang='lat' dir='ltr'>post</span> <span class='ocrx_word' id='word_1_114' title='bbox 347 1166 394 1202; x_wconf 89' lang='lat' dir='ltr'>P.</span> <span class='ocrx_word' id='word_1_115' title='bbox 427 1165 645 1213; x_wconf 82' lang='lat' dir='ltr'>Scipionem</span> <span class='ocrx_word' id='word_1_116' title='bbox 674 1163 943 1213; x_wconf 79' lang='lat' dir='ltr'>proconsulem</span> <span class='ocrx_word' id='word_1_117' title='bbox 965 1164 1004 1200; x_wconf 90' lang='lat' dir='ltr'>in</span> <span class='ocrx_word' id='word_1_118' title='bbox 1022 1164 1252 1213; x_wconf 79' lang='lat' dir='ltr'>Hispaniam</span> <span class='ocrx_word' id='word_1_119' title='bbox 1285 1170 1454 1201; x_wconf 87' lang='lat' dir='ltr'>creatum</span> <span class='ocrx_word' id='word_1_120' title='bbox 1479 1165 1533 1201; x_wconf 87' lang='lat' dir='ltr'>sic</span> 
     </span>
     <span class='ocr_line' id='line_1_16' title="bbox 115 1233 1532 1282; baseline -0.001 -10"><span class='ocrx_word' id='word_1_121' title='bbox 115 1236 294 1273; x_wconf 83' lang='lat' dir='ltr'>scribitur</span> <span class='ocrx_word' id='word_1_122' title='bbox 322 1236 360 1272; x_wconf 90' lang='lat' dir='ltr'>in</span> <span class='ocrx_word' id='word_1_123' title='bbox 390 1235 604 1272; x_wconf 89' lang='lat' dir='ltr'>codicibus:</span> <span class='ocrx_word' id='word_1_124' title='bbox 646 1233 869 1270; x_wconf 88' lang='lat' dir='ltr'>Ceterum</span> <span class='ocrx_word' id='word_1_125' title='bbox 913 1240 1029 1282; x_wconf 84' lang='lat' dir='ltr'>post</span> <span class='ocrx_word' id='word_1_126' title='bbox 1055 1247 1149 1271; x_wconf 88' lang='lat' dir='ltr'>rem</span> <span class='ocrx_word' id='word_1_127' title='bbox 1181 1240 1340 1271; x_wconf 86' lang='lat' dir='ltr'>actam</span> <span class='ocrx_word' id='word_1_128' title='bbox 1378 1263 1388 1273; x_wconf 87' lang='lat'><strong>.</strong></span> <span class='ocrx_word' id='word_1_129' title='bbox 1409 1264 1444 1273; x_wconf 88' lang='lat'>..</span> <span class='ocrx_word' id='word_1_130' title='bbox 1482 1235 1532 1271; x_wconf 92' lang='lat' dir='ltr'>si-</span> 
     </span>
     <span class='ocr_line' id='line_1_17' title="bbox 118 1304 1532 1353; baseline -0.001 -11"><span class='ocrx_word' id='word_1_131' title='bbox 118 1306 314 1342; x_wconf 88' lang='lat' dir='ltr'>lentium</span> <span class='ocrx_word' id='word_1_132' title='bbox 344 1306 505 1342; x_wconf 86' lang='lat' dir='ltr'>subito</span> <span class='ocrx_word' id='word_1_133' title='bbox 537 1311 689 1341; x_wconf 91' lang='lat' dir='ltr'>ortum</span> <span class='ocrx_word' id='word_1_134' title='bbox 722 1311 765 1340; x_wconf 91' lang='lat' dir='ltr'>et</span> <span class='ocrx_word' id='word_1_135' title='bbox 794 1304 950 1340; x_wconf 85' lang='lat' dir='ltr'>tacita</span> <span class='ocrx_word' id='word_1_136' title='bbox 987 1304 1257 1352; x_wconf 73' lang='lat' dir='ltr'>cogitatio,</span> <span class='ocrx_word' id='word_1_137' title='bbox 1303 1305 1532 1353; x_wconf 82' lang='lat' dir='ltr'>quidnam</span> 
     </span>
     <span class='ocr_line' id='line_1_18' title="bbox 119 1374 1532 1424; baseline 0 -12"><span class='ocrx_word' id='word_1_138' title='bbox 119 1376 334 1424; x_wconf 83' lang='lat' dir='ltr'>egissent</span> <span class='ocrx_word' id='word_1_139' title='bbox 363 1376 474 1412; x_wconf 84' lang='lat' dir='ltr'>novi</span> <span class='ocrx_word' id='word_1_140' title='bbox 501 1375 641 1412; x_wconf 86' lang='lat' dir='ltr'>favor</span> <span class='ocrx_word' id='word_1_141' title='bbox 670 1374 780 1423; x_wconf 87' lang='lat' dir='ltr'>plus</span> <span class='ocrx_word' id='word_1_142' title='bbox 810 1374 1059 1410; x_wconf 84' lang='lat' dir='ltr'>valuisset</span> <span class='ocrx_word' id='word_1_143' title='bbox 1089 1387 1229 1423; x_wconf 87' lang='lat' dir='ltr'>quam</span> <span class='ocrx_word' id='word_1_144' title='bbox 1259 1374 1403 1410; x_wconf 87' lang='lat' dir='ltr'>ratio.</span> <span class='ocrx_word' id='word_1_145' title='bbox 1446 1375 1532 1412; x_wconf 89' lang='lat' dir='ltr'>Pri-</span> 
     </span>
     <span class='ocr_line' id='line_1_19' title="bbox 113 1444 1534 1494; baseline 0 -12"><span class='ocrx_word' id='word_1_146' title='bbox 113 1459 216 1482; x_wconf 91' lang='lat' dir='ltr'>mum</span> <span class='ocrx_word' id='word_1_147' title='bbox 251 1447 327 1494; x_wconf 93' lang='lat' dir='ltr'>qui,</span> <span class='ocrx_word' id='word_1_148' title='bbox 357 1460 404 1483; x_wconf 89' lang='lat' dir='ltr'>ue</span> <span class='ocrx_word' id='word_1_149' title='bbox 434 1445 656 1489; x_wconf 83' lang='lat' dir='ltr'>erraverint,</span> <span class='ocrx_word' id='word_1_150' title='bbox 687 1444 833 1489; x_wconf 81' lang='lat' dir='ltr'>timent,</span> <span class='ocrx_word' id='word_1_151' title='bbox 866 1457 958 1491; x_wconf 87' lang='lat' dir='ltr'>non,</span> <span class='ocrx_word' id='word_1_152' title='bbox 989 1444 1082 1492; x_wconf 91' lang='lat' dir='ltr'>quid</span> <span class='ocrx_word' id='word_1_153' title='bbox 1108 1445 1199 1480; x_wconf 88' lang='lat' dir='ltr'>novi</span> <span class='ocrx_word' id='word_1_154' title='bbox 1229 1445 1387 1493; x_wconf 84' lang='lat' dir='ltr'>egerint,</span> <span class='ocrx_word' id='word_1_155' title='bbox 1418 1445 1534 1482; x_wconf 86' lang='lat' dir='ltr'>inter-</span> 
     </span>
     <span class='ocr_line' id='line_1_20' title="bbox 113 1514 1534 1564; baseline 0.001 -12"><span class='ocrx_word' id='word_1_156' title='bbox 113 1522 264 1564; x_wconf 79' lang='lat' dir='ltr'>rogant,</span> <span class='ocrx_word' id='word_1_157' title='bbox 294 1517 361 1553; x_wconf 89' lang='lat' dir='ltr'>sed</span> <span class='ocrx_word' id='word_1_158' title='bbox 395 1516 485 1564; x_wconf 90' lang='lat' dir='ltr'>quid</span> <span class='ocrx_word' id='word_1_159' title='bbox 516 1515 662 1564; x_wconf 82' lang='lat' dir='ltr'>egerint</span> <span class='ocrx_word' id='word_1_160' title='bbox 692 1514 814 1560; x_wconf 84' lang='lat' dir='ltr'>(Was</span> <span class='ocrx_word' id='word_1_161' title='bbox 844 1515 975 1551; x_wconf 89' lang='lat' dir='ltr'>haben</span> <span class='ocrx_word' id='word_1_162' title='bbox 1006 1515 1078 1551; x_wconf 81' lang='lat' dir='ltr'>wir</span> <span class='ocrx_word' id='word_1_163' title='bbox 1107 1514 1207 1551; x_wconf 81' lang='lat' dir='ltr'>denn</span> <span class='ocrx_word' id='word_1_164' title='bbox 1237 1516 1437 1564; x_wconf 73' lang='lat' dir='ltr'>getl1an?›;</span> <span class='ocrx_word' id='word_1_165' title='bbox 1469 1516 1534 1553; x_wconf 86' lang='lat' dir='ltr'>de·</span> 
     </span>
     <span class='ocr_line' id='line_1_21' title="bbox 114 1584 1533 1635; baseline 0.001 -13"><span class='ocrx_word' id='word_1_166' title='bbox 114 1586 201 1623; x_wconf 91' lang='lat' dir='ltr'>inde</span> <span class='ocrx_word' id='word_1_167' title='bbox 245 1587 282 1622; x_wconf 89' lang='lat' dir='ltr'>in</span> <span class='ocrx_word' id='word_1_168' title='bbox 325 1587 446 1623; x_wconf 85' lang='lat' dir='ltr'>altera</span> <span class='ocrx_word' id='word_1_169' title='bbox 488 1586 693 1635; x_wconf 84' lang='lat' dir='ltr'>negatione</span> <span class='ocrx_word' id='word_1_170' title='bbox 728 1597 853 1632; x_wconf 90' lang='lat' dir='ltr'>neque</span> <span class='ocrx_word' id='word_1_171' title='bbox 892 1597 998 1621; x_wconf 87' lang='lat' dir='ltr'>num</span> <span class='ocrx_word' id='word_1_172' title='bbox 1037 1584 1127 1633; x_wconf 86' lang='lat' dir='ltr'>poni</span> <span class='ocrx_word' id='word_1_173' title='bbox 1158 1590 1304 1633; x_wconf 88' lang='lat' dir='ltr'>potest,</span> <span class='ocrx_word' id='word_1_174' title='bbox 1352 1587 1533 1634; x_wconf 89' lang='lat' dir='ltr'>quoniam</span> 
     </span>
     <span class='ocr_line' id='line_1_22' title="bbox 115 1656 1534 1706; baseline 0.001 -14"><span class='ocrx_word' id='word_1_175' title='bbox 115 1656 288 1693; x_wconf 88' lang='lat' dir='ltr'>homines</span> <span class='ocrx_word' id='word_1_176' title='bbox 325 1657 567 1706; x_wconf 84' lang='lat' dir='ltr'>suspicantur</span> <span class='ocrx_word' id='word_1_177' title='bbox 608 1656 663 1692; x_wconf 87' lang='lat' dir='ltr'>ita</span> <span class='ocrx_word' id='word_1_178' title='bbox 703 1667 808 1700; x_wconf 83' lang='lat' dir='ltr'>esse,</span> <span class='ocrx_word' id='word_1_179' title='bbox 849 1667 974 1703; x_wconf 91' lang='lat' dir='ltr'>neque</span> <span class='ocrx_word' id='word_1_180' title='bbox 1009 1667 1187 1696; x_wconf 82' lang='lat' dir='ltr'>annon,</span> <span class='ocrx_word' id='word_1_181' title='bbox 1239 1656 1342 1703; x_wconf 88' lang='lat' dir='ltr'>quod</span> <span class='ocrx_word' id='word_1_182' title='bbox 1375 1657 1534 1705; x_wconf 86' lang='lat' dir='ltr'>antiquo</span> 
     </span>
     <span class='ocr_line' id='line_1_23' title="bbox 116 1724 1534 1775; baseline 0.004 -16"><span class='ocrx_word' id='word_1_183' title='bbox 116 1724 295 1773; x_wconf 89' lang='lat' dir='ltr'>loquendi</span> <span class='ocrx_word' id='word_1_184' title='bbox 335 1738 405 1763; x_wconf 90' lang='lat' dir='ltr'>usu</span> <span class='ocrx_word' id='word_1_185' title='bbox 434 1739 630 1774; x_wconf 88' lang='lat' dir='ltr'>nunquam</span> <span class='ocrx_word' id='word_1_186' title='bbox 668 1725 1011 1775; x_wconf 84' lang='lat' dir='ltr'>(quemadmodum</span> <span class='ocrx_word' id='word_1_187' title='bbox 1046 1726 1119 1773; x_wconf 89' lang='lat' dir='ltr'>an)</span> <span class='ocrx_word' id='word_1_188' title='bbox 1159 1726 1197 1761; x_wconf 89' lang='lat' dir='ltr'>in</span> <span class='ocrx_word' id='word_1_189' title='bbox 1234 1725 1534 1774; x_wconf 82' lang='lat' dir='ltr'>interrogatione</span> 
     </span>
     <span class='ocr_line' id='line_1_24' title="bbox 115 1794 1533 1845; baseline 0.004 -17"><span class='ocrx_word' id='word_1_190' title='bbox 115 1794 374 1842; x_wconf 84' lang='lat' dir='ltr'>superioribus</span> <span class='ocrx_word' id='word_1_191' title='bbox 405 1796 644 1832; x_wconf 88' lang='lat' dir='ltr'>adnectenda</span> <span class='ocrx_word' id='word_1_192' title='bbox 673 1795 849 1845; x_wconf 87' lang='lat' dir='ltr'>ponitur;</span> <span class='ocrx_word' id='word_1_193' title='bbox 880 1795 950 1832; x_wconf 89' lang='lat' dir='ltr'>etsi</span> <span class='ocrx_word' id='word_1_194' title='bbox 981 1808 1029 1831; x_wconf 91' lang='lat' dir='ltr'>ne</span> <span class='ocrx_word' id='word_1_195' title='bbox 1060 1808 1117 1831; x_wconf 89' lang='lat' dir='ltr'>an</span> <span class='ocrx_word' id='word_1_196' title='bbox 1151 1795 1304 1843; x_wconf 88' lang='lat' dir='ltr'>quidem</span> <span class='ocrx_word' id='word_1_197' title='bbox 1335 1797 1371 1832; x_wconf 88' lang='lat' dir='ltr'>h.</span> <span class='ocrx_word' id='word_1_198' title='bbox 1390 1796 1413 1832; x_wconf 90' lang='lat' dir='ltr'>l.</span> <span class='ocrx_word' id='word_1_199' title='bbox 1432 1804 1533 1834; x_wconf 87' lang='lat' dir='ltr'>recte</span> 
     </span>
     <span class='ocr_line' id='line_1_25' title="bbox 115 1864 1533 1916; baseline 0.003 -15"><span class='ocrx_word' id='word_1_200' title='bbox 115 1872 330 1912; x_wconf 85' lang='lat' dir='ltr'>poneretur.</span> <span class='ocrx_word' id='word_1_201' title='bbox 377 1866 639 1914; x_wconf 87' lang='lat' dir='ltr'>Relinquitur:</span> <span class='ocrx_word' id='word_1_202' title='bbox 669 1866 829 1903; x_wconf 86' lang='lat' dir='ltr'>tacita</span> <span class='ocrx_word' id='word_1_203' title='bbox 861 1864 1116 1914; x_wconf 78' lang='lat' dir='ltr'>cogitatiO,</span> <span class='ocrx_word' id='word_1_204' title='bbox 1155 1865 1381 1913; x_wconf 85' lang='lat' dir='ltr'>quidnam</span> <span class='ocrx_word' id='word_1_205' title='bbox 1413 1868 1533 1916; x_wconf 88' lang='lat' dir='ltr'>egis-</span> 
     </span>
     <span class='ocr_line' id='line_1_26' title="bbox 115 1935 1532 1985; baseline 0.004 -15"><span class='ocrx_word' id='word_1_206' title='bbox 115 1942 242 1980; x_wconf 85' lang='lat' dir='ltr'>sent-;</span> <span class='ocrx_word' id='word_1_207' title='bbox 264 1949 423 1976; x_wconf 83' lang='lat' dir='ltr'>nonne</span> <span class='ocrx_word' id='word_1_208' title='bbox 452 1935 594 1973; x_wconf 86' lang='lat' dir='ltr'>favor</span> <span class='ocrx_word' id='word_1_209' title='bbox 615 1937 721 1985; x_wconf 90' lang='lat' dir='ltr'>plus</span> <span class='ocrx_word' id='word_1_210' title='bbox 743 1935 993 1972; x_wconf 85' lang='lat' dir='ltr'>valuisset</span> <span class='ocrx_word' id='word_1_211' title='bbox 1027 1946 1166 1982; x_wconf 89' lang='lat' dir='ltr'>quam</span> <span class='ocrx_word' id='word_1_212' title='bbox 1198 1936 1346 1981; x_wconf 85' lang='lat' dir='ltr'>rati0;</span> <span class='ocrx_word' id='word_1_213' title='bbox 1379 1938 1443 1984; x_wconf 85' lang='lat' dir='ltr'>(ex</span> <span class='ocrx_word' id='word_1_214' title='bbox 1460 1938 1532 1975; x_wconf 85' lang='lat' dir='ltr'>hac</span> 
     </span>
     <span class='ocr_line' id='line_1_27' title="bbox 115 2003 1533 2055; baseline 0.003 -13"><span class='ocrx_word' id='word_1_215' title='bbox 115 2012 220 2042; x_wconf 84' lang='lat' dir='ltr'>recta</span> <span class='ocrx_word' id='word_1_216' title='bbox 235 2006 495 2055; x_wconf 87' lang='lat' dir='ltr'>interrogandi</span> <span class='ocrx_word' id='word_1_217' title='bbox 511 2006 654 2043; x_wconf 87' lang='lat' dir='ltr'>forma:</span> <span class='ocrx_word' id='word_1_218' title='bbox 677 2005 873 2054; x_wconf 87' lang='lat' dir='ltr'>Quidnam</span> <span class='ocrx_word' id='word_1_219' title='bbox 894 2003 1070 2052; x_wconf 86' lang='lat' dir='ltr'>egimus?</span> <span class='ocrx_word' id='word_1_220' title='bbox 1100 2004 1240 2041; x_wconf 82' lang='lat' dir='ltr'>Nonne</span> <span class='ocrx_word' id='word_1_221' title='bbox 1265 2035 1274 2044; x_wconf 91' lang='lat'><strong>.</strong></span> <span class='ocrx_word' id='word_1_222' title='bbox 1292 2035 1303 2044; x_wconf 86' lang='lat'><strong>.</strong></span> <span class='ocrx_word' id='word_1_223' title='bbox 1323 2037 1330 2043; x_wconf 94' lang='lat'><strong>.</strong></span> <span class='ocrx_word' id='word_1_224' title='bbox 1356 2007 1477 2043; x_wconf 83' lang='lat' dir='ltr'>valuit</span> <span class='ocrx_word' id='word_1_225' title='bbox 1487 2007 1533 2052; x_wconf 85' lang='lat'>?).</span> 
     </span>
    </p>

    <p class='ocr_par' dir='ltr' id='par_1_4' title="bbox 116 2073 1532 2685">
     <span class='ocr_line' id='line_1_28' title="bbox 226 2073 1532 2125; baseline 0.003 -14"><span class='ocrx_word' id='word_1_226' title='bbox 226 2075 320 2125; x_wconf 88' lang='lat' dir='ltr'>Cap.</span> <span class='ocrx_word' id='word_1_227' title='bbox 356 2077 426 2121; x_wconf 79' lang='lat'>22,</span> <span class='ocrx_word' id='word_1_228' title='bbox 459 2080 477 2113; x_wconf 88' lang='grc'><strong>7</strong></span> <span class='ocrx_word' id='word_1_229' title='bbox 514 2077 566 2120; x_wconf 90' lang='lat' dir='ltr'>(in</span> <span class='ocrx_word' id='word_1_230' title='bbox 597 2077 646 2114; x_wconf 89' lang='lat' dir='ltr'>T.</span> <span class='ocrx_word' id='word_1_231' title='bbox 687 2075 823 2113; x_wconf 90' lang='lat' dir='ltr'>Manlii</span> <span class='ocrx_word' id='word_1_232' title='bbox 855 2073 1097 2111; x_wconf 86' lang='lat' dir='ltr'>consulatum</span> <span class='ocrx_word' id='word_1_233' title='bbox 1138 2076 1349 2112; x_wconf 85' lang='lat' dir='ltr'>recusantis</span> <span class='ocrx_word' id='word_1_234' title='bbox 1380 2077 1430 2113; x_wconf 86' lang='lat' dir='ltr'>ad</span> <span class='ocrx_word' id='word_1_235' title='bbox 1461 2077 1532 2115; x_wconf 91' lang='lat' dir='ltr'>Cn.</span> 
     </span>
     <span class='ocr_line' id='line_1_29' title="bbox 117 2144 1530 2194; baseline 0.001 -13"><span class='ocrx_word' id='word_1_236' title='bbox 117 2145 308 2190; x_wconf 85' lang='lat' dir='ltr'>Fulvium,</span> <span class='ocrx_word' id='word_1_237' title='bbox 339 2146 405 2194; x_wconf 89' lang='lat' dir='ltr'>qui</span> <span class='ocrx_word' id='word_1_238' title='bbox 439 2146 594 2182; x_wconf 89' lang='lat' dir='ltr'>comitia</span> <span class='ocrx_word' id='word_1_239' title='bbox 623 2147 804 2186; x_wconf 80' lang='lat' dir='ltr'>habebat,</span> <span class='ocrx_word' id='word_1_240' title='bbox 836 2144 1051 2191; x_wconf 83' lang='lat' dir='ltr'>oratione):</span> <span class='ocrx_word' id='word_1_241' title='bbox 1082 2145 1306 2193; x_wconf 83' lang='lat' dir='ltr'>proinde,</span> <span class='ocrx_word' id='word_1_242' title='bbox 1337 2146 1376 2182; x_wconf 91' lang='lat' dir='ltr'>si</span> <span class='ocrx_word' id='word_1_243' title='bbox 1403 2146 1530 2183; x_wconf 87' lang='lat' dir='ltr'>vide-</span> 
     </span>
     <span class='ocr_line' id='line_1_30' title="bbox 116 2215 1530 2263; baseline 0.002 -12"><span class='ocrx_word' id='word_1_244' title='bbox 116 2222 272 2259; x_wconf 87' lang='lat' dir='ltr'>retur,</span> <span class='ocrx_word' id='word_1_245' title='bbox 304 2222 348 2251; x_wconf 89' lang='lat' dir='ltr'>et</span> <span class='ocrx_word' id='word_1_246' title='bbox 388 2215 546 2252; x_wconf 85' lang='lat' dir='ltr'>redire</span> <span class='ocrx_word' id='word_1_247' title='bbox 584 2215 628 2251; x_wconf 92' lang='lat' dir='ltr'>in</span> <span class='ocrx_word' id='word_1_248' title='bbox 669 2215 965 2263; x_wconf 69' lang='lat' dir='ltr'>suffragium</span> <span class='ocrx_word' id='word_1_249' title='bbox 1003 2215 1257 2252; x_wconf 81' lang='lat' dir='ltr'>Veturiam</span> <span class='ocrx_word' id='word_1_250' title='bbox 1288 2215 1530 2254; x_wconf 89' lang='lat' dir='ltr'>iuniorum</span> 
     </span>
     <span class='ocr_line' id='line_1_31' title="bbox 117 2285 1531 2331; baseline 0.001 -9"><span class='ocrx_word' id='word_1_251' title='bbox 117 2285 305 2322; x_wconf 84' lang='lat' dir='ltr'>iuberet</span> <span class='ocrx_word' id='word_1_252' title='bbox 335 2291 378 2322; x_wconf 89' lang='lat' dir='ltr'>et</span> <span class='ocrx_word' id='word_1_253' title='bbox 406 2285 706 2322; x_wconf 87' lang='lat' dir='ltr'>meminisset</span> <span class='ocrx_word' id='word_1_254' title='bbox 742 2286 788 2322; x_wconf 89' lang='lat' dir='ltr'>in</span> <span class='ocrx_word' id='word_1_255' title='bbox 826 2285 1112 2321; x_wconf 86' lang='lat' dir='ltr'>consulibus</span> <span class='ocrx_word' id='word_1_256' title='bbox 1143 2286 1372 2322; x_wconf 87' lang='lat' dir='ltr'>creandis</span> <span class='ocrx_word' id='word_1_257' title='bbox 1402 2287 1531 2331; x_wconf 89' lang='lat' dir='ltr'>belli,</span> 
     </span>
     <span class='ocr_line' id='line_1_32' title="bbox 117 2352 1531 2403; baseline 0.002 -12"><span class='ocrx_word' id='word_1_258' title='bbox 117 2356 244 2403; x_wconf 90' lang='lat' dir='ltr'>quod</span> <span class='ocrx_word' id='word_1_259' title='bbox 274 2356 321 2392; x_wconf 93' lang='lat' dir='ltr'>in</span> <span class='ocrx_word' id='word_1_260' title='bbox 351 2356 501 2392; x_wconf 87' lang='lat' dir='ltr'>Italia</span> <span class='ocrx_word' id='word_1_261' title='bbox 542 2356 603 2392; x_wconf 90' lang='lat' dir='ltr'>sit</span> <span class='ocrx_word' id='word_1_262' title='bbox 647 2363 716 2392; x_wconf 89' lang='lat' dir='ltr'>cet.</span> <span class='ocrx_word' id='word_1_263' title='bbox 787 2355 878 2392; x_wconf 81' lang='lat' dir='ltr'>Non</span> <span class='ocrx_word' id='word_1_264' title='bbox 927 2352 998 2392; x_wconf 85' lang='lat' dir='ltr'>Cn.</span> <span class='ocrx_word' id='word_1_265' title='bbox 1030 2354 1191 2391; x_wconf 88' lang='lat' dir='ltr'>Fulvius</span> <span class='ocrx_word' id='word_1_266' title='bbox 1231 2356 1449 2394; x_wconf 88' lang='lat' dir='ltr'>meminisse</span> <span class='ocrx_word' id='word_1_267' title='bbox 1494 2358 1531 2394; x_wconf 91' lang='lat' dir='ltr'>id</span> 
     </span>
     <span class='ocr_line' id='line_1_33' title="bbox 117 2424 1532 2474; baseline 0.003 -14"><span class='ocrx_word' id='word_1_268' title='bbox 117 2424 294 2470; x_wconf 72' lang='lat' dir='ltr'>debebat,</span> <span class='ocrx_word' id='word_1_269' title='bbox 323 2426 390 2462; x_wconf 89' lang='lat' dir='ltr'>sed</span> <span class='ocrx_word' id='word_1_270' title='bbox 423 2426 486 2474; x_wconf 90' lang='lat' dir='ltr'>qui</span> <span class='ocrx_word' id='word_1_271' title='bbox 516 2425 702 2474; x_wconf 82' lang='lat' dir='ltr'>suffragia</span> <span class='ocrx_word' id='word_1_272' title='bbox 732 2425 926 2467; x_wconf 62' lang='lat' dir='ltr'>ferebam</span> <span class='ocrx_word' id='word_1_273' title='bbox 957 2424 1087 2472; x_wconf 89' lang='lat' dir='ltr'>itaque</span> <span class='ocrx_word' id='word_1_274' title='bbox 1116 2431 1218 2461; x_wconf 88' lang='lat' dir='ltr'>recte</span> <span class='ocrx_word' id='word_1_275' title='bbox 1249 2425 1413 2463; x_wconf 88' lang='lat' dir='ltr'>editores</span> <span class='ocrx_word' id='word_1_276' title='bbox 1444 2434 1532 2464; x_wconf 87' lang='lat' dir='ltr'>ante</span> 
     </span>
     <span class='ocr_line' id='line_1_34' title="bbox 119 2493 1531 2545; baseline 0.003 -15"><span class='ocrx_word' id='word_1_277' title='bbox 119 2494 262 2531; x_wconf 85' lang='lat' dir='ltr'>Aldum</span> <span class='ocrx_word' id='word_1_278' title='bbox 293 2496 568 2532; x_wconf 88' lang='lat' dir='ltr'>meminisse</span> <span class='ocrx_word' id='word_1_279' title='bbox 604 2501 815 2545; x_wconf 86' lang='lat' dir='ltr'>posuerant</span> <span class='ocrx_word' id='word_1_280' title='bbox 854 2493 1029 2541; x_wconf 78' lang='lat' dir='ltr'>(redire.</span> <span class='ocrx_word' id='word_1_281' title='bbox 1068 2524 1103 2532; x_wconf 91' lang='lat'>..</span> <span class='ocrx_word' id='word_1_282' title='bbox 1142 2502 1187 2531; x_wconf 89' lang='lat' dir='ltr'>et</span> <span class='ocrx_word' id='word_1_283' title='bbox 1221 2496 1531 2544; x_wconf 82' lang='lat' dir='ltr'>meminisse);</span> 
     </span>
     <span class='ocr_line' id='line_1_35' title="bbox 118 2563 1530 2604; baseline 0.004 -5"><span class='ocrx_word' id='word_1_284' title='bbox 118 2563 295 2601; x_wconf 86' lang='lat' dir='ltr'>librarius</span> <span class='ocrx_word' id='word_1_285' title='bbox 337 2566 409 2603; x_wconf 92' lang='lat' dir='ltr'>hoc</span> <span class='ocrx_word' id='word_1_286' title='bbox 438 2567 596 2603; x_wconf 84' lang='lat' dir='ltr'>verbum</span> <span class='ocrx_word' id='word_1_287' title='bbox 628 2566 728 2603; x_wconf 91' lang='lat' dir='ltr'>male</span> <span class='ocrx_word' id='word_1_288' title='bbox 767 2565 816 2601; x_wconf 89' lang='lat' dir='ltr'>ad</span> <span class='ocrx_word' id='word_1_289' title='bbox 846 2564 1041 2600; x_wconf 83' lang='lat' dir='ltr'>iuberet</span> <span class='ocrx_word' id='word_1_290' title='bbox 1081 2566 1403 2604; x_wconf 84' lang='lat' dir='ltr'>accommodavit.</span> <span class='ocrx_word' id='word_1_291' title='bbox 1470 2567 1530 2604; x_wconf 90' lang='lat' dir='ltr'>Eo</span> 
     </span>
     <span class='ocr_line' id='line_1_36' title="bbox 120 2634 1532 2685; baseline 0.003 -15"><span class='ocrx_word' id='word_1_292' title='bbox 120 2635 242 2682; x_wconf 76' lang='lat' dir='ltr'>magis</span> <span class='ocrx_word' id='word_1_293' title='bbox 279 2642 463 2684; x_wconf 88' lang='lat' dir='ltr'>apparet,</span> <span class='ocrx_word' id='word_1_294' title='bbox 502 2648 683 2685; x_wconf 81' lang='lat' dir='ltr'>perverse</span> <span class='ocrx_word' id='word_1_295' title='bbox 719 2636 801 2672; x_wconf 82' lang='lat' dir='ltr'>haec</span> <span class='ocrx_word' id='word_1_296' title='bbox 840 2642 1026 2683; x_wconf 83' lang='lat' dir='ltr'>tanquam</span> <span class='ocrx_word' id='word_1_297' title='bbox 1059 2634 1136 2669; x_wconf 88' lang='lat' dir='ltr'>duo</span> <span class='ocrx_word' id='word_1_298' title='bbox 1172 2634 1269 2671; x_wconf 89' lang='lat' dir='ltr'>inter</span> <span class='ocrx_word' id='word_1_299' title='bbox 1296 2648 1337 2673; x_wconf 90' lang='lat' dir='ltr'>se</span> <span class='ocrx_word' id='word_1_300' title='bbox 1367 2637 1532 2685; x_wconf 66' lang='lat' dir='ltr'>aequalia</span> 
     </span>
    </p>
   </div>
   <div class='ocr_carea' id='block_1_3' title="bbox 1197 2718 1264 2750">
    <p class='ocr_par' dir='ltr' id='par_1_5' title="bbox 1197 2718 1264 2750">
     <span class='ocr_line' id='line_1_37' title="bbox 1197 2718 1264 2750; baseline 0.03 -2"><span class='ocrx_word' id='word_1_301' title='bbox 1197 2718 1264 2750; x_wconf 73' lang='lat'>20*</span> 
     </span>
    </p>
   </div>
  </div>
 </body>
</html>
