1811 2925
228 158 301 191 Lib.
317 158 463 190 XXXV.
903 162 923 195 4
938 161 980 196 14

230 282 383 319 Erroris
414 281 559 317 initium
605 279 695 316 oriri
724 281 848 328 potuit
879 287 945 317 aut·
974 293 1021 317 ex
1052 281 1193 317 omisso
1225 281 1268 318 in
1298 288 1387 331 post
1425 297 1458 323 m
1489 290 1554 319 aut
1591 296 1640 319 ex

230 353 348 389 verbo
365 352 512 388 rariore
544 350 611 400 (ac.
622 351 840 398 cierunt).
855 348 885 398 1)

341 421 436 470 Cap.
468 423 532 467 41,
565 423 606 458 3:
637 422 933 467 Decrevere,
965 427 1011 457 ut
1042 421 1331 458 consulibus
1380 424 1431 469 (a.
1469 424 1564 468 191,
1595 424 1641 462 P.

232 493 402 541 Scipioni
433 498 469 529 et
498 489 562 529 Μ’.
595 492 741 540 Acilio)
792 492 945 529 Italia
981 499 1024 528 et
1062 504 1154 540 quo
1185 500 1384 530 senatus
1432 493 1643 530 censuis—

231 570 305 600 set
336 565 400 611 (—
434 564 524 600 iam
556 575 659 599 esse
688 562 862 599 bellum
894 563 1134 599 adversus
1159 564 1452 600 Antiochum
1485 576 1644 612 regem

230 647 393 671 omnes
426 635 648 671 sciebant
681 634 746 679 —-)
778 634 1044 682 provinciae
1087 639 1256 669 esseut.
1318 634 1402 670 Nee
1432 635 1527 671 ordo
1558 647 1644 671 ver-

232 706 367 742 borum
398 706 435 742 in
465 704 685 754 parenthesi
715 709 842 740 rectus
873 709 941 746 651,
971 703 1140 751 pondere
1168 716 1288 751 prave
1312 704 1349 739 in
1379 704 1471 740 iam
1504 705 1644 741 adver-

231 776 334 812 bium
365 776 630 819 incumbente.
672 787 741 810 nec
779 774 981 817 sententia3
1024 774 1191 810 nondum
1238 774 1335 810 enim
1381 781 1464 811 erat
1502 776 1645 812 bellum

233 859 318 882 cum
350 847 557 889 Antiocho.
604 846 670 882 sed
698 845 841 881 instare
869 844 908 880 id
939 845 1168 893 apparebat:
1201 845 1247 881 de
1278 858 1321 881 eo
1355 845 1556 882 indicendo
1588 847 1644 882 la-

231 924 312 954 tum
344 918 391 954 ad
422 917 605 966 populum
641 928 743 961 6556,
787 915 954 964 proximi
985 915 1136 952 demum
1166 916 1252 952 libri
1283 929 1368 965 cap.
1405 919 1419 953 1
1453 922 1644 954 narratur.

235 985 394 1034 Scripsit
421 986 571 1023 Livius:
603 999 700 1026 eam
731 998 836 1022 esse
870 985 1051 1022 bellum
1083 986 1183 1025 adv,
1221 987 1328 1023 Ant.
1359 1000 1453 1036 reg.
1485 998 1645 1024 omnes

235 1056 472 1095 sciebant.
532 1056 675 1093 Omnes
708 1057 896 1101 sciebant..
943 1069 1026 1104 quae
1057 1057 1244 1106 ambiguis
1273 1058 1346 1093 illis
1376 1058 1521 1094 verbis:
1553 1071 1644 1106 quo

235 1139 327 1166 sen.
378 1127 649 1163 censuisset
692 1134 874 1174 tanquam
926 1127 1070 1163 incerta
1109 1128 1388 1175 significaretur
1426 1129 1645 1177 provincia.

234 1198 377 1234 nullam
416 1197 530 1233 aliam
562 1209 644 1233 esse
692 1197 764 1232 nisi
805 1198 943 1233 bellum
989 1210 1073 1233 cum
1103 1197 1311 1234 Antiocho.
1388 1199 1513 1236 Paulo
1558 1206 1647 1249 post

238 1269 271 1315 (ξ
306 1269 344 1314 6)
377 1268 547 1304 notanda
581 1268 729 1312 saltem,
760 1267 791 1303 si
823 1268 935 1304 Livio
965 1267 1227 1316 imputabitur,
1256 1268 1460 1306 insolentia
1490 1277 1526 1307 et
1556 1284 1644 1319 pra-

237 1339 336 1375 vitas
368 1339 515 1375 dicendi
559 1339 596 1374 in
626 1339 699 1374 hac
729 1339 936 1387 scriptura:
979 1339 1097 1375 Item
1142 1338 1197 1374 (le
1234 1339 1503 1387 provinciis
1533 1355 1645 1390 prae-

236 1416 391 1446 torum
423 1410 664 1445 decretum
696 1415 794 1453 est,
824 1409 976 1458 prima
1006 1415 1054 1445 ut
1082 1420 1185 1444 sors
1216 1409 1332 1454 duae,
1362 1412 1646 1460 urbanaque

232 1487 276 1517 et
305 1481 435 1517 inter
479 1480 608 1515 cives
641 1492 692 1516 ac
722 1479 1008 1528 peregrinos
1053 1479 1339 1517 iurisdictio
1377 1487 1530 1525 65561,
1563 1494 1643 1518 56-

235 1551 389 1587 cunda
418 1550 612 1592 Bruttii,
643 1550 801 1586 tertia
837 1549 1040 1589 classis.
1085 1555 1154 1588 cet..
1231 1551 1330 1587 Mire
1360 1552 1459 1588 enim
1508 1553 1645 1589 dicitur

232 1622 385 1670 prima
429 1634 535 1657 sors
575 1622 672 1658 duae
704 1633 807 1657 esse
849 1624 954 1669 (pi-o:
994 1620 1207 1668 composita
1236 1634 1284 1657 ex
1313 1621 1462 1659 duabus
1493 1622 1644 1674 rebus).

233 1698 413 1741 sequente
443 1693 653 1740 praesertim
693 1692 931 1736 secunda.
974 1703 1057 1738 quae
1086 1691 1159 1727 isto
1190 1691 1304 1727 modo
1334 1694 1447 1729 tertia
1477 1706 1559 1730 esse
1589 1695 1645 1730 vi-

232 1765 352 1800 detur.
410 1764 572 1809 Vereor,
585 1777 631 1800 ne
650 1763 782 1799 Livius
816 1762 1025 1811 scripserit:
1056 1761 1215 1809 prima
1247 1768 1297 1798 ut
1326 1774 1430 1798 sors
1454 1763 1645 1812 dupleX,

233 1836 518 1882 urbanaque
557 1862 594 1872 ..
632 1833 939 1873 iurisdictio,
972 1839 1107 1869 esset.
1188 1833 1350 1869 Poterat
1388 1833 1503 1869 etiam
1544 1834 1645 1869 duae

235 1917 392 1954 prorsus
423 1901 598 1950 omittis-³)

347 1975 441 2024 Cap.
475 1979 539 2022 47,
576 1978 596 2011 6
633 1975 851 2023 (Philippus
883 1974 1038 2022 quidam
1068 1974 1448 2023 Megalopolitanus),
1479 1986 1527 2010 se
1557 1974 1647 2011 ori-

264 2199 295 2242 l)
327 2203 405 2243 Cap.
433 2207 487 2237 35,
516 2207 533 2233 9
561 2213 604 2233 ex
629 2203 665 2233 M
697 2202 775 2242 (etsi
801 2212 861 2243 pro
886 2201 1047 2232 Nabidi
1082 2201 1183 2231 habet
1208 2211 1301 2232 nam
1327 2201 1385 2241 id)
1412 2201 1648 2231 scribendum:

331 2264 487 2295 Nabidi
522 2274 694 2304 quoque
720 2264 820 2306 ipsi3
862 2274 939 2294 nam
983 2272 1145 2303 quoque
1188 2268 1227 2293 ct
1264 2263 1357 2303 ipse
1388 2272 1457 2292 non
1484 2267 1572 2293 recte
1599 2262 1651 2293 di-

333 2326 426 2356 citur.

337 2387 418 2429 Cap.
448 2391 501 2425 42,
529 2392 547 2418 3
577 2388 700 2424 nescio,
726 2386 856 2418 Liviinc
894 2397 986 2418 error
1020 2397 1061 2418 an
1089 2385 1260 2426 scripturae
1287 2385 1445 2415 mendum
1472 2385 1515 2415 sit
1540 2385 1573 2415 in
1599 2385 1650 2416 his

333 2449 462 2480 verbis:
498 2450 546 2479 Et
585 2449 722 2489 primo
749 2459 881 2480 naves
909 2454 1084 2490 apertae,
1111 2457 1216 2488 quas
1243 2457 1330 2477 Cum
1357 2456 1403 2477 eo
1439 2446 1650 2483 (Hannibale

335 2511 541 2550 Antiochus)
584 2513 788 2541 missurus
832 2510 874 2540 in
901 2509 1098 2540 Africam
1132 2507 1293 2540 fuerat.
1332 2512 1501 2538 moratae
1540 2512 1649 2538 suut.

334 2571 420 2602 Nam
449 2576 480 2601 et
505 2572 562 2602 lib.
579 2571 747 2608 XXXIV,
780 2575 821 2602 60
848 2571 1020 2602 Hannibal
1044 2575 1199 2601 narratur
1216 2573 1278 2600 100
1294 2574 1435 2599 tectas
1462 2578 1562 2600 naves
1589 2579 1652 2610 po-

336 2633 481 2664 stulasse
506 2643 565 2664 nec
591 2639 733 2674 poterat.
761 2634 889 2674 opinor.
918 2633 1014 2664 aliter
1043 2633 1229 2663 exercitum
1249 2641 1289 2661 cx
1303 2631 1388 2662 Asia
1407 2628 1652 2670 Carthaginem

336 2696 499 2727 traiicere.
