1811 2925
775 163 852 199 ’295
1259 161 1332 192 Lib.
1358 162 1471 192 XXV.

109 285 352 322 Germanicae
383 283 606 332 praefatione
636 297 672 332 p.
707 284 800 330 xl).
872 284 974 320 Nam
1006 284 1170 333 primum
1215 287 1232 329 ξ
1272 286 1314 320 13
1351 285 1404 330 (in
1434 285 1519 321 red-

110 355 235 392 denda
266 355 378 391 Flavi
409 354 510 402 apud
528 353 748 390 Gracchum
771 355 959 401 oratione)
991 355 1045 391 sic
1074 355 1270 392 scribitur:
1309 361 1519 392 ceterum

109 427 165 462 ab
196 426 301 474 ipso
333 425 556 462 Graccho
587 424 749 460 cadem
788 425 881 462 haec
922 426 1103 462 audire
1135 426 1276 462 malle
1308 437 1387 462 eos
1419 426 1520 470 (Lu-

107 508 290 532 canorum
325 502 507 544 praetorcs
539 494 646 535 dicit)
695 496 1048 544 praesentisque
1086 496 1373 544 contingere
1414 495 1520 531 dex-

107 572 246 610 trani;
294 566 339 602 id
383 565 556 614 pignus
588 564 706 600 fidei
736 577 892 602 secum
925 565 1064 602 ferre.
1141 567 1181 603 Si
1222 567 1295 602 hoc
1338 565 1465 602 ferre
1497 578 1520 602 a

107 636 248 673 malle
305 637 470 685 pendere
528 634 726 677 volumus,
798 637 1014 672 necessario
1077 637 1293 673 addendum
1357 643 1413 673 est
1476 643 1520 673 et

106 708 167 755 (et
211 707 255 743 id
306 704 515 755 pignus):
575 704 744 752 alioquin
793 707 864 742 hoc
923 719 969 742 ex
1027 719 1136 755 aequo
1190 706 1410 754 adiungitur
1457 719 1519 742 su—

105 777 245 826 periori
278 777 493 824 (malunt;
638 786 795 810 secum
839 774 1027 824 ferunt),
1074 777 1154 814 sine
1199 777 1276 814 ulla
1319 777 1518 815 sententia.

105 847 250 883 Verum
296 847 503 895 pcrincptc,
555 845 618 893 qui
662 844 819 881 alicuius
863 846 1037 882 dextram
1082 848 1311 896 attigerunt,
1356 848 1392 884 id
1435 848 1518 897 pig-

105 929 174 953 nus
222 929 376 953 secum
431 916 558 953 ferre
615 915 806 958 dicuntum
872 928 959 952 nam
1014 917 1211 953 nobiscum
1268 918 1423 955 ferimus
1473 932 1518 955 ea

104 988 187 1024 sola
229 988 416 1036 pignora,
472 999 556 1034 quae
611 986 647 1021 in
694 998 847 1022 manum
888 987 988 1022 tradi
1028 995 1200 1035 possunt,
1295 989 1347 1025 Ni
1390 988 1518 1033 fallor,

105 1059 236 1094 Livius
268 1058 493 1106 scripserat:
537 1056 582 1092 id
627 1055 802 1104 pignus
847 1056 966 1092 fidei
997 1068 1155 1093 secum
1187 1058 1303 1098 fore.
1379 1060 1518 1105 (Fere

102 1141 172 1176 pro
195 1127 302 1164 fore
333 1129 365 1164 P
400 1128 561 1172 XXVI,
594 1127 657 1171 32,
693 1128 752 1172 6.)
819 1127 920 1163 'rum
953 1134 1125 1164 extremo
1157 1129 1281 1178 capite
1315 1132 1350 1178 (ξ
1382 1131 1431 1166 25
1471 1151 1512 1155 --

101 1211 189 1235 nam
224 1199 270 1235 de
299 1199 581 1247 praecipitat
619 1198 657 1234 in
688 1200 705 1241 „S
743 1199 786 1232 15
818 1198 1054 1234 restituendo
1097 1199 1177 1235 dixi
1207 1200 1256 1235 ad
1288 1201 1381 1245 VH,
1425 1203 1461 1243 6„
1494 1202 1514 1236 9

100 1282 136 1318 p.
174 1270 246 1305 143
283 1267 374 1316 —)‚
419 1269 482 1305 ubi
532 1268 682 1308 Livius,
728 1268 774 1303 ad
818 1269 931 1304 finem
974 1269 1162 1317 perducta
1207 1271 1429 1308 narratione
1472 1272 1518 1307 de

101 1338 282 1377 Graccho
312 1351 381 1386 per
413 1338 571 1374 insidias
601 1337 823 1382 interfecto,
866 1339 973 1375 varie
1004 1340 1051 1376 de
1087 1346 1209 1377 morte
1241 1341 1410 1378 Gracchi
1441 1348 1517 1378 tra-

1164 1410 1181 1447 f

102 1464 220 1500 ditum
255 1476 337 1500 esse
368 1464 549 1512 exponit,
593 1464 646 1500 sic
677 1464 872 1501 scribitur:
922 1466 1031 1502 Haec
1073 1478 1254 1514 quaera
1286 1467 1362 1516 (sic
1394 1469 1445 1512 P;
1476 1468 1516 1504 M

101 1535 211 1571 Haec
249 1533 373 1578 fera,
421 1534 485 1570 alii
524 1534 632 1570 Haec
674 1546 803 1579 sera,
850 1535 932 1572 cdd.
979 1536 1197 1584 superiores
1237 1538 1349 1573 Haec
1380 1551 1515 1582 vera,

102 1605 242 1641 Weiss.
273 1606 380 1641 Haec
410 1604 527 1648 fere)
560 1605 685 1641 fama
715 1612 804 1640 est:
845 1605 1106 1642 Gracchus
1138 1607 1180 1642 in
1215 1608 1428 1645 Lucanis
1459 1609 1514 1645 ad

101 1688 315 1724 campos,
368 1676 446 1723 qui
497 1676 701 1712 Veteres
750 1682 1009 1720 vocantur,
1069 1677 1230 1724 periit.
1277 1678 1389 1727 (Cap.
1435 1683 1513 1722 17.)

101 1747 241 1790 Sunt,
301 1746 379 1794 qui
434 1746 477 1781 iu
525 1758 640 1794 agro
687 1747 1033 1782 Beneventano
1093 1760 1242 1796 prope
1290 1748 1513 1786 Calorem

100 1816 302 1853 fluvium
351 1816 614 1853 ostendant
670 1821 763 1861 (scr.
808 1817 1104 1854 contendant
1146 1831 1231 1855 cum
1282 1820 1386 1864 aliis)

99 1887 430 1931 interfectum;
473 1893 606 1930 sunt,
645 1887 826 1935 qui
865 1888 921 1923 ab
1066 1890 1236 1926 turmis
1284 1892 1512 1928 Numida-

98 1969 195 1993 rum
237 1958 616 1994 circumventum
660 1958 894 1994 scribant.
962 1959 1098 1995 Adeo
1140 1971 1222 1995 nec
1265 1958 1399 1995 locus
1430 1971 1511 1995 nec

98 2027 224 2063 ratio
259 2027 426 2063 mortis
464 2028 508 2064 in
546 2028 650 2064 viro
692 2035 784 2064 tam
834 2029 965 2065 claro
1012 2036 1057 2065 ct
1096 2029 1275 2078 insigni
1307 2036 1510 2065 const-at.

98 2098 345 2135 Manifestum
376 2106 444 2143 est,
476 2099 626 2135 Livium
658 2111 782 2147 neque
808 2099 846 2135 in
874 2105 981 2135 tanta
1008 2099 1195 2135 varietate
1225 2100 1510 2145 sententiarum,

97 2180 213 2216 quum
247 2168 328 2217 ipse
359 2176 535 2205 constare
566 2169 770 2217 quicquam
803 2177 926 2218 neget,
971 2169 1095 2218 ipsam
1129 2170 1327 2206 varietatis
1357 2171 1510 2219 exposi-

97 2237 237 2274 tionem
269 2246 346 2274 tam
378 2239 612 2275 confidenter
654 2251 783 2276 orsum
815 2252 914 2276 esse:
956 2240 1065 2276 Haec
1109 2253 1221 2277 vera
1252 2240 1382 2277 fama
1426 2249 1508 2283 est,

96 2319 231 2355 neque,
262 2308 293 2343 si
310 2308 526 2346 dubitanter
547 2310 699 2358 scripsit
729 2310 856 2353 (Haec
887 2309 994 2346 fere
1025 2310 1071 2347 fa
1084 2324 1154 2347 ma
1185 2316 1287 2356 est),
1317 2312 1509 2349 addidisse

97 2378 271 2414 absolute
310 2385 492 2427 tanquam
525 2379 641 2415 dere
671 2381 900 2416 certissima:
949 2379 1202 2418 Gracchus
1344 2383 1507 2431 periit;

95 2447 295 2484 dicendum
327 2455 424 2485 erat:
456 2450 564 2485 Haec
595 2448 695 2487 fere
725 2451 852 2488 fama
883 2459 971 2496 est,
1003 2451 1275 2489 Gracchum
1404 2467 1506 2502 per-

94 2517 208 2562 isse;
269 2530 502 2567 quamquam
546 2532 593 2556 ne
637 2520 716 2557 haec
760 2521 911 2569 quidem
956 2523 1080 2559 oratio
1137 2530 1238 2560 recte
1281 2524 1506 2568 cohaererem

94 2599 184 2623 nam
229 2587 324 2624 haec
367 2588 495 2624 fama
554 2590 742 2638 pertinere
785 2591 895 2628 debet
939 2592 987 2628 ad
1024 2593 1258 2642 superiorem
1313 2594 1368 2630 rei
1413 2602 1507 2631 actae

94 2657 376 2702 narrationem
420 2658 504 2695 illa:
543 2659 792 2697 Gracchus
832 2692 867 2700 ..
906 2662 1057 2711 periit
1093 2663 1140 2699 de
1178 2663 1264 2700 loco
1295 2664 1408 2700 caedis
1439 2664 1505 2700 ad-
