1811 2925
221 139 298 171 Lib.
324 138 460 171 XXIII.
864 139 886 174 2
893 140 914 174 6
921 139 942 174 2

191 269 362 300 motus.
422 262 498 299 Sed
529 260 654 296 maior
686 264 744 295 est
779 259 818 295 in
851 259 1113 308 superioribus
1144 261 1356 305 dubit-atio„
1400 259 1439 295 in
1473 259 1614 307 quibus

195 334 285 382 quid
317 333 474 369 subesse
507 337 638 380 posset
679 330 729 366 ad
757 342 839 366 rem
871 336 908 366 et
937 331 1141 368 Livianam
1172 332 1432 368 narrationem
1464 334 1613 378 aptum,

193 416 270 440 non
301 403 393 439 satis
425 402 689 439 considerasse
719 400 811 438 mihi
841 401 1031 446 videntur7
1063 401 1128 449 qni
1143 402 1381 438 coniecturas
1399 405 1612 444 tentarunt3

195 487 283 510 nam
312 485 437 521 neque
469 473 516 509 de
547 471 740 508 arcessitis
770 471 984 519 legionibus
1020 472 1223 520 quicquam
1256 473 1398 509 dictum
1431 484 1513 507 esse
1543 484 1613 519 po-

194 544 278 589 tuit.7
309 556 426 591 quum
457 543 551 579 nulli
580 542 862 591 significentur,
894 542 959 590 qui
990 543 1254 589 arcessierint,
1288 556 1411 591 neque
1442 542 1488 578 de
1522 541 1614 577 emi-

198 626 270 650 nus
316 614 503 663 aspectis,
560 627 676 661 quum
721 613 921 649 Hannibal
960 613 1059 649 iuter
1089 613 1263 662 Capuam
1306 620 1342 650 et
1378 613 1614 649 Vulturnum

195 685 310 721 fuerit
339 685 376 720 in
408 685 620 720 meridiana
651 684 834 720 Vulturni
864 690 987 732 parte,
1015 683 1198 721 Casinum
1231 691 1357 721 autem
1391 684 1429 719 in
1448 682 1615 727 Volscis,

199 762 286 792 octo
317 756 497 792 milliaria
532 754 769 792 Germanica
806 754 856 790 ad
894 756 1192 802 septentrionem
1236 769 1259 792 a
1290 755 1427 803 Capua
1456 754 1617 797 distans7

198 827 236 862 in
254 828 519 863 Romanorum
537 831 729 874 potestate
760 824 892 868 fuerit3
911 825 1016 873 (nam
1036 827 1156 863 Lirim
1188 825 1385 863 Hannibal
1406 826 1479 861 hoc
1511 824 1615 861 omni

198 903 370 946 tempore
401 904 489 945 post
520 895 762 932 Cannensem
790 908 960 944 pugnam
992 909 1068 932 non
1099 903 1362 945 transgressus
1391 902 1460 939 est,
1490 908 1537 930 ne
1568 894 1617 930 ad

197 980 283 1003 eum
316 967 469 1014 quidem
501 967 698 1013 accessit;)
717 979 852 1014 neque,
878 967 1076 1003 nominato
1088 966 1230 1003 Casino
1253 967 1301 1003 ad
1324 965 1617 1016 significandam

197 1038 388 1074 exercitus
418 1038 586 1074 Romani
616 1038 759 1082 sedem,
791 1044 1038 1086 exspectatur
1068 1038 1164 1074 alius
1211 1038 1363 1086 oppidi,
1408 1049 1485 1084 quo
1527 1050 1619 1084 pro-

199 1109 392 1153 cesserint,
423 1121 582 1153 nomen3
614 1108 679 1153 (de
709 1108 872 1156 receptis
903 1108 1032 1156 aliquo
1066 1109 1207 1157 oppido
1239 1108 1427 1145 Romanis
1456 1107 1619 1155 cogitaii

199 1180 354 1215 omnino
389 1179 549 1227 nequit).
610 1179 739 1217 Unum
772 1179 923 1215 videtur
954 1179 1185 1228 significari,
1224 1178 1434 1215 Hannibali
1466 1178 1618 1214 nuntia-

199 1256 278 1285 tum
312 1262 415 1294 esse,
462 1250 670 1286 exercitum
703 1250 923 1293 dictat01·is‚
969 1250 1034 1298 qui
1065 1251 1113 1286 ad
1147 1249 1330 1286 Casinum
1363 1255 1620 1298 congregatus

199 1317 340 1368 essct¹)
371 1321 533 1357 necdum
575 1321 779 1368 quicquam
813 1322 1018 1362 movisset,
1061 1321 1208 1357 moveri
1250 1327 1427 1368 coeptum
1470 1332 1553 1356 esse
1582 1320 1621 1355 iu

200 1391 456 1441 Campaniam
486 1403 633 1426 versus.
710 1392 890 1439 Apparet
933 1393 1046 1428 etiam
1092 1405 1139 1428 ex
1170 1391 1298 1427 activa
1338 1391 1445 1427 verbi
1481 1390 1622 1436 forma⁷

198 1463 419 1499 nominatos
450 1462 589 1507 fuisse,
623 1462 687 1509 qui
719 1462 980 1507 nuntiassentg
1024 1464 1162 1510 (neque
1202 1462 1300 1498 enim
1332 1461 1623 1497 nuntiarunt

199 1547 270 1582 pro
304 1533 584 1569 nuntiatum
618 1538 693 1577 est,
733 1537 774 1567 ut
808 1532 923 1581 vulgo
955 1534 1129 1570 homines
1160 1533 1443 1581 intelligantur,
1490 1531 1623 1567 Livius

201 1604 328 1640 dicere
361 1604 459 1639 solet¹
493 1609 558 1638 aut
589 1602 649 1638 hic
682 1602 852 1639 dicturus
872 1605 982 1650 erat).
1042 1605 1088 1640 Id
1123 1617 1262 1640 nomen
1295 1602 1375 1639 erui
1405 1608 1498 1650 puto
1530 1601 1624 1637 satis

199 1680 305 1710 certa
337 1675 557 1711 coniectura
600 1685 715 1722 posse
762 1686 809 1709 ex
839 1674 1167 1723 nimisaccipi.
1242 1675 1382 1722 Itaque
1426 1673 1474 1709 ad
1524 1674 1626 1708 hanc

199 1746 365 1782 formam
387 1746 537 1782 Livium
569 1744 768 1793 scripsisse
802 1745 957 1793 opinor:
978 1759 1114 1794 quum
1148 1758 1171 1781 a
1204 1744 1386 1781 Casino
1414 1744 1624 1780 dictato-

198 1830 292 1853 rem
324 1816 704 1864 Rr.legionesque
730 1814 1147 1863 [ueni1·e]Numidae
1179 1815 1265 1855 citi
1296 1814 1625 1850 nuntiassent.

199 1888 347 1935 Vagati
388 1887 568 1923 Numidae
611 1894 719 1922 erant
761 1886 809 1922 ad
847 1887 1102 1935 speculanda,
1145 1898 1228 1934 quae
1275 1885 1376 1933 apud
1424 1886 1624 1921 Romanos

202 1964 422 2006 agerentur.
432 1955 470 2008 ‘·')

228 2178 256 2222 ¹)
299 2182 461 2212 Proximo
500 2192 588 2212 anno
626 2181 762 2220 longius
801 2181 903 2211 ctiam
927 2181 969 2210 ad
996 2179 1169 2211 meridiem
1198 2188 1313 2208 versus
1340 2176 1439 2208 Cales
1473 2176 1514 2205 ad
1542 2185 1627 2206 con-

295 2244 497 2273 veniendum
526 2244 596 2274 dics
625 2244 768 2274 edicitur
794 2242 984 2281 legionibus
1010 2241 1163 2281 urbanis,
1193 2251 1217 2271 0.
1247 2243 1302 2270 31.

224 2301 259 2345 ²)
296 2305 408 2345 ‘²²'Cap.
445 2308 496 2341 16,
528 2307 567 2334 16
596 2305 753 2334 111011(111111
781 2303 907 2334 frustra
933 2310 1132 2334 excusatum
1160 2311 1343 2341 coarguere
1368 2310 1521 2341 possum,
1550 2309 1624 2329 cor-

295 2367 405 2407 rigere
432 2366 652 2407 probabiliter
678 2375 744 2396 non
764 2376 913 2406 possum.
964 2364 1083 2405 Neque
1110 2365 1346 2394 vincentes
1374 2361 1517 2401 intelligi
1545 2371 1625 2402 pos-

294 2434 373 2459 sunt
398 2428 479 2466 illi,
507 2428 575 2468 qui
604 2434 692 2458 tum
720 2427 941 2461 vicerunt,
977 2427 1101 2457 omissa
1142 2435 1225 2457 voce
1260 2424 1407 2455 maxime
1435 2423 1624 2453 necessaria

296 2495 329 2520 et
357 2491 468 2530 posito
495 2500 601 2530 pravo
629 2494 790 2529 tempore,
818 2497 928 2528 neque
956 2488 1092 2519 omnino
1118 2488 1345 2517 vincentes
1364 2485 1539 2525 appellari,
1566 2484 1626 2523 qui

296 2562 366 2582 11011
391 2552 543 2582 vicerant
574 2551 682 2591 (quod
708 2556 828 2592 postca
854 2551 987 2580 demum
1016 2550 1140 2580 factum
1167 2549 1253 2588 est),
1293 2547 1350 2577 scd
1388 2545 1624 2576 tantummodo

295 2613 374 2643 victi
402 2623 470 2643 uon
496 2618 610 2651 eraut,
650 2618 682 2643 et
708 2612 848 2642 ridicule
875 2612 1013 2642 0111111110
1056 2611 1334 2641 vincentibus
1361 2606 1499 2637 difficile
1543 2606 1628 2636 diei·

297 2680 351 2705 tur
378 2684 451 2705 esse
478 2684 564 2705 non
588 2675 713 2705 vinci.
764 2674 961 2705 Veneratin
980 2678 1142 2703 mentem:
1169 2672 1256 2702 Non
1283 2670 1399 2700 vinci
1427 2669 1538 2699 enim
1574 2667 1629 2698 ab
