1811 2925
765 123 842 158 303
1248 119 1464 151 L?b.XXV1.

98 246 274 294 suspicor
305 245 456 282 Livium
487 244 701 292 scripsisse:
746 245 812 281 ita
850 244 1013 280 socios
1056 243 1114 280 ad
1145 243 1432 280 retinendos
1466 243 1512 279 in

99 316 198 353 fide
230 317 414 352 animos
445 328 603 351 eorum
635 315 837 351 ferendo
870 316 956 363 (pro
988 313 1307 362 ferendoque)
1330 313 1374 348 in
1404 319 1513 349 tem-

98 400 214 436 pore
245 387 418 435 cuique
450 386 687 422 auxilium
721 386 856 430 adiit,
887 384 1193 433 particulamque
1230 391 1388 432 propter
1416 396 1513 432 prae-

100 457 239 494 cedens
276 457 528 506 gerundivum
571 456 670 492 male
709 457 880 492 additam
921 467 1026 499 esse3
1064 454 1375 504 perincommode
1414 453 1512 490 enim

98 528 296 564 consilium
329 536 363 564 et
396 528 494 564 ratio
534 528 906 574 instrumentumque
947 525 1095 562 consilii
1133 524 1367 572 exsequendi
1396 536 1514 572 copu-

98 598 238 635 lantur.

640 883 743 930 Lib.
781 882 970 929 XXVI.

210 1019 305 1069 Cap.
339 1021 383 1060 2,
424 1018 444 1053 2
479 1017 558 1063 (ubi
589 1018 851 1066 improbatum
883 1024 1064 1054 narratur
1095 1029 1118 1052 a
1149 1023 1303 1059 senatu,
1335 1015 1437 1062 quod
1468 1015 1513 1053 L,

99 1090 270 1127 Marcius
301 1089 460 1125 militum
491 1089 689 1125 voluntate
721 1089 970 1137 propraetoris
1001 1087 1152 1123 titulum
1183 1086 1264 1134 ipse
1299 1085 1371 1121 sibi
1390 1085 1514 1133 impo-

99 1161 272 1207 suisseO:
302 1172 393 1196 rem
422 1159 533 1195 mali
564 1161 775 1209 exempli
807 1172 911 1196 esse
955 1188 991 1196 ..
1035 1157 1273 1193 sollemne
1295 1155 1513 1204 auspica-

98 1238 253 1268 torum
284 1230 588 1267 comitiorum
634 1231 678 1266 in
729 1237 891 1266 castra
932 1259 966 1267 ..
1018 1226 1296 1264 transferri.
1378 1226 1516 1273 Neque

100 1301 390 1350 auspicatus
422 1300 512 1336 alibi
545 1312 615 1349 pro
647 1300 840 1336 adiectivo
871 1299 1060 1348 reperitur
1088 1311 1231 1346 neque,
1263 1297 1296 1333 si
1330 1297 1517 1344 reperire-

100 1379 173 1414 tur,
204 1378 306 1408 recte
337 1371 491 1407 comitia
523 1371 722 1419 auspicata
755 1370 981 1407 dicerentur,
1013 1370 1050 1405 in
1084 1368 1221 1416 quibus
1242 1367 1429 1404 habendis
1449 1379 1516 1402 au-

100 1442 220 1490 spicia
263 1441 348 1490 capi
379 1441 565 1485 solerent,
605 1454 728 1489 neque
766 1454 811 1476 ea
843 1440 1051 1489 appellatio
1091 1438 1140 1474 ad
1169 1438 1279 1474 huius
1309 1438 1382 1474 loci
1428 1450 1512 1473 sen-

100 1512 256 1548 tentiam
296 1511 501 1559 quicquam
547 1511 748 1549 conferret.
828 1512 966 1559 Itaque
997 1510 1072 1546 iam
1105 1517 1193 1545 ante
1223 1508 1362 1544 multos
1392 1519 1513 1544 anuos

99 1581 261 1631 (Opusc.
291 1582 415 1618 Acad.
447 1582 487 1618 11
520 1595 554 1630 p.
590 1583 685 1630 351)
718 1582 959 1618 scribendum
991 1580 1112 1616 videri
1144 1579 1243 1615 dixi:
1282 1578 1512 1614 sollemne

101 1651 509 1700 auspicandorum
547 1654 884 1693 comitiorum,
930 1653 965 1688 h.
998 1664 1049 1696 e.,
1082 1650 1203 1699 captis
1235 1648 1414 1697 auspiciis
1443 1649 1512 1684 ha-

101 1723 326 1765 bendorum,
359 1724 682 1770 quemadmodum
714 1724 930 1760 solemne
961 1721 1092 1758 clavi
1121 1720 1312 1768 figendi
1344 1719 1455 1766 (VII,
1471 1718 1510 1767 3)

100 1792 238 1828 dicitur
254 1800 289 1828 et
306 1793 456 1831 similia.
517 1794 648 1831 Simile
678 1795 858 1831 mendum
888 1800 1062 1830 notatum
1096 1798 1151 1828 est
1179 1792 1217 1827 in
1249 1791 1346 1827 libro
1365 1790 1508 1834 XXII,

102 1864 166 1907 38,
191 1864 228 1899 3.
289 1862 396 1899 Infra
427 1864 464 1900 in
496 1865 568 1900 hoc
600 1865 725 1913 capite
757 1866 793 1912 (ς’
832 1868 895 1908 10)
922 1864 1046 1900 oratio
1077 1863 1116 1899 in
1148 1862 1343 1898 codicibus
1375 1872 1512 1896 manca

98 1933 147 1969 ad
192 1933 291 1969 hanc
333 1932 496 1971 formam
528 1935 741 1984 supplenda
776 1941 850 1972 est:
893 1934 1018 1982 Quid
1055 1932 1341 1969 interfuisse
1387 1932 1513 1968 inter

99 2003 167 2039 Ti.
202 2002 530 2052 Sempronium
564 2004 627 2055 [et
659 2005 736 2042 Cn.
767 2003 1021 2042 Fulvium?
1051 2004 1118 2040 Ti.
1140 1999 1509 2051 Sempronium‚]

100 2086 237 2122 quum
282 2074 322 2110 ei
353 2087 598 2112 servorum
631 2075 880 2112 exercitus
923 2075 1063 2110 datus
1104 2080 1256 2117 esset,
1284 2072 1513 2121 perbrevi

99 2144 332 2180 effecisse
369 2173 488 2182 .....
509 2159 517 2190 ;
549 2146 625 2184 ('n.
657 2140 882 2183 Fulvium
903 2145 1166 2192 Quiritium
1188 2144 1510 2180 Romanorum

99 2215 364 2251 exercitum
544 2217 811 2253 servilibus
847 2215 987 2251 vitiis
1030 2214 1279 2252 imbuisse.
1338 2214 1510 2251 Primum

99 2285 274 2321 universe
305 2297 365 2321 res
395 2285 641 2335 significatur,
674 2287 810 2323 deinde
841 2286 1039 2334 utriusque
1070 2285 1234 2322 hominis
1265 2285 1413 2334 imperii
1443 2285 1510 2321 adr

99 2355 327 2391 ministratio
357 2364 626 2404 comparatum
670 2358 707 2394 in
749 2371 794 2393 ea
826 2356 1117 2405 comparatione
1161 2362 1325 2403 utraque
1360 2362 1510 2391 senten-

97 2425 150 2461 tia
182 2438 204 2461 a
234 2426 386 2462 nomine
416 2427 579 2463 hominis
611 2428 778 2476 incipere
809 2427 933 2463 debet.

210 2494 305 2544 Cap.
339 2497 386 2540 3,
421 2499 442 2533 4
476 2494 536 2546 (in
567 2498 788 2534 defensione
826 2496 897 2536 Cn.
929 2497 1100 2540 Fulviij:
1145 2508 1236 2532 non
1267 2507 1315 2532 se
1343 2496 1511 2545 inopia

98 2567 887 2615 commeatus(Pcommentus)non
916 2568 961 2603 in
992 2567 1100 2604 loca
1131 2567 1510 2614 iniquaincaute

98 2634 362 2676 deductum,
394 2649 483 2672 non
514 2638 704 2686 agmine
735 2638 1051 2686 inexplorato
1082 2645 1268 2674 euntem
1313 2637 1510 2673 insidiis
