1811 2925
800 121 875 157 611
1333 118 1410 150 Lib.
1431 118 1547 150 XLV.

134 248 187 283 (et
223 243 374 279 videtur
413 242 619 291 significari
664 254 740 278 non
790 240 992 289 obscurus)
1042 253 1153 277 nemo
1206 252 1369 288 usquam
1409 249 1548 290 praeter

135 313 284 350 Livium
335 320 632 350 commemorat.
690 324 760 348 nee
812 312 849 347 in
898 311 963 348 illa
1017 311 1228 359 paeninsula
1277 312 1356 348 ulla
1406 313 1546 349 AEneae

134 385 296 421 nominis
341 384 527 420 memoria
572 391 638 420 aut
680 382 889 420 similitudo
934 382 1148 431 reperitur,
1206 388 1247 417 ut
1291 383 1330 418 in
1377 383 1547 420 Thracia

134 456 274 494 IEnus.
305 456 341 491 in
373 456 457 491 sinu
487 455 718 491 Thermaico
748 453 882 490 IEnia.
957 452 1091 490 Codex
1120 452 1246 489 locum
1278 453 1332 490 sie
1362 453 1545 502 scriptum

134 526 268 562 habet:
299 533 469 574 portus
500 526 555 562 ad
573 527 849 562 Toroneam
871 530 1078 561 montem
1111 523 1548 561 athoeneaeuocant

134 597 256 632 hune
287 597 370 633 alii
401 597 709 644 insulamque
750 595 998 631 Euboeam
1044 602 1134 639 cet.⁹
1175 594 1211 630 in
1243 594 1334 631 solis
1365 595 1546 631 extremis

136 666 483 716 (insulamque)
529 667 576 703 ab
618 667 728 703 editis
775 667 995 703 notabiliter
1036 666 1256 714 discrepans
1302 671 1338 701 et
1377 665 1546 710 (defectu

133 738 413 785 praepositionis
455 737 722 786 particulaque
767 739 870 786 que)
923 737 1100 773 lacunam
1158 736 1343 774 indicans.
1420 736 1547 772 Valde

134 820 282 847 vereor.
312 822 358 844 ne
388 815 565 844 vocant
601 809 624 844 h
636 821 721 846 unc
753 809 939 845 debeatur
967 807 1094 844 studio
1115 807 1261 843 librarii
1292 820 1341 843 ex
1373 807 1431 852 iis,
1464 820 1548 856 quae

134 891 211 914 non
240 879 487 928 intelligebat.
532 880 672 916 Latina
720 880 855 916 saltem
900 878 1092 916 vocabula
1136 876 1324 914 efficiendi
1353 877 1548 926 lateatque

135 950 208 986 loci
255 958 290 987 et
343 959 475 999 portus
521 951 749 998 significatio
799 963 847 986 ex
891 949 1027 985 litteris
1077 949 1318 985 canthunc
1368 949 1547 985 eruenda.

134 1020 230 1057 Mihi
275 1022 425 1068 quidem
458 1021 699 1057 scribendum
734 1021 901 1057 videtur:
941 1026 1108 1068 portus
1151 1019 1207 1054 ad
1237 1020 1462 1056 Toronen
1496 1033 1548 1056 ac

134 1098 335 1127 montem
366 1092 529 1128 Athon
562 1098 604 1128 et
636 1093 910 1140 Acanthum,
951 1090 1027 1137 [ad
1059 1090 1258 1138 AEgeum
1288 1093 1430 1138 mare]
1464 1092 1548 1128 alii

133 1161 436 1209 insulamque
467 1162 737 1207 Euboeam,
769 1162 855 1198 alii
887 1162 942 1198 ad
971 1161 1348 1209 Hellespontum
1376 1174 1548 1211 oppor-

133 1239 243 1268 tune
273 1233 416 1268 versi.
477 1233 731 1282 Hellesponto
763 1246 839 1269 una
868 1232 993 1269 insula
1023 1233 1187 1269 Euboea
1219 1245 1266 1268 ne
1295 1245 1364 1281 per
1393 1244 1434 1269 se
1466 1233 1550 1282 qui-

133 1303 217 1339 dem
245 1310 347 1340 recte
371 1305 565 1340 contraria
588 1304 679 1353 poni
702 1304 867 1341 videtur.
928 1303 1166 1340 Accusativo
1197 1304 1330 1340 Atho
1362 1304 1549 1353 Virgilius

134 1386 249 1410 ausus
266 1380 322 1410 est
336 1387 406 1422 pro
428 1375 566 1410 Latino
584 1375 661 1421 uti;
694 1374 830 1412 Cicero
852 1375 1097 1411 Athonem
1128 1375 1224 1411 dixit
1245 1376 1306 1420 (et
1321 1376 1550 1422 Athone),

136 1445 284 1481 Plinius
315 1452 351 1480 et
382 1445 486 1480 Mela
515 1446 698 1490 Athon,
740 1446 877 1494 quibus
908 1446 1060 1482 Livium
1105 1458 1192 1481 mea
1233 1446 1453 1482 coniectura
1482 1447 1550 1483 ad-

136 1514 267 1563 iungit.
342 1515 387 1551 In
431 1517 616 1564 proximis
649 1517 684 1563 (ξ
718 1517 756 1565 5)
798 1530 869 1566 pro
900 1517 1033 1565 ignota
1062 1516 1281 1553 Vettiorum
1313 1523 1436 1565 gente,
1468 1530 1551 1566 quae

136 1585 174 1621 in
204 1586 316 1622 tertia
346 1587 584 1623 Macedoniae
630 1595 741 1636 parte
784 1587 882 1623 inter
924 1587 1070 1623 Axium
1116 1594 1153 1623 et
1182 1588 1353 1623 Peneum
1382 1588 1549 1636 ponitur,

137 1656 264 1692 nescio
296 1669 344 1692 an
376 1657 642 1694 substituenda
673 1659 994 1695 Bottiaeorum
1022 1658 1088 1701 sit3
1123 1663 1224 1694 certe
1250 1658 1288 1694 in
1319 1671 1365 1694 ea
1393 1659 1551 1707 regione

136 1726 190 1762 illi
220 1726 385 1764 fuerunt.
456 1727 640 1764 Extrema
672 1741 764 1777 pars
794 1728 929 1777 capitis
961 1731 999 1773 (ξ
1033 1729 1074 1773 S)
1105 1728 1143 1763 in
1174 1728 1305 1765 codiee
1334 1729 1388 1765 sic
1418 1729 1550 1766 scribi-

137 1804 217 1835 tur:
287 1798 465 1833 Divisa
495 1799 670 1846 aitquae
707 1800 1004 1836 Maeedoniae
1036 1799 1247 1847 partium
1279 1800 1447 1836 usibus
1484 1812 1551 1836 se-

137 1868 326 1916 paratis
359 1876 544 1916 quanta
573 1869 838 1918 (Kreyssigius
883 1870 1065 1917 quania
1113 1870 1228 1907 scribi
1274 1871 1407 1918 tradit)
1449 1870 1550 1906 uni-

137 1951 307 1975 versos
339 1939 494 1975 tendit
536 1941 810 1977 Maeedonae
846 1939 1060 1976 formula
1099 1941 1231 1977 dieta
1272 1953 1371 1977 cum
1415 1941 1549 1990 leges

138 2022 326 2057 quoque
371 2022 418 2045 se
462 2010 682 2046 daturum
727 2010 1046 2048 ostendisset.
1115 2012 1245 2048 Prave
1287 2018 1324 2048 et
1359 2011 1549 2061 Grynaeus

138 2086 175 2116 et
206 2087 295 2128 post
327 2093 411 2116 eum
444 2093 575 2117 omnes
604 2081 665 2118 hic
696 2081 908 2118 orationem
942 2081 1116 2118 insistere
1145 2081 1360 2127 voluerunt,
1400 2090 1549 2120 senten·

137 2150 204 2194 tia,
235 2150 266 2186 si
295 2157 397 2186 recte
429 2164 449 2186 e
478 2151 606 2187 verbis
637 2151 811 2195 efficitur,
842 2153 957 2201 plane
985 2164 1181 2201 perversa.
1250 2152 1355 2189 Nam
1400 2154 1465 2202 qui
1495 2155 1548 2191 sic

138 2221 403 2257 narrationem
436 2222 650 2258 concludit:
699 2222 906 2260 formula
950 2223 1080 2260 dicta
1112 2224 1217 2270 (est),
1249 2236 1385 2271 quum
1416 2225 1549 2274 leges

140 2304 332 2339 quoque
362 2304 409 2328 se
439 2293 665 2329 daturum
705 2294 1027 2338 ostendisset,
1065 2294 1096 2330 is
1140 2295 1411 2343 (praeterquam
1445 2298 1549 2345 quod

139 2361 298 2398 offendit
328 2369 416 2410 post
445 2363 667 2412 primariam
699 2364 924 2400 sententiam
967 2365 1126 2413 passiva
1172 2364 1299 2401 forma
1342 2367 1424 2404 sine
1463 2381 1548 2417 per-

140 2445 242 2468 sonoe
275 2433 429 2470 nomine
457 2434 623 2482 positam
656 2435 884 2472 secundaria
925 2436 1113 2472 sententia
1147 2436 1271 2472 active
1314 2437 1431 2484 elata)
1463 2451 1548 2475 cum

138 2505 437 2552 reprehensione
468 2505 598 2553 aliqua
628 2518 675 2541 ex
705 2507 819 2543 rebus
854 2513 942 2543 ante
972 2506 1172 2555 promissis
1210 2513 1357 2544 tantum
1398 2515 1547 2556 partem

143 2575 333 2624 expletam
362 2587 445 2611 esse
475 2576 675 2624 significat.
734 2576 810 2623 Qui
839 2583 978 2625 praeter
1006 2577 1067 2621 id,
1111 2578 1215 2625 quod
1260 2591 1360 2614 nune
1404 2578 1549 2616 factum

139 2645 199 2691 sit,
229 2652 418 2694 praeterea
449 2645 592 2694 aliquid
624 2646 662 2682 in
691 2655 887 2696 posterum
917 2648 1149 2697 promissum
1179 2648 1379 2697 signifieat,
1427 2650 1460 2686 is
1503 2652 1550 2697 (si

1218 2717 1281 2750 39*
