1811 2925
839 154 908 188 441
1283 150 1358 185 Lib.
1375 151 1576 183 xxxvm.

287 272 382 322 Cap.
418 274 493 317 21,
542 276 583 310 11
631 274 683 321 (in
714 272 968 322 descriptione
997 273 1132 322 proelii
1165 287 1188 310 a
1218 273 1287 311 Cn.
1319 275 1465 311 Manlio
1495 287 1578 311 cum

176 343 300 380 Gallis
329 344 444 391 initiJ:
476 344 566 381 Sed
595 357 683 381 non
714 351 805 381 tam
832 344 1122 392 patentibus
1152 345 1310 394 plagis
1334 344 1469 392 (Galli)
1491 358 1578 382 mo-

178 420 371 459 ventur3
402 415 652 460 interdum,
685 415 870 451 insecta
900 420 1025 457 cute,
1062 415 1141 452 ubi
1171 416 1322 452 latior
1352 428 1485 463 quam
1517 416 1578 452 al-

174 484 270 520 tior
299 484 447 533 plaga
476 491 559 529 est,
591 485 735 521 etiam
767 485 1038 533 gloriosius
1070 498 1117 522 se
1148 498 1361 535 pugnare
1382 493 1578 534 putant;

175 554 341 593 iidem,
385 568 522 603 quum
569 556 763 593 aculeus
815 555 1008 603 sagittae
1057 563 1138 592 aut
1180 556 1374 605 glandis
1405 557 1579 593 abditae

174 625 417 663 introrsus
449 627 576 663 tenui
607 627 808 663 vulnere
839 627 883 662 in
913 626 1120 674 speciem
1152 627 1248 663 urit
1284 655 1375 673 ...,
1406 635 1501 664 tum
1533 629 1577 664 in

174 695 355 731 rabiem
402 703 445 732 et
490 697 716 746 pudorem
756 705 849 733 tani
900 709 1062 745 parvae
1099 697 1382 745 perimentis
1421 700 1578 748 pestis

172 766 302 802 versi
332 774 647 814 prosternunt
679 780 885 816 corpora
915 767 1052 812 humi‚
1081 767 1149 804 sic
1181 776 1229 805 ut
1257 770 1438 817 passim
1471 782 1577 818 pro-

174 836 465 875 cumberent.
544 839 655 883 Alii,
686 844 880 875 ruentes
911 838 956 873 in
986 838 1195 881 hostem
1226 840 1439 888 undique
1468 853 1577 877 con-

173 905 455 954 figebantur
485 915 550 951 et,
596 921 734 956 quum
775 908 993 945 cominus
1038 917 1296 954 vene1·ant.‚
1344 911 1525 959 gladiis
1556 924 1579 948 a

172 977 404 1014 velitibus
443 979 835 1016 trucidabantur.
914 979 1078 1014 Prorsus
1115 992 1295 1027 perverse
1337 980 1579 1017 confunditur

170 1048 451 1084 consuetudinis
482 1055 674 1098 perpetuae
716 1048 920 1097 descriptio
953 1050 1231 1093 [moventur
1406 1058 1579 1099 putant

180 1147 188 1154 .
207 1147 215 1154 .
244 1122 588 1166 prosternunt]
612 1127 648 1156 et
668 1120 723 1156 rei
745 1125 822 1155 tum
853 1118 964 1155 factae
984 1120 1155 1156 narratio
1174 1120 1262 1166 (sic
1294 1127 1340 1157 ut
1361 1133 1574 1169 procum-

170 1188 376 1233 berentl3
406 1202 474 1226 nec
504 1190 584 1226 tolli
614 1191 771 1232 vitium,
817 1190 848 1226 si
887 1202 970 1227 cum
998 1190 1176 1227 WValchio
1209 1191 1413 1228 scribatur:
1450 1193 1579 1230 sicut

205 1289 213 1296 .
253 1261 634 1307 procumberent,
680 1261 796 1297 sensit.
841 1261 1204 1301 Weissenbornius,
1251 1262 1315 1310 qui
1345 1269 1471 1299 tamen
1506 1264 1577 1299 hoc

168 1337 318 1366 secutus
349 1338 428 1376 est3
456 1331 579 1367 inanis
613 1331 711 1367 enim
742 1331 979 1380 comparatio
1013 1338 1071 1367 est
1107 1332 1436 1380 (prosternunt
1479 1346 1578 1370 cor-

167 1413 285 1448 pora
315 1402 440 1438 sicut
467 1414 659 1450 procum
673 1402 877 1450 berent);
895 1408 931 1438 et
944 1401 1182 1438 desideratur
1202 1402 1325 1451 prima
1341 1416 1430 1451 pars
1445 1416 1577 1440 narra-

170 1471 294 1513 tionis,
325 1472 383 1508 cui
414 1472 644 1520 respondeat
672 1472 782 1508 illud:
814 1472 911 1509 Alii
953 1503 986 1510 ..
1027 1472 1421 1521 configebantur.
1480 1475 1573 1510 Per-

170 1542 341 1591 spicuum
374 1549 442 1586 est,
475 1543 756 1579 consuetudinis
798 1543 1000 1579 Gallorum
1044 1543 1337 1592 descriptionem
1367 1545 1572 1582 subsistere

172 1613 208 1648 in
249 1613 306 1648 his
352 1614 496 1650 verbis:
543 1620 862 1662 prosternunt
906 1626 1116 1662 corpora
1160 1615 1298 1650 humi.
1374 1614 1577 1664 Subiungit

171 1683 305 1719 deinde
339 1684 480 1725 Livius,
510 1685 609 1721 idem
641 1685 677 1720 in
709 1684 786 1728 illo,
817 1685 919 1732 quod
949 1696 1048 1721 nunc
1078 1692 1280 1726 narratur,
1319 1685 1464 1733 proelio
1495 1686 1574 1722 fao-

171 1762 249 1790 tum
284 1767 378 1799 esse,
408 1768 476 1791 nec
507 1762 634 1791 tamen
665 1756 713 1791 ab
745 1756 939 1792 omnibus:
984 1755 1062 1793 Sic
1105 1768 1242 1803 quum
1286 1756 1417 1804 (cum)
1467 1769 1573 1805 pas-

172 1824 257 1860 sim
288 1826 679 1873 procumberent.
726 1825 809 1861 alii
841 1832 1036 1862 ruentes
1069 1826 1114 1862 in
1143 1826 1333 1863 hostem
1366 1827 1574 1876 undique

171 1894 564 1944 configebantur.

291 1965 384 2014 Cap.
419 1967 491 2007 22,
525 1969 545 2002 4
578 1972 614 2001 et
646 1968 686 2002 5:
718 1966 869 2004 Simul
911 1966 998 2013 (Cn.
1032 1967 1199 2003 Manlius
1230 1967 1377 2014 consul)
1421 1976 1577 2005 strata

173 2049 254 2084 per
283 2036 493 2073 tumulos
539 2049 749 2085 corpora
781 2036 1036 2074 Gallorum
1082 2044 1301 2074 ostentat
1341 2045 1406 2082 et,
1437 2051 1576 2086 quum

175 2106 296 2143 levis
328 2112 577 2142 armatura
607 2107 702 2142 tale
732 2107 971 2155 proelium
1007 2108 1240 2148 ediderit,
1279 2109 1391 2156 quid
1424 2110 1479 2145 ab
1508 2109 1576 2145 le-

173 2177 417 2225 gionibuS,
449 2177 560 2224 quid
591 2177 647 2213 ab
678 2177 822 2213 iustis
858 2179 1015 2223 armis,
1050 2179 1163 2227 quid
1195 2180 1248 2215 ab
1280 2179 1448 2216 animis
1483 2179 1577 2216 for-

173 2247 468 2284 tissimorum
509 2247 715 2283 militum
750 2249 1057 2297 exspectari?
1132 2249 1195 2287 Sic
1244 2250 1380 2287 dicitur
1418 2257 1577 2286 osten-

173 2325 242 2354 tat
273 2324 327 2363 et,
358 2325 397 2354 ut
428 2317 642 2353 necessario
673 2318 774 2354 aliud
806 2320 963 2356 verbum
996 2320 1103 2369 sequi
1134 2322 1286 2358 debeat:
1316 2321 1353 2357 id
1378 2334 1447 2357 nec
1467 2321 1578 2357 omit-

175 2389 202 2424 ti
243 2389 321 2425 ulla
368 2388 514 2425 ratione
555 2394 681 2435 potest
722 2401 790 2425 nec
830 2397 957 2427 tamen
986 2392 1077 2439 poni
1107 2392 1167 2436 id,
1201 2392 1302 2441 quod
1323 2397 1578 2441 exspectatur,

175 2459 355 2506 quaerit,
387 2457 565 2507 quoniam
596 2458 628 2493 ei
655 2459 802 2496 infinita
831 2461 953 2497 oratio
985 2460 1118 2498 subiici
1148 2462 1291 2510 nequit.
1349 2461 1576 2499 Tollendum

175 2530 389 2566 necessario
420 2535 477 2573 et,
511 2535 552 2564 ut
582 2529 704 2566 oratio
735 2531 891 2579 obliqua
921 2538 956 2567 et
984 2532 1234 2580 interrogatio
1272 2532 1447 2569 infinitivi
1475 2533 1578 2569 modi

175 2612 244 2648 per
272 2612 312 2636 se
342 2606 508 2648 ponatur
537 2600 828 2636 accommodata
873 2601 922 2636 ad
970 2614 1055 2638 eam
1104 2602 1442 2651 significationem,
1496 2616 1579 2652 quae

175 2677 233 2706 est
263 2670 300 2705 in
331 2676 567 2715 ostentat,
589 2671 899 2708 constantissima
914 2671 1039 2708 Latini
1069 2674 1255 2710 sermonis
1290 2674 1580 2711 consuetudine:
