<?xml version="1.0" encoding="UTF-8"?>
<!DOCTYPE html PUBLIC "-//W3C//DTD XHTML 1.0 Transitional//EN"
    "http://www.w3.org/TR/xhtml1/DTD/xhtml1-transitional.dtd">
<html xmlns="http://www.w3.org/1999/xhtml" xml:lang="en" lang="en">
 <head>
  <title>
</title>
<meta http-equiv="Content-Type" content="text/html;charset=utf-8" />
  <meta name='ocr-system' content='tesseract 3.04.00' />
  <meta name='ocr-capabilities' content='ocr_page ocr_carea ocr_par ocr_line ocrx_word'/>
</head>
<body>
  <div class='ocr_page' id='page_1' title='image "./emendationeslivi00madvuoft_0156.png"; bbox 0 0 1811 2925; ppageno 0'>
   <div class='ocr_carea' id='block_1_1' title="bbox 265 138 971 176">
    <p class='ocr_par' dir='ltr' id='par_1_1' title="bbox 265 138 971 176">
     <span class='ocr_line' id='line_1_1' title="bbox 265 138 971 176; baseline 0.007 -5"><span class='ocrx_word' id='word_1_1' title='bbox 265 139 343 173; x_wconf 82' lang='lat' dir='ltr'>Lib.</span> <span class='ocrx_word' id='word_1_2' title='bbox 368 138 453 170; x_wconf 86' lang='lat' dir='ltr'>VII.</span> <span class='ocrx_word' id='word_1_3' title='bbox 896 141 971 176; x_wconf 88' lang='lat'>150</span> 
     </span>
    </p>
   </div>
   <div class='ocr_carea' id='block_1_2' title="bbox 218 261 1652 2236">
    <p class='ocr_par' dir='ltr' id='par_1_2' title="bbox 219 261 1650 595">
     <span class='ocr_line' id='line_1_2' title="bbox 333 261 1649 314; baseline 0.002 -13"><span class='ocrx_word' id='word_1_4' title='bbox 333 263 430 312; x_wconf 86' lang='lat' dir='ltr'>Cap.</span> <span class='ocrx_word' id='word_1_5' title='bbox 463 265 527 309; x_wconf 70' lang='lat'>25,</span> <span class='ocrx_word' id='word_1_6' title='bbox 563 265 597 300; x_wconf 87' lang='grc'>7.</span> <span class='ocrx_word' id='word_1_7' title='bbox 657 261 764 300; x_wconf 84' lang='lat' dir='ltr'>Scire</span> <span class='ocrx_word' id='word_1_8' title='bbox 794 262 922 309; x_wconf 70' lang='lat' dir='ltr'>velim,</span> <span class='ocrx_word' id='word_1_9' title='bbox 954 275 1030 310; x_wconf 88' lang='lat' dir='ltr'>quo</span> <span class='ocrx_word' id='word_1_10' title='bbox 1062 264 1240 313; x_wconf 83' lang='lat' dir='ltr'>exemplo</span> <span class='ocrx_word' id='word_1_11' title='bbox 1272 265 1434 311; x_wconf 77' lang='lat' dir='ltr'>dicatur,</span> <span class='ocrx_word' id='word_1_12' title='bbox 1472 277 1549 314; x_wconf 92' lang='lat' dir='ltr'>quo</span> <span class='ocrx_word' id='word_1_13' title='bbox 1579 279 1649 303; x_wconf 85' lang='lat' dir='ltr'>ne-</span> 
     </span>
     <span class='ocr_line' id='line_1_3' title="bbox 219 333 1645 385; baseline 0.001 -13"><span class='ocrx_word' id='word_1_14' title='bbox 219 336 360 372; x_wconf 82' lang='lat' dir='ltr'>minem</span> <span class='ocrx_word' id='word_1_15' title='bbox 392 333 582 371; x_wconf 78' lang='lat' dir='ltr'>offensum</span> <span class='ocrx_word' id='word_1_16' title='bbox 611 333 744 370; x_wconf 88' lang='lat' dir='ltr'>video:</span> <span class='ocrx_word' id='word_1_17' title='bbox 789 334 1053 370; x_wconf 80' lang='lat' dir='ltr'>extendere</span> <span class='ocrx_word' id='word_1_18' title='bbox 1094 347 1260 372; x_wconf 85' lang='lat' dir='ltr'>omnes</span> <span class='ocrx_word' id='word_1_19' title='bbox 1291 336 1485 385; x_wconf 84' lang='lat' dir='ltr'>imperii</span> <span class='ocrx_word' id='word_1_20' title='bbox 1515 337 1645 374; x_wconf 86' lang='lat' dir='ltr'>vires</span> 
     </span>
     <span class='ocr_line' id='line_1_4' title="bbox 221 403 1647 452; baseline 0.003 -10"><span class='ocrx_word' id='word_1_21' title='bbox 221 406 414 443; x_wconf 84' lang='lat' dir='ltr'>delectu</span> <span class='ocrx_word' id='word_1_22' title='bbox 444 404 681 443; x_wconf 83' lang='lat' dir='ltr'>habendo.</span> <span class='ocrx_word' id='word_1_23' title='bbox 747 403 940 452; x_wconf 85' lang='lat' dir='ltr'>Equidem</span> <span class='ocrx_word' id='word_1_24' title='bbox 978 404 1167 441; x_wconf 84' lang='lat' dir='ltr'>intendi</span> <span class='ocrx_word' id='word_1_25' title='bbox 1208 405 1246 441; x_wconf 90' lang='lat' dir='ltr'>in</span> <span class='ocrx_word' id='word_1_26' title='bbox 1277 407 1345 443; x_wconf 87' lang='lat' dir='ltr'>tali</span> <span class='ocrx_word' id='word_1_27' title='bbox 1374 421 1415 444; x_wconf 89' lang='lat' dir='ltr'>re</span> <span class='ocrx_word' id='word_1_28' title='bbox 1447 421 1578 445; x_wconf 83' lang='lat' dir='ltr'>curam</span> <span class='ocrx_word' id='word_1_29' title='bbox 1609 414 1647 445; x_wconf 79' lang='lat' dir='ltr'>et</span> 
     </span>
     <span class='ocr_line' id='line_1_5' title="bbox 219 475 1650 527; baseline 0.003 -15"><span class='ocrx_word' id='word_1_30' title='bbox 219 476 296 513; x_wconf 84' lang='lat' dir='ltr'>vim</span> <span class='ocrx_word' id='word_1_31' title='bbox 328 482 435 526; x_wconf 73' lang='lat' dir='ltr'>puto,</span> <span class='ocrx_word' id='word_1_32' title='bbox 466 489 543 512; x_wconf 91' lang='lat' dir='ltr'>non</span> <span class='ocrx_word' id='word_1_33' title='bbox 574 475 792 520; x_wconf 62' lang='lat' dir='ltr'>extendi,</span> <span class='ocrx_word' id='word_1_34' title='bbox 832 483 1068 524; x_wconf 78' lang='lat' dir='ltr'>vereorque,</span> <span class='ocrx_word' id='word_1_35' title='bbox 1110 489 1157 512; x_wconf 91' lang='lat' dir='ltr'>ne</span> <span class='ocrx_word' id='word_1_36' title='bbox 1195 478 1268 514; x_wconf 78' lang='lat' dir='ltr'>hoc</span> <span class='ocrx_word' id='word_1_37' title='bbox 1306 491 1377 527; x_wconf 91' lang='lat' dir='ltr'>pro</span> <span class='ocrx_word' id='word_1_38' title='bbox 1408 479 1473 515; x_wconf 87' lang='lat' dir='ltr'>illo</span> <span class='ocrx_word' id='word_1_39' title='bbox 1505 480 1650 516; x_wconf 79' lang='lat' dir='ltr'>substi-</span> 
     </span>
     <span class='ocr_line' id='line_1_6' title="bbox 220 546 1506 595; baseline 0.002 -10"><span class='ocrx_word' id='word_1_40' title='bbox 220 555 343 585; x_wconf 84' lang='lat' dir='ltr'>tutum</span> <span class='ocrx_word' id='word_1_41' title='bbox 372 548 433 594; x_wconf 70' lang='lat' dir='ltr'>sit,</span> <span class='ocrx_word' id='word_1_42' title='bbox 464 547 553 592; x_wconf 76' lang='lat' dir='ltr'>etsi,</span> <span class='ocrx_word' id='word_1_43' title='bbox 585 547 690 595; x_wconf 86' lang='lat' dir='ltr'>quod</span> <span class='ocrx_word' id='word_1_44' title='bbox 720 547 770 584; x_wconf 86' lang='lat' dir='ltr'>ad</span> <span class='ocrx_word' id='word_1_45' title='bbox 799 547 1006 584; x_wconf 86' lang='lat' dir='ltr'>errandum</span> <span class='ocrx_word' id='word_1_46' title='bbox 1039 546 1223 593; x_wconf 65' lang='lat' dir='ltr'>invitarit,</span> <span class='ocrx_word' id='word_1_47' title='bbox 1257 548 1352 585; x_wconf 88' lang='lat' dir='ltr'>nihil</span> <span class='ocrx_word' id='word_1_48' title='bbox 1380 550 1506 587; x_wconf 84' lang='lat' dir='ltr'>video.</span> 
     </span>
    </p>

    <p class='ocr_par' dir='ltr' id='par_1_3' title="bbox 218 617 1652 2236">
     <span class='ocr_line' id='line_1_7' title="bbox 333 617 1646 669; baseline 0 -12"><span class='ocrx_word' id='word_1_49' title='bbox 333 619 430 669; x_wconf 84' lang='lat' dir='ltr'>Cap.</span> <span class='ocrx_word' id='word_1_50' title='bbox 463 621 526 665; x_wconf 69' lang='lat'>30,</span> <span class='ocrx_word' id='word_1_51' title='bbox 562 620 603 655; x_wconf 94' lang='lat'>11</span> <span class='ocrx_word' id='word_1_52' title='bbox 643 617 697 667; x_wconf 89' lang='lat' dir='ltr'>(in</span> <span class='ocrx_word' id='word_1_53' title='bbox 728 618 904 655; x_wconf 83' lang='lat' dir='ltr'>oratione</span> <span class='ocrx_word' id='word_1_54' title='bbox 932 618 1151 667; x_wconf 82' lang='lat' dir='ltr'>legatorum</span> <span class='ocrx_word' id='word_1_55' title='bbox 1183 618 1471 669; x_wconf 78' lang='lat' dir='ltr'>Campanorum</span> <span class='ocrx_word' id='word_1_56' title='bbox 1507 621 1646 657; x_wconf 83' lang='lat' dir='ltr'>auxili-</span> 
     </span>
     <span class='ocr_line' id='line_1_8' title="bbox 218 689 1646 739; baseline 0.001 -12"><span class='ocrx_word' id='word_1_57' title='bbox 218 704 283 727; x_wconf 92' lang='lat' dir='ltr'>um</span> <span class='ocrx_word' id='word_1_58' title='bbox 341 704 364 727; x_wconf 90' lang='lat' dir='ltr'>a</span> <span class='ocrx_word' id='word_1_59' title='bbox 411 690 600 728; x_wconf 82' lang='lat' dir='ltr'>Romanis</span> <span class='ocrx_word' id='word_1_60' title='bbox 661 696 798 727; x_wconf 83' lang='lat' dir='ltr'>contra</span> <span class='ocrx_word' id='word_1_61' title='bbox 854 689 1048 728; x_wconf 82' lang='lat' dir='ltr'>Samnites</span> <span class='ocrx_word' id='word_1_62' title='bbox 1094 691 1353 739; x_wconf 85' lang='lat' dir='ltr'>rogantium):</span> <span class='ocrx_word' id='word_1_63' title='bbox 1413 690 1646 728; x_wconf 83' lang='lat' dir='ltr'>Omnibus</span> 
     </span>
     <span class='ocr_line' id='line_1_9' title="bbox 221 760 1646 811; baseline 0 -12"><span class='ocrx_word' id='word_1_64' title='bbox 221 762 424 810; x_wconf 68' lang='lat' dir='ltr'>quidem,</span> <span class='ocrx_word' id='word_1_65' title='bbox 445 760 659 807; x_wconf 73' lang='lat' dir='ltr'>Romani,</span> <span class='ocrx_word' id='word_1_66' title='bbox 681 767 895 798; x_wconf 81' lang='lat' dir='ltr'>vestram</span> <span class='ocrx_word' id='word_1_67' title='bbox 918 761 1310 799; x_wconf 86' lang='lat' dir='ltr'>misericordiam</span> <span class='ocrx_word' id='word_1_68' title='bbox 1333 769 1646 811; x_wconf 84' lang='lat' dir='ltr'>vestrumque</span> 
     </span>
     <span class='ocr_line' id='line_1_10' title="bbox 220 833 1646 882; baseline 0.001 -12"><span class='ocrx_word' id='word_1_69' title='bbox 220 833 455 870; x_wconf 80' lang='lat' dir='ltr'>auxilium</span> <span class='ocrx_word' id='word_1_70' title='bbox 487 845 667 880; x_wconf 84' lang='lat' dir='ltr'>aequum</span> <span class='ocrx_word' id='word_1_71' title='bbox 699 838 771 869; x_wconf 79' lang='lat' dir='ltr'>est</span> <span class='ocrx_word' id='word_1_72' title='bbox 801 838 993 881; x_wconf 67' lang='lat' dir='ltr'>patere,</span> <span class='ocrx_word' id='word_1_73' title='bbox 1034 833 1098 869; x_wconf 88' lang='lat' dir='ltr'>iis</span> <span class='ocrx_word' id='word_1_74' title='bbox 1128 839 1287 870; x_wconf 85' lang='lat' dir='ltr'>tamen</span> <span class='ocrx_word' id='word_1_75' title='bbox 1310 833 1535 877; x_wconf 73' lang='lat' dir='ltr'>maxime,</span> <span class='ocrx_word' id='word_1_76' title='bbox 1567 834 1646 882; x_wconf 90' lang='lat' dir='ltr'>qui</span> 
     </span>
     <span class='ocr_line' id='line_1_11' title="bbox 220 903 1646 954; baseline 0.001 -14"><span class='ocrx_word' id='word_1_77' title='bbox 220 917 322 940; x_wconf 90' lang='lat' dir='ltr'>eam</span> <span class='ocrx_word' id='word_1_78' title='bbox 355 903 745 953; x_wconf 80' lang='lat' dir='ltr'>implorantibus</span> <span class='ocrx_word' id='word_1_79' title='bbox 784 904 897 940; x_wconf 88' lang='lat' dir='ltr'>aliis</span> <span class='ocrx_word' id='word_1_80' title='bbox 935 904 1172 941; x_wconf 79' lang='lat' dir='ltr'>auxilium</span> <span class='ocrx_word' id='word_1_81' title='bbox 1203 906 1306 942; x_wconf 85' lang='lat' dir='ltr'>dum</span> <span class='ocrx_word' id='word_1_82' title='bbox 1339 918 1486 954; x_wconf 88' lang='lat' dir='ltr'>supra</span> <span class='ocrx_word' id='word_1_83' title='bbox 1516 906 1646 943; x_wconf 89' lang='lat' dir='ltr'>vires</span> 
     </span>
     <span class='ocr_line' id='line_1_12' title="bbox 219 976 1646 1025; baseline 0.002 -14"><span class='ocrx_word' id='word_1_84' title='bbox 219 988 332 1012; x_wconf 87' lang='lat' dir='ltr'>suas</span> <span class='ocrx_word' id='word_1_85' title='bbox 377 980 634 1024; x_wconf 67' lang='lat' dir='ltr'>praestant7</span> <span class='ocrx_word' id='word_1_86' title='bbox 689 988 852 1012; x_wconf 85' lang='lat' dir='ltr'>omnes</span> <span class='ocrx_word' id='word_1_87' title='bbox 897 976 993 1025; x_wconf 90' lang='lat' dir='ltr'>ipsi</span> <span class='ocrx_word' id='word_1_88' title='bbox 1045 976 1090 1013; x_wconf 92' lang='lat' dir='ltr'>in</span> <span class='ocrx_word' id='word_1_89' title='bbox 1133 978 1254 1014; x_wconf 85' lang='lat' dir='ltr'>hane</span> <span class='ocrx_word' id='word_1_90' title='bbox 1299 978 1646 1014; x_wconf 79' lang='lat' dir='ltr'>necessitatem</span> 
     </span>
     <span class='ocr_line' id='line_1_13' title="bbox 218 1047 1649 1097; baseline 0.001 -13"><span class='ocrx_word' id='word_1_91' title='bbox 218 1052 469 1084; x_wconf 86' lang='lat' dir='ltr'>venerunt.</span> <span class='ocrx_word' id='word_1_92' title='bbox 528 1047 624 1083; x_wconf 85' lang='lat' dir='ltr'>Haec</span> <span class='ocrx_word' id='word_1_93' title='bbox 660 1047 797 1083; x_wconf 87' lang='lat' dir='ltr'>vitiata</span> <span class='ocrx_word' id='word_1_94' title='bbox 828 1060 923 1091; x_wconf 67' lang='lat' dir='ltr'>esse,</span> <span class='ocrx_word' id='word_1_95' title='bbox 969 1048 1073 1096; x_wconf 87' lang='lat' dir='ltr'>quod</span> <span class='ocrx_word' id='word_1_96' title='bbox 1105 1048 1219 1085; x_wconf 73' lang='lat' dir='ltr'>video</span> <span class='ocrx_word' id='word_1_97' title='bbox 1251 1048 1366 1084; x_wconf 88' lang='lat' dir='ltr'>etiam</span> <span class='ocrx_word' id='word_1_98' title='bbox 1398 1047 1495 1084; x_wconf 87' lang='lat' dir='ltr'>alios</span> <span class='ocrx_word' id='word_1_99' title='bbox 1526 1061 1649 1097; x_wconf 88' lang='lat' dir='ltr'>nuper</span> 
     </span>
     <span class='ocr_line' id='line_1_14' title="bbox 219 1118 1647 1167; baseline 0 -12"><span class='ocrx_word' id='word_1_100' title='bbox 219 1119 450 1167; x_wconf 68' lang='lat' dir='ltr'>suspicatos,</span> <span class='ocrx_word' id='word_1_101' title='bbox 484 1118 612 1155; x_wconf 87' lang='lat' dir='ltr'>multis</span> <span class='ocrx_word' id='word_1_102' title='bbox 635 1119 784 1155; x_wconf 78' lang='lat' dir='ltr'>indiciis</span> <span class='ocrx_word' id='word_1_103' title='bbox 815 1118 1061 1155; x_wconf 84' lang='lat' dir='ltr'>manifestum</span> <span class='ocrx_word' id='word_1_104' title='bbox 1092 1120 1144 1157; x_wconf 87' lang='lat' dir='ltr'>fit.</span> <span class='ocrx_word' id='word_1_105' title='bbox 1186 1120 1360 1156; x_wconf 84' lang='lat' dir='ltr'>Primum</span> <span class='ocrx_word' id='word_1_106' title='bbox 1392 1131 1511 1164; x_wconf 69' lang='lat' dir='ltr'>eam,</span> <span class='ocrx_word' id='word_1_107' title='bbox 1543 1119 1647 1167; x_wconf 91' lang='lat' dir='ltr'>quod</span> 
     </span>
     <span class='ocr_line' id='line_1_15' title="bbox 219 1188 1646 1239; baseline 0.001 -14"><span class='ocrx_word' id='word_1_108' title='bbox 219 1189 354 1226; x_wconf 83' lang='lat' dir='ltr'>referri</span> <span class='ocrx_word' id='word_1_109' title='bbox 388 1201 543 1226; x_wconf 83' lang='lat' dir='ltr'>neeesse</span> <span class='ocrx_word' id='word_1_110' title='bbox 581 1196 637 1226; x_wconf 85' lang='lat' dir='ltr'>est</span> <span class='ocrx_word' id='word_1_111' title='bbox 682 1190 731 1226; x_wconf 87' lang='lat' dir='ltr'>ad</span> <span class='ocrx_word' id='word_1_112' title='bbox 773 1196 987 1226; x_wconf 86' lang='lat' dir='ltr'>vestram</span> <span class='ocrx_word' id='word_1_113' title='bbox 1031 1190 1406 1227; x_wconf 77' lang='lat' dir='ltr'>miserem-diam</span> <span class='ocrx_word' id='word_1_114' title='bbox 1450 1188 1646 1239; x_wconf 83' lang='lat' dir='ltr'>(neglecto</span> 
     </span>
     <span class='ocr_line' id='line_1_16' title="bbox 220 1260 1647 1311; baseline 0 -14"><span class='ocrx_word' id='word_1_115' title='bbox 220 1261 355 1306; x_wconf 67' lang='lat' dir='ltr'>altero,</span> <span class='ocrx_word' id='word_1_116' title='bbox 383 1261 487 1309; x_wconf 89' lang='lat' dir='ltr'>quod</span> <span class='ocrx_word' id='word_1_117' title='bbox 516 1261 734 1306; x_wconf 62' lang='lat' dir='ltr'>intervenit,</span> <span class='ocrx_word' id='word_1_118' title='bbox 769 1260 1038 1305; x_wconf 68' lang='lat' dir='ltr'>auxilium),</span> <span class='ocrx_word' id='word_1_119' title='bbox 1068 1262 1230 1311; x_wconf 81' lang='lat' dir='ltr'>intelligi</span> <span class='ocrx_word' id='word_1_120' title='bbox 1263 1269 1391 1298; x_wconf 80' lang='lat' dir='ltr'>tamen</span> <span class='ocrx_word' id='word_1_121' title='bbox 1422 1262 1468 1297; x_wconf 90' lang='lat' dir='ltr'>de</span> <span class='ocrx_word' id='word_1_122' title='bbox 1499 1261 1647 1297; x_wconf 87' lang='lat' dir='ltr'>miseri-</span> 
     </span>
     <span class='ocr_line' id='line_1_17' title="bbox 220 1332 1649 1381; baseline -0.001 -12"><span class='ocrx_word' id='word_1_123' title='bbox 220 1332 353 1369; x_wconf 83' lang='lat' dir='ltr'>cordia</span> <span class='ocrx_word' id='word_1_124' title='bbox 400 1332 579 1368; x_wconf 83' lang='lat' dir='ltr'>universe</span> <span class='ocrx_word' id='word_1_125' title='bbox 632 1332 746 1368; x_wconf 72' lang='lat' dir='ltr'>debet,</span> <span class='ocrx_word' id='word_1_126' title='bbox 795 1336 851 1376; x_wconf 81' lang='lat' dir='ltr'>(ut</span> <span class='ocrx_word' id='word_1_127' title='bbox 895 1333 959 1369; x_wconf 83' lang='lat' dir='ltr'>sit:</span> <span class='ocrx_word' id='word_1_128' title='bbox 1014 1333 1096 1373; x_wconf 69' lang='lat' dir='ltr'>iis.</span> <span class='ocrx_word' id='word_1_129' title='bbox 1144 1332 1222 1381; x_wconf 91' lang='lat' dir='ltr'>qui</span> <span class='ocrx_word' id='word_1_130' title='bbox 1278 1345 1409 1368; x_wconf 85' lang='lat' dir='ltr'>suam</span> <span class='ocrx_word' id='word_1_131' title='bbox 1452 1332 1649 1369; x_wconf 86' lang='lat' dir='ltr'>miseri-</span> 
     </span>
     <span class='ocr_line' id='line_1_18' title="bbox 220 1403 1647 1452; baseline 0.001 -13"><span class='ocrx_word' id='word_1_132' title='bbox 220 1403 439 1440; x_wconf 81' lang='lat' dir='ltr'>cordiam</span> <span class='ocrx_word' id='word_1_133' title='bbox 468 1403 854 1452; x_wconf 75' lang='lat' dir='ltr'>implorantibus</span> <span class='ocrx_word' id='word_1_134' title='bbox 887 1403 1039 1448; x_wconf 85' lang='lat' dir='ltr'>aliis);</span> <span class='ocrx_word' id='word_1_135' title='bbox 1078 1404 1215 1440; x_wconf 81' lang='lat' dir='ltr'>deinde</span> <span class='ocrx_word' id='word_1_136' title='bbox 1237 1403 1344 1448; x_wconf 71' lang='lat' dir='ltr'>mire,</span> <span class='ocrx_word' id='word_1_137' title='bbox 1376 1415 1459 1451; x_wconf 88' lang='lat' dir='ltr'>quae</span> <span class='ocrx_word' id='word_1_138' title='bbox 1480 1403 1647 1452; x_wconf 86' lang='lat' dir='ltr'>primum</span> 
     </span>
     <span class='ocr_line' id='line_1_19' title="bbox 220 1473 1646 1523; baseline -0.001 -11"><span class='ocrx_word' id='word_1_139' title='bbox 220 1474 426 1512; x_wconf 77' lang='lat' dir='ltr'>coniuncta</span> <span class='ocrx_word' id='word_1_140' title='bbox 464 1483 584 1520; x_wconf 75' lang='lat' dir='ltr'>erant,</span> <span class='ocrx_word' id='word_1_141' title='bbox 618 1475 679 1512; x_wconf 82' lang='lat' dir='ltr'>hic</span> <span class='ocrx_word' id='word_1_142' title='bbox 710 1475 764 1512; x_wconf 79' lang='lat' dir='ltr'>sie</span> <span class='ocrx_word' id='word_1_143' title='bbox 794 1481 1046 1523; x_wconf 77' lang='lat' dir='ltr'>separantur,</span> <span class='ocrx_word' id='word_1_144' title='bbox 1087 1482 1128 1512; x_wconf 83' lang='lat' dir='ltr'>ut</span> <span class='ocrx_word' id='word_1_145' title='bbox 1164 1474 1459 1523; x_wconf 79' lang='lat' dir='ltr'>implorantibus</span> <span class='ocrx_word' id='word_1_146' title='bbox 1502 1473 1646 1511; x_wconf 87' lang='lat' dir='ltr'>miseri-</span> 
     </span>
     <span class='ocr_line' id='line_1_20' title="bbox 220 1545 1647 1596; baseline 0 -14"><span class='ocrx_word' id='word_1_147' title='bbox 220 1546 393 1583; x_wconf 82' lang='lat' dir='ltr'>cordiam</span> <span class='ocrx_word' id='word_1_148' title='bbox 424 1552 626 1595; x_wconf 87' lang='lat' dir='ltr'>praestetur</span> <span class='ocrx_word' id='word_1_149' title='bbox 646 1546 852 1591; x_wconf 81' lang='lat' dir='ltr'>auxilium3</span> <span class='ocrx_word' id='word_1_150' title='bbox 900 1554 1063 1596; x_wconf 85' lang='lat' dir='ltr'>apparet</span> <span class='ocrx_word' id='word_1_151' title='bbox 1100 1546 1221 1591; x_wconf 73' lang='lat' dir='ltr'>enim,</span> <span class='ocrx_word' id='word_1_152' title='bbox 1267 1545 1367 1581; x_wconf 87' lang='lat' dir='ltr'>idem</span> <span class='ocrx_word' id='word_1_153' title='bbox 1399 1545 1647 1594; x_wconf 86' lang='lat' dir='ltr'>imploratum</span> 
     </span>
     <span class='ocr_line' id='line_1_21' title="bbox 221 1617 1647 1667; baseline 0 -13"><span class='ocrx_word' id='word_1_154' title='bbox 221 1624 257 1654; x_wconf 86' lang='lat' dir='ltr'>et</span> <span class='ocrx_word' id='word_1_155' title='bbox 295 1624 519 1667; x_wconf 79' lang='lat' dir='ltr'>praestatum</span> <span class='ocrx_word' id='word_1_156' title='bbox 559 1617 634 1653; x_wconf 81' lang='lat' dir='ltr'>dici</span> <span class='ocrx_word' id='word_1_157' title='bbox 674 1618 875 1663; x_wconf 85' lang='lat' dir='ltr'>debuisse;</span> <span class='ocrx_word' id='word_1_158' title='bbox 922 1624 1002 1654; x_wconf 88' lang='lat' dir='ltr'>tum</span> <span class='ocrx_word' id='word_1_159' title='bbox 1041 1629 1181 1653; x_wconf 90' lang='lat' dir='ltr'>nomen</span> <span class='ocrx_word' id='word_1_160' title='bbox 1223 1617 1348 1665; x_wconf 82' lang='lat' dir='ltr'>ipsum</span> <span class='ocrx_word' id='word_1_161' title='bbox 1392 1617 1647 1663; x_wconf 78' lang='lat' dir='ltr'>auxilium,</span> 
     </span>
     <span class='ocr_line' id='line_1_22' title="bbox 220 1689 1646 1738; baseline 0.001 -13"><span class='ocrx_word' id='word_1_162' title='bbox 220 1689 258 1725; x_wconf 86' lang='lat' dir='ltr'>in</span> <span class='ocrx_word' id='word_1_163' title='bbox 290 1701 366 1737; x_wconf 88' lang='lat' dir='ltr'>quo</span> <span class='ocrx_word' id='word_1_164' title='bbox 400 1689 493 1725; x_wconf 87' lang='lat' dir='ltr'>nihil</span> <span class='ocrx_word' id='word_1_165' title='bbox 523 1689 707 1738; x_wconf 62' lang='lat' dir='ltr'>praecipui</span> <span class='ocrx_word' id='word_1_166' title='bbox 748 1695 805 1725; x_wconf 83' lang='lat' dir='ltr'>est</span> <span class='ocrx_word' id='word_1_167' title='bbox 842 1689 1045 1738; x_wconf 73' lang='lat' dir='ltr'>ponderis,</span> <span class='ocrx_word' id='word_1_168' title='bbox 1087 1700 1246 1737; x_wconf 82' lang='lat' dir='ltr'>prorsus</span> <span class='ocrx_word' id='word_1_169' title='bbox 1277 1702 1398 1737; x_wconf 82' lang='lat' dir='ltr'>prave</span> <span class='ocrx_word' id='word_1_170' title='bbox 1427 1689 1501 1738; x_wconf 88' lang='lat' dir='ltr'>ipsi</span> <span class='ocrx_word' id='word_1_171' title='bbox 1530 1690 1646 1726; x_wconf 84' lang='lat' dir='ltr'>etiam</span> 
     </span>
     <span class='ocr_line' id='line_1_23' title="bbox 220 1760 1648 1809; baseline 0.001 -12"><span class='ocrx_word' id='word_1_172' title='bbox 220 1760 479 1798; x_wconf 85' lang='lat' dir='ltr'>coniunctioni</span> <span class='ocrx_word' id='word_1_173' title='bbox 509 1760 746 1809; x_wconf 66' lang='lat' dir='ltr'>praeponitur</span> <span class='ocrx_word' id='word_1_174' title='bbox 778 1760 902 1808; x_wconf 91' lang='lat' dir='ltr'>(quod</span> <span class='ocrx_word' id='word_1_175' title='bbox 932 1773 979 1796; x_wconf 88' lang='lat' dir='ltr'>ne</span> <span class='ocrx_word' id='word_1_176' title='bbox 1012 1760 1050 1796; x_wconf 93' lang='lat' dir='ltr'>in</span> <span class='ocrx_word' id='word_1_177' title='bbox 1080 1760 1220 1808; x_wconf 81' lang='lat' dir='ltr'>insigni</span> <span class='ocrx_word' id='word_1_178' title='bbox 1247 1761 1401 1808; x_wconf 87' lang='lat' dir='ltr'>quidem</span> <span class='ocrx_word' id='word_1_179' title='bbox 1433 1762 1648 1798; x_wconf 75' lang='lat' dir='ltr'>contrario-</span> 
     </span>
     <span class='ocr_line' id='line_1_24' title="bbox 219 1830 1647 1880; baseline 0.001 -12"><span class='ocrx_word' id='word_1_180' title='bbox 219 1845 305 1868; x_wconf 88' lang='lat' dir='ltr'>rum</span> <span class='ocrx_word' id='word_1_181' title='bbox 337 1831 628 1880; x_wconf 84' lang='lat' dir='ltr'>comparatione</span> <span class='ocrx_word' id='word_1_182' title='bbox 658 1830 772 1867; x_wconf 81' lang='lat' dir='ltr'>facile</span> <span class='ocrx_word' id='word_1_183' title='bbox 802 1832 884 1878; x_wconf 83' lang='lat' dir='ltr'>fit);</span> <span class='ocrx_word' id='word_1_184' title='bbox 929 1839 1127 1880; x_wconf 81' lang='lat' dir='ltr'>postremo</span> <span class='ocrx_word' id='word_1_185' title='bbox 1176 1845 1337 1868; x_wconf 86' lang='lat' dir='ltr'>omnes</span> <span class='ocrx_word' id='word_1_186' title='bbox 1384 1832 1570 1878; x_wconf 70' lang='lat' dir='ltr'>additum,</span> <span class='ocrx_word' id='word_1_187' title='bbox 1611 1839 1647 1869; x_wconf 87' lang='lat' dir='ltr'>et</span> 
     </span>
     <span class='ocr_line' id='line_1_25' title="bbox 219 1903 1646 1953; baseline 0.001 -14"><span class='ocrx_word' id='word_1_188' title='bbox 219 1904 345 1953; x_wconf 89' lang='lat' dir='ltr'>primo</span> <span class='ocrx_word' id='word_1_189' title='bbox 376 1903 462 1939; x_wconf 86' lang='lat' dir='ltr'>loco</span> <span class='ocrx_word' id='word_1_190' title='bbox 495 1903 687 1947; x_wconf 78' lang='lat' dir='ltr'>additum,</span> <span class='ocrx_word' id='word_1_191' title='bbox 731 1910 852 1939; x_wconf 86' lang='lat' dir='ltr'>totam</span> <span class='ocrx_word' id='word_1_192' title='bbox 895 1903 1081 1952; x_wconf 74' lang='lat' dir='ltr'>pervertit</span> <span class='ocrx_word' id='word_1_193' title='bbox 1123 1903 1373 1948; x_wconf 65' lang='lat' dir='ltr'>sententiam,</span> <span class='ocrx_word' id='word_1_194' title='bbox 1418 1916 1502 1950; x_wconf 78' lang='lat' dir='ltr'>quae</span> <span class='ocrx_word' id='word_1_195' title='bbox 1532 1904 1571 1939; x_wconf 90' lang='lat' dir='ltr'>in</span> <span class='ocrx_word' id='word_1_196' title='bbox 1601 1917 1646 1940; x_wconf 91' lang='lat' dir='ltr'>eo</span> 
     </span>
     <span class='ocr_line' id='line_1_26' title="bbox 218 1973 1649 2024; baseline -0.001 -13"><span class='ocrx_word' id='word_1_197' title='bbox 218 1975 347 2024; x_wconf 84' lang='lat' dir='ltr'>posita</span> <span class='ocrx_word' id='word_1_198' title='bbox 379 1982 457 2019; x_wconf 69' lang='lat' dir='ltr'>est,</span> <span class='ocrx_word' id='word_1_199' title='bbox 488 1980 550 2018; x_wconf 71' lang='lat' dir='ltr'>ut,</span> <span class='ocrx_word' id='word_1_200' title='bbox 581 1974 646 2022; x_wconf 83' lang='lat' dir='ltr'>qui</span> <span class='ocrx_word' id='word_1_201' title='bbox 677 1979 793 2010; x_wconf 86' lang='lat' dir='ltr'>antea</span> <span class='ocrx_word' id='word_1_202' title='bbox 823 1974 907 2010; x_wconf 88' lang='lat' dir='ltr'>aliis</span> <span class='ocrx_word' id='word_1_203' title='bbox 935 1974 1120 2010; x_wconf 78' lang='lat' dir='ltr'>auxilium</span> <span class='ocrx_word' id='word_1_204' title='bbox 1153 1973 1449 2022; x_wconf 83' lang='lat' dir='ltr'>implorantibus</span> <span class='ocrx_word' id='word_1_205' title='bbox 1479 1974 1649 2019; x_wconf 69' lang='lat' dir='ltr'>tulerint7</span> 
     </span>
     <span class='ocr_line' id='line_1_27' title="bbox 220 2044 1647 2095; baseline -0.001 -12"><span class='ocrx_word' id='word_1_206' title='bbox 220 2046 293 2095; x_wconf 80' lang='lat' dir='ltr'>ipsi</span> <span class='ocrx_word' id='word_1_207' title='bbox 324 2046 469 2082; x_wconf 82' lang='lat' dir='ltr'>auxilio</span> <span class='ocrx_word' id='word_1_208' title='bbox 501 2044 605 2093; x_wconf 81' lang='lat' dir='ltr'>digni</span> <span class='ocrx_word' id='word_1_209' title='bbox 635 2045 863 2091; x_wconf 76' lang='lat' dir='ltr'>iudicentur,</span> <span class='ocrx_word' id='word_1_210' title='bbox 894 2046 999 2081; x_wconf 89' lang='lat' dir='ltr'>nulla</span> <span class='ocrx_word' id='word_1_211' title='bbox 1021 2046 1203 2081; x_wconf 74' lang='lat' dir='ltr'>adiuncta</span> <span class='ocrx_word' id='word_1_212' title='bbox 1229 2045 1398 2081; x_wconf 84' lang='lat' dir='ltr'>omnium</span> <span class='ocrx_word' id='word_1_213' title='bbox 1431 2053 1497 2082; x_wconf 80' lang='lat' dir='ltr'>aut</span> <span class='ocrx_word' id='word_1_214' title='bbox 1526 2047 1647 2095; x_wconf 87' lang='lat' dir='ltr'>partis</span> 
     </span>
     <span class='ocr_line' id='line_1_28' title="bbox 220 2115 1652 2166; baseline 0 -12"><span class='ocrx_word' id='word_1_215' title='bbox 220 2117 468 2166; x_wconf 75' lang='lat' dir='ltr'>cogitatione.</span> <span class='ocrx_word' id='word_1_216' title='bbox 534 2116 688 2152; x_wconf 89' lang='lat' dir='ltr'>Horum</span> <span class='ocrx_word' id='word_1_217' title='bbox 721 2115 903 2153; x_wconf 86' lang='lat' dir='ltr'>vitiorum</span> <span class='ocrx_word' id='word_1_218' title='bbox 936 2116 1241 2153; x_wconf 82' lang='lat' dir='ltr'>emendationem</span> <span class='ocrx_word' id='word_1_219' title='bbox 1273 2116 1463 2164; x_wconf 82' lang='lat' dir='ltr'>gradatim</span> <span class='ocrx_word' id='word_1_220' title='bbox 1498 2130 1652 2165; x_wconf 74' lang='lat' dir='ltr'>quaera·</span> 
     </span>
     <span class='ocr_line' id='line_1_29' title="bbox 220 2187 1646 2236; baseline -0.001 -11"><span class='ocrx_word' id='word_1_221' title='bbox 220 2200 317 2225; x_wconf 88' lang='lat' dir='ltr'>mus.</span> <span class='ocrx_word' id='word_1_222' title='bbox 389 2188 564 2225; x_wconf 87' lang='lat' dir='ltr'>Primum</span> <span class='ocrx_word' id='word_1_223' title='bbox 602 2187 718 2236; x_wconf 83' lang='lat' dir='ltr'>igitur</span> <span class='ocrx_word' id='word_1_224' title='bbox 761 2188 1129 2232; x_wconf 65' lang='lat' dir='ltr'>animadvertamus,</span> <span class='ocrx_word' id='word_1_225' title='bbox 1174 2187 1277 2235; x_wconf 89' lang='lat' dir='ltr'>quod</span> <span class='ocrx_word' id='word_1_226' title='bbox 1309 2188 1404 2223; x_wconf 85' lang='lat' dir='ltr'>ordo</span> <span class='ocrx_word' id='word_1_227' title='bbox 1439 2188 1646 2224; x_wconf 76' lang='lat' dir='ltr'>verborum</span> 
     </span>
    </p>
   </div>
   <div class='ocr_carea' id='block_1_3' title="bbox 220 2258 1646 2307">
    <p class='ocr_par' dir='ltr' id='par_1_4' title="bbox 220 2258 1646 2307">
     <span class='ocr_line' id='line_1_30' title="bbox 220 2258 1646 2307; baseline 0 -12"><span class='ocrx_word' id='word_1_228' title='bbox 220 2259 484 2303; x_wconf 64' lang='lat' dir='ltr'>demonstrat,</span> <span class='ocrx_word' id='word_1_229' title='bbox 522 2259 603 2295; x_wconf 84' lang='lat' dir='ltr'>haec</span> <span class='ocrx_word' id='word_1_230' title='bbox 634 2258 904 2307; x_wconf 76' lang='lat' dir='ltr'>coniungenda</span> <span class='ocrx_word' id='word_1_231' title='bbox 951 2271 1052 2294; x_wconf 79' lang='lat' dir='ltr'>esse:</span> <span class='ocrx_word' id='word_1_232' title='bbox 1101 2258 1486 2306; x_wconf 84' lang='lat' dir='ltr'>implorantibus</span> <span class='ocrx_word' id='word_1_233' title='bbox 1535 2259 1646 2295; x_wconf 85' lang='lat' dir='ltr'>aliis</span> 
     </span>
    </p>
   </div>
   <div class='ocr_carea' id='block_1_4' title="bbox 313 2451 1646 2679">
    <p class='ocr_par' dir='ltr' id='par_1_5' title="bbox 313 2451 1646 2679">
     <span class='ocr_line' id='line_1_31' title="bbox 314 2451 1646 2494; baseline -0.001 -12"><span class='ocrx_word' id='word_1_234' title='bbox 314 2452 357 2482; x_wconf 85' lang='lat' dir='ltr'>ad</span> <span class='ocrx_word' id='word_1_235' title='bbox 383 2452 426 2490; x_wconf 91' lang='lat' dir='ltr'>V,</span> <span class='ocrx_word' id='word_1_236' title='bbox 455 2455 518 2493; x_wconf 78' lang='lat'>47,</span> <span class='ocrx_word' id='word_1_237' title='bbox 555 2454 605 2494; x_wconf 89' lang='grc'>6.)</span> <span class='ocrx_word' id='word_1_238' title='bbox 638 2452 767 2491; x_wconf 82' lang='lat' dir='ltr'>Coriis,</span> <span class='ocrx_word' id='word_1_239' title='bbox 794 2459 902 2490; x_wconf 71' lang='lat' dir='ltr'>veste,</span> <span class='ocrx_word' id='word_1_240' title='bbox 929 2452 1020 2489; x_wconf 81' lang='lat' dir='ltr'>aliis,</span> <span class='ocrx_word' id='word_1_241' title='bbox 1056 2461 1129 2492; x_wconf 78' lang='lat' dir='ltr'>quae</span> <span class='ocrx_word' id='word_1_242' title='bbox 1154 2452 1460 2493; x_wconf 71' lang='lat' dir='ltr'>superiniiciuntur,</span> <span class='ocrx_word' id='word_1_243' title='bbox 1487 2451 1646 2491; x_wconf 81' lang='lat' dir='ltr'>integi-</span> 
     </span>
     <span class='ocr_line' id='line_1_32' title="bbox 315 2512 1646 2555; baseline -0.001 -12"><span class='ocrx_word' id='word_1_244' title='bbox 315 2519 384 2544; x_wconf 86' lang='lat' dir='ltr'>tur</span> <span class='ocrx_word' id='word_1_245' title='bbox 417 2514 563 2554; x_wconf 79' lang='lat' dir='ltr'>aliqnid,</span> <span class='ocrx_word' id='word_1_246' title='bbox 610 2516 808 2546; x_wconf 86' lang='lat' dir='ltr'>intendente</span> <span class='ocrx_word' id='word_1_247' title='bbox 842 2514 1082 2555; x_wconf 51' lang='lat' dir='ltr'>praepositione</span> <span class='ocrx_word' id='word_1_248' title='bbox 1123 2523 1194 2543; x_wconf 74' lang='lat' dir='ltr'>cam</span> <span class='ocrx_word' id='word_1_249' title='bbox 1231 2512 1533 2552; x_wconf 77' lang='lat' dir='ltr'>significationem,</span> <span class='ocrx_word' id='word_1_250' title='bbox 1571 2522 1646 2553; x_wconf 77' lang='lat' dir='ltr'>quae</span> 
     </span>
     <span class='ocr_line' id='line_1_33' title="bbox 313 2574 1645 2617; baseline -0.002 -11"><span class='ocrx_word' id='word_1_251' title='bbox 313 2578 382 2607; x_wconf 85' lang='lat' dir='ltr'>iam</span> <span class='ocrx_word' id='word_1_252' title='bbox 409 2576 442 2606; x_wconf 88' lang='lat' dir='ltr'>in</span> <span class='ocrx_word' id='word_1_253' title='bbox 468 2578 570 2608; x_wconf 76' lang='lat' dir='ltr'>verbo</span> <span class='ocrx_word' id='word_1_254' title='bbox 597 2578 733 2617; x_wconf 82' lang='lat' dir='ltr'>tegendi</span> <span class='ocrx_word' id='word_1_255' title='bbox 760 2582 822 2614; x_wconf 68' lang='lat' dir='ltr'>est,</span> <span class='ocrx_word' id='word_1_256' title='bbox 851 2581 883 2607; x_wconf 87' lang='lat' dir='ltr'>et</span> <span class='ocrx_word' id='word_1_257' title='bbox 905 2577 1082 2607; x_wconf 76' lang='lat' dir='ltr'>certiorem</span> <span class='ocrx_word' id='word_1_258' title='bbox 1109 2575 1290 2613; x_wconf 78' lang='lat' dir='ltr'>reddente-3</span> <span class='ocrx_word' id='word_1_259' title='bbox 1317 2574 1429 2611; x_wconf 80' lang='lat' dir='ltr'>armis,</span> <span class='ocrx_word' id='word_1_260' title='bbox 1457 2575 1645 2604; x_wconf 85' lang='lat' dir='ltr'>munimen-</span> 
     </span>
     <span class='ocr_line' id='line_1_34' title="bbox 313 2637 1642 2679; baseline -0.002 -11"><span class='ocrx_word' id='word_1_261' title='bbox 313 2638 375 2675; x_wconf 85' lang='lat' dir='ltr'>tis,</span> <span class='ocrx_word' id='word_1_262' title='bbox 416 2639 577 2679; x_wconf 86' lang='lat' dir='ltr'>quicquid</span> <span class='ocrx_word' id='word_1_263' title='bbox 620 2639 813 2679; x_wconf 82' lang='lat' dir='ltr'>oppositum</span> <span class='ocrx_word' id='word_1_264' title='bbox 854 2637 978 2669; x_wconf 82' lang='lat' dir='ltr'>infesta</span> <span class='ocrx_word' id='word_1_265' title='bbox 1016 2644 1125 2675; x_wconf 79' lang='lat' dir='ltr'>arcet,</span> <span class='ocrx_word' id='word_1_266' title='bbox 1164 2637 1358 2677; x_wconf 83' lang='lat' dir='ltr'>tegimur</span> <span class='ocrx_word' id='word_1_267' title='bbox 1396 2641 1539 2674; x_wconf 74' lang='lat' dir='ltr'>tantum,</span> <span class='ocrx_word' id='word_1_268' title='bbox 1576 2646 1642 2667; x_wconf 86' lang='lat' dir='ltr'>non</span> 
     </span>
    </p>
   </div>
   <div class='ocr_carea' id='block_1_5' title="bbox 310 2700 506 2740">
    <p class='ocr_par' dir='ltr' id='par_1_6' title="bbox 310 2700 506 2740">
     <span class='ocr_line' id='line_1_35' title="bbox 310 2700 506 2740; baseline 0.005 -10"><span class='ocrx_word' id='word_1_269' title='bbox 310 2700 379 2730; x_wconf 83' lang='lat' dir='ltr'>inte</span> <span class='ocrx_word' id='word_1_270' title='bbox 384 2700 506 2740; x_wconf 83' lang='lat' dir='ltr'>gimur.</span> 
     </span>
    </p>
   </div>
  </div>
 </body>
</html>
