1811 2925
894 138 937 172 10

206 265 378 310 medio,
408 263 678 309 contrarioque
711 270 839 296 errore
852 285 861 303 ,
899 256 1031 292 addito
1061 270 1116 301 m,
1146 257 1230 301 III,
1264 257 1313 293 36
1325 284 1334 301 ,
1368 261 1388 294 5
1420 265 1547 294 ortum
1575 258 1621 294 in

207 342 377 373 senatu
408 341 491 371 aut.
519 334 568 369 in
604 329 831 380 populum
860 327 1074 364 misisset
1112 327 1231 377 (quod
1263 334 1340 364 tres
1371 327 1426 364 illi
1456 328 1620 365 editores

207 405 422 454 tenuerunt)
437 433 446 450 ,
491 404 563 440 nisi
603 401 706 450 quod
743 399 794 435 ibi
832 398 961 434 nocuit
993 397 1108 434 etiam
1149 411 1184 438 m
1213 398 1339 435 littera
1368 411 1530 447 sequens
1565 402 1623 447 (ut

207 477 258 522 V,
291 478 353 521 32,
386 478 420 521 3,
452 477 498 512 de
530 487 606 522 quo
636 473 722 508 loco
757 470 897 516 dicam)
911 466 957 511 ¹).
1020 468 1180 513 Verum,
1210 475 1251 504 ut
1275 469 1366 513 dixi,
1396 470 1470 506 hoc
1492 470 1620 506 mendi

205 561 343 596 genere
373 546 560 583 sententia
596 543 677 580 fere
706 554 783 578 non
813 541 1059 583 obscuratum
1088 540 1245 587 gravius
1277 540 1437 577 alterum
1469 548 1526 577 est
1556 554 1622 590 ge—

207 632 299 664 nus,
347 619 449 666 quod
482 617 520 653 in
553 615 653 652 Livii
685 613 859 650 codicum
890 611 1118 658 archetypo,
1164 615 1206 645 ut
1236 609 1275 645 in
1305 610 1388 647 aliis
1427 612 1620 648 codicibus

208 690 373 738 antiquis
393 688 530 738 (etiam
550 684 715 733 Graecis)
743 683 819 718 late
846 681 1016 731 patuisse
1046 679 1271 728 significavi.
1303 687 1343 717 ut
1372 694 1487 719 voces
1518 695 1622 729 casu,

207 774 356 810 genere,
386 771 547 796 numero
578 768 699 805 prave
730 753 1115 790 accommodarentur
1147 751 1196 787 ad
1226 751 1369 788 vicinas
1383 781 1392 797 ‚
1425 754 1528 801 quod
1559 760 1624 791 aut

206 831 384 868 librarius
418 842 483 866 eas
521 841 606 866 cum
648 827 722 863 illis
761 825 983 861 coniunctas
1016 829 1169 871 putaret
1199 829 1265 858 aut
1297 823 1429 859 saltem
1464 824 1625 861 obscure

208 904 243 939 in
275 902 403 938 animo
435 901 624 937 calamum
656 896 804 946 regenti
832 897 993 931 haereret
1018 894 1151 930 formae
1170 894 1430 942 grammaticae
1448 895 1624 943 proxime

206 972 454 1022 praecedentis
477 970 662 1008 memoria
682 968 908 1018 proximeve
927 966 1119 1014 sequentis
1145 965 1327 1013 cogitatio
1343 966 1624 1014 praeciperetur.

207 1044 332 1080 Huius
349 1043 498 1092 generis
517 1057 536 1079 e
551 1043 650 1079 libro
666 1040 778 1077 tertio
798 1045 833 1075 et
844 1044 981 1086 quarto
997 1036 1174 1085 exempla
1188 1037 1267 1072 haec
1284 1043 1380 1072 sunt:
1396 1037 1471 1081 III,
1484 1040 1519 1083 6,
1534 1039 1555 1074 3
1574 1050 1626 1074 ea

208 1127 228 1151 c
239 1115 335 1151 ollu
348 1115 425 1150 vio
437 1128 460 1150 n
471 1128 490 1150 e
519 1118 606 1163 (pro
637 1125 656 1148 c
667 1111 853 1148 olluvio
881 1115 1039 1158 propter
1059 1114 1259 1155 sequentes
1284 1108 1503 1156 ablativos),
1524 1110 1560 1153 9,
1579 1111 1623 1145 10

208 1198 297 1222 non
327 1185 446 1222 illud
476 1184 735 1221 consulare
764 1181 1017 1229 imperium
1035 1177 1146 1227 (nou
1163 1178 1322 1228 illuni).v
1351 1181 1410 1225 13,
1433 1181 1453 1216 8
1478 1180 1625 1216 vades

208 1257 435 1307 publicos
474 1256 605 1292 dedit
651 1253 862 1303 (publico
902 1257 1003 1287 recte
1040 1249 1262 1287 Gronovius
1303 1251 1451 1286 restitui
1487 1251 1626 1293 voluit3

209 1329 394 1378 publici
439 1327 585 1363 vades
627 1331 753 1361 esseut
783 1337 806 1360 a
843 1323 986 1372 populo
1018 1321 1115 1357 dati.
1157 1333 1230 1356 non
1259 1320 1443 1371 populo).
1494 1325 1560 1366 18,
1603 1323 1624 1358 3

209 1399 499 1436 demerendo
532 1395 779 1433 beneficio
813 1392 1142 1439 (demerendi),
1176 1393 1235 1428 34.
1270 1394 1290 1429 6
1323 1393 1378 1428 ad
1409 1406 1625 1430 rumores

210 1472 448 1508 hominum
480 1469 532 1504 de
563 1481 653 1504 uno
668 1478 861 1515 quoque
891 1465 1048 1512 legum
1080 1463 1239 1511 capite
1277 1464 1407 1500 edito
1452 1465 1624 1512 (editos

211 1542 394 1578 Dukerus
432 1539 579 1576 restitui
626 1539 706 1574 iure
743 1537 884 1581 volui13
932 1534 1062 1571 nocuit
1101 1534 1264 1571 fortasse
1302 1535 1415 1571 etiam
1461 1548 1624 1584 sequens

210 1614 337 1649 littera
370 1618 427 1661 s).
474 1614 544 1647 40.
582 1613 599 1646 7
648 1619 964 1657 quoscunque
1003 1605 1318 1652 magistratus
1364 1608 1470 1654 (quo
1485 1607 1626 1642 dcun-

211 1698 234 1733 q
245 1698 317 1728 ue,
349 1683 395 1718 de
427 1694 502 1729 quo
532 1681 617 1716 loco
648 1692 820 1716 seorsum
857 1678 1000 1724 dicam)
1015 1705 1024 1716 ,
1056 1677 1131 1712 ibd.
1174 1680 1211 1714 11
1250 1677 1303 1713 de
1334 1690 1384 1712 eo
1417 1690 1471 1725 qu
1485 1690 1506 1714 o
1538 1677 1576 1712 V
1586 1690 1626 1713 a·

210 1757 363 1792 lerius
395 1753 732 1799 Horatiusque
765 1771 812 1776 ——
846 1748 1125 1785 insimulent
1164 1748 1230 1796 (de
1261 1761 1333 1786 eO.
1363 1749 1506 1797 quod;
1537 1761 1626 1797 pra-

211 1841 299 1864 vum
335 1822 602 1863 Alschefskius
618 1850 626 1858 .
658 1820 1007 1858 Weissenbornius.
1039 1819 1216 1855 Hei-taius
1247 1819 1365 1855 secuti
1396 1820 1500 1866 sunt)
1514 1847 1523 1860 ,
1564 1822 1625 1861 50,

221 1903 258 1936 11
291 1896 612 1946 profligatam
644 1893 733 1929 iam
766 1904 862 1927 rem
895 1914 941 1918 ——
966 1891 1120 1926 Romae
1151 1902 1252 1926 esse
1282 1890 1626 1937 insecutosque

238 2070 270 2111 1)
304 2072 356 2103 Dc
391 2072 509 2101 codcm
551 2070 671 2100 erroris
718 2078 840 2109 genere
891 2070 924 2098 in
966 2068 1081 2098 codice
1122 2066 1263 2096 Puteani
1298 2074 1329 2096 et
1369 2065 1467 2095 tortia
1499 2065 1626 2095 decade

309 2134 420 2163 dic-am
447 2133 592 2162 breviter
618 2133 660 2162 ad
686 2131 819 2162 XXIII,
846 2135 876 2167 3,
905 2135 934 2161 23.
1000 2130 1077 2160 Non
1102 2138 1188 2168 ncgo
1213 2128 1283 2158 fieri
1309 2128 1478 2168 potuisse,
1506 2132 1543 2156 ut
1569 2125 1627 2156 Li-

308 2196 359 2225 vio
387 2194 488 2225 semel
515 2195 677 2225 iterumve
705 2195 765 2225 sub
793 2203 934 2225 ncumcn
962 2193 1028 2223 stili
1056 2191 1180 2221 venerit
1206 2191 1250 2220 in
1275 2193 1551 2231 potestatem,
1585 2188 1627 2217 in

307 2257 549 2288 amicitiam
587 2257 778 2288 alicuius
816 2266 923 2293 essm
970 2262 1002 2285 ct
1040 2260 1152 2284 tamen
1182 2252 1252 2283 haec
1285 2252 1393 2283 multo
1427 2251 1550 2281 rectius
1585 2259 1626 2280 ex

308 2320 454 2358 antiquis
472 2319 644 2349 codicibus
671 2319 823 2349 adnotari
851 2328 950 2358 quam
978 2318 1010 2347 in
1037 2322 1224 2346 nostraimm
1253 2315 1437 2344 editionum
1465 2318 1625 2343 contextu

308 2392 375 2411 uuo
402 2387 433 2411 ct
459 2381 566 2411 altero
592 2381 668 2411 loco
694 2382 773 2422 poni
800 2387 898 2421 puto,
928 2378 1198 2419 qnandoquidem
1228 2378 1262 2407 in
1288 2375 1439 2417 pluribus
1464 2374 1548 2405 locis
1576 2383 1627 2404 rc-

308 2444 453 2474 tiucmus
488 2443 527 2472 in
562 2448 793 2483 potestate.
871 2442 989 2473 Codex
1014 2441 1148 2480 quidem
1174 2439 1348 2469 Medieeus
1378 2438 1478 2476 longe
1505 2436 1626 2476 saepius

309 2516 409 2546 quam
437 2504 554 2540 ceteri,
595 2505 683 2543 quod
711 2504 843 2543 quidem
872 2509 1019 2539 constet,
1063 2513 1090 2535 m
1118 2511 1215 2542 pmve
1240 2501 1392 2531 additum
1426 2499 1546 2538 babet,
1585 2507 1628 2528 ex

308 2577 374 2606 quo
415 2576 479 2596 uuo
517 2575 590 2606 quse
617 2572 767 2596 monstra
795 2563 1032 2596 Alschefskius
1067 2564 1098 2593 iu
1137 2563 1222 2594 Livii
1259 2562 1444 2593 orationem
1476 2559 1628 2590 intulerit

310 2628 420 2669 (velut
457 2626 561 2663 VIII,
608 2631 666 2657 12.
693 2630 710 2657 5
740 2627 929 2667 pai-tium
968 2626 1006 2656 in
1042 2624 1350 2666 rempublicam
1388 2620 1626 2661 memores),

308 2690 412 2731 pudet
442 2689 562 2719 dicere.
