1811 2925
252 134 327 167 Lib.
347 135 424 168 XL.
924 137 1001 171 470

252 258 473 305 pharunt.
536 258 745 294 Tantum
790 259 958 293 hostes
990 256 1120 292 ducti
1149 263 1256 293 ante
1292 270 1509 302 currum,
1558 258 1672 305 quia

252 340 334 363 nec
378 326 505 374 quod
543 328 761 364 ferretur
805 338 959 374 neque
1004 327 1128 374 quod
1173 328 1435 363 duceretur
1479 333 1670 376 captum

251 409 402 444 neque
434 398 557 444 quod
595 397 838 433 militibus
880 397 1097 441 daretur,
1139 397 1393 445 quiequam
1423 397 1467 433 in
1500 398 1671 434 trium-

251 467 356 514 phis
387 479 547 503 eorum
582 467 753 503 fuerat.
806 467 932 512 Unde,
955 479 1097 514 quaeso,
1128 468 1293 503 hostes
1324 473 1432 503 ante
1463 480 1671 514 currum⁷

251 537 282 572 si
313 549 438 584 neque
480 537 620 573 bellum
662 544 811 585 gestum
845 543 927 573 erat
973 550 1043 573 nee
1074 537 1303 584 quicquam,
1336 538 1437 586 quod
1469 538 1672 574 duceretur

250 606 432 655 captum?
491 607 622 656 Ipsum
638 608 729 643 hoc:
765 607 894 655 quod
926 607 1187 644 duceretur
1217 614 1407 655 captum
1438 609 1491 645 sie
1522 609 1671 654 dicitur,

250 683 290 712 ut
319 683 466 713 tantum
500 677 645 725 aliquid
676 690 752 712 non
783 677 885 725 capt-i
916 678 1072 714 ductum
1112 690 1194 714 esse
1234 678 1477 725 significetur.
1549 680 1669 715 Tan-

248 753 344 783 tum
375 753 503 784 aut-em
534 748 588 784 sie
620 748 787 796 ponitur,
828 754 1013 796 tanquam
1052 749 1181 784 hostes
1210 748 1350 796 exigua
1391 760 1547 792 eorum,
1586 761 1672 796 quae

247 822 336 853 ante
366 830 518 854 currum
551 818 791 864 ducerentur,
809 830 899 867 pars
933 831 1015 854 esse
1041 818 1319 863 consueverint,
1354 819 1429 854 alia
1445 826 1571 854 autem
1589 832 1669 854 ma-

247 888 332 924 iora
349 893 428 924 tum
471 887 647 925 afuerint.
725 889 850 936 Atqui
882 895 971 924 ante
995 901 1146 925 currum
1165 889 1258 925 nihil
1288 889 1441 925 omnino
1459 890 1673 925 ducebatur

246 965 385 1006 praeter
418 960 547 995 hostes
579 965 713 1007 captos
746 966 803 1004 et,
845 972 929 1007 quae
961 960 1093 995 deesse
1125 972 1200 995 uon
1233 966 1436 1007 poterant,
1480 959 1668 998 victimas.

246 1030 429 1073 Tenetur,
460 1030 608 1078 opinor,
640 1029 844 1066 manifesto
876 1030 1055 1065 mendum
1097 1042 1144 1065 ex
1180 1030 1460 1077 permutatione
1490 1029 1669 1066 similium

245 1100 522 1136 vocabulorum
553 1106 698 1145 natum,
731 1101 868 1136 deinde
900 1100 1147 1143 occultatum,
1178 1099 1249 1134 nisi
1276 1099 1312 1134 in
1347 1099 1431 1147 ipso
1465 1099 1596 1135 codiee
1628 1099 1669 1135 M

245 1169 407 1217 legendo
433 1170 484 1211 (in
516 1183 592 1217 quo
624 1184 699 1206 uno
733 1170 924 1218 posterior
954 1169 1065 1205 huius
1096 1169 1183 1205 libri
1213 1182 1302 1217 pars
1333 1169 1419 1205 iude
1451 1183 1472 1205 a
1504 1183 1588 1218 cap.
1618 1172 1664 1206 37

247 1240 343 1275 med.
375 1246 531 1276 servata
561 1242 635 1289 est)
663 1255 686 1277 a
717 1241 842 1289 primo
874 1239 1022 1275 editore
1060 1240 1278 1275 aberratum
1314 1237 1428 1286 ests).
1496 1239 1670 1288 Scripse-

246 1318 306 1346 rat
344 1311 444 1346 enim
476 1311 626 1347 Livius:
671 1318 856 1347 tantum
905 1310 1078 1349 hostiae
1111 1310 1259 1349 duetae
1307 1316 1416 1345 ante
1465 1322 1666 1346 currum.

246 1379 392 1417 Similis
423 1380 604 1429 triumphi
620 1381 766 1429 species
797 1381 834 1416 in
866 1380 950 1415 libr.
965 1380 1191 1423 XXXIAS)
1226 1379 1470 1416 describitur:
1513 1393 1669 1428 neque

245 1450 431 1498 captivi
461 1450 549 1486 ulli
580 1459 689 1488 ante
715 1463 908 1487 currum
934 1449 1071 1485 ducti
1096 1450 1438 1497 nequespolia
1463 1450 1666 1498 praelata

244 1533 398 1568 neque
423 1520 609 1556 milites
639 1521 808 1564 secuti,
839 1519 912 1555 nisi
937 1519 1040 1567 quod
1064 1519 1115 1554 ibi
1138 1519 1272 1555 hostiae
1303 1533 1379 1556 non
1407 1521 1666 1560 nominantur,

243 1590 405 1626 Plenam
450 1602 632 1638 pompam
682 1598 719 1627 et·
766 1590 979 1626 hostiarum
1025 1597 1061 1625 et
1090 1590 1255 1626 hostium
1289 1596 1460 1626 notatam
1492 1590 1666 1626 videmus

242 1660 447 1704 XXXIV,
478 1661 540 1703 52,
572 1663 593 1697 9
626 1661 663 1696 in
695 1662 742 1697 T.
775 1661 954 1708 Quinctio
986 1660 1201 1708 triumpho:
1233 1667 1277 1697 et
1307 1660 1476 1697 hostiae
1507 1660 1665 1696 duetae

243 1736 287 1766 et
318 1736 426 1766 ante
470 1742 658 1766 currum
703 1730 845 1766 multi
886 1731 1075 1766 nobiles
1120 1731 1303 1779 captivi
1354 1730 1663 1777 obsidesque.

242 1800 478 1837 Hostibus
511 1813 581 1848 pro
616 1802 791 1837 hostiis
831 1801 889 1836 bis
919 1801 956 1836 in
988 1800 1118 1837 codice
1149 1800 1442 1837 Vindobonensi
1473 1800 1664 1845 scribitur,

240 1870 377 1915 XLII,
410 1872 474 1916 28,
507 1873 526 1907 7
561 1876 597 1906 et
628 1871 789 1916 XLIII,
826 1873 872 1906 14
905 1877 1000 1906 extr.

353 1940 450 1989 Cap.
484 1943 553 1986 40,
610 1942 641 1980 l.
701 1940 815 1987 Quod
859 1941 932 1976 hoc
980 1941 1065 1977 loeo
1095 1941 1289 1977 scribitur:
1331 1941 1528 1976 meliore
1569 1941 1660 1976 ali-

241 2017 469 2058 quantum
499 2023 699 2059 genere,
731 2010 764 2046 ei
793 2023 929 2055 unum,
980 2018 1163 2059 quantum
1196 2011 1287 2054 scio,
1318 2010 1439 2047 simile
1470 2017 1527 2046 est
1557 2011 1660 2058 apud

240 2081 390 2117 Livium
437 2081 659 2130 exemplum
710 2081 748 2117 iu
792 2081 891 2117 libro
922 2082 987 2126 X,
1020 2084 1093 2126 35,
1126 2083 1167 2117 2:
1218 2088 1442 2129 quantum
1486 2081 1532 2116 in
1576 2093 1659 2116 sua

240 2157 378 2198 parte
405 2152 513 2199 plus
547 2152 799 2188 vulnerum
841 2164 893 2187 ae
925 2152 1067 2188 caedis
1098 2151 1193 2188 fuis
1210 2159 1308 2196 set,
1349 2164 1464 2198 quum
1506 2158 1658 2187 contra-

237 2220 294 2256 rio
326 2222 440 2257 modo
472 2228 509 2258 et-
541 2223 589 2258 ad
620 2222 792 2270 regulam
828 2222 984 2258 infinitis
1006 2223 1099 2258 locis
1119 2222 1325 2270 scripserit.
1391 2223 1529 2269 ltaque
1545 2221 1660 2258 valde

237 2303 385 2335 vereor,
419 2304 466 2327 ne
497 2292 555 2327 his
587 2293 736 2329 duobus
768 2292 861 2329 loeis
894 2305 964 2328 um
996 2305 1065 2341 pro
1103 2306 1124 2330 ο
1156 2306 1176 2328 e
1207 2293 1380 2340 sequenti
1411 2306 1445 2332 m
1477 2293 1556 2338 (in)
1592 2305 1656 2327 or-

237 2368 315 2397 tum
348 2362 397 2397 sit
426 2362 696 2411 scripseritque
719 2363 852 2399 Livius
886 2363 1083 2398 meliore
1117 2363 1373 2411 aliquanto
1411 2370 1447 2398 et
1479 2371 1658 2410 quanto

262 2588 290 2630 ¹)
331 2592 406 2622 Hoc
434 2592 524 2623 enim
551 2593 584 2622 in
612 2593 743 2633 reliqua
770 2593 870 2624 huius
896 2594 971 2624 libri
998 2600 1093 2635 parte
1120 2595 1300 2625 tenendum
1327 2600 1386 2632 cst,
1415 2594 1456 2624 ab
1483 2594 1654 2624 erroribus

327 2652 454 2683 librarii
480 2662 547 2683 non
571 2663 673 2693 posse
700 2654 763 2685 nisi
790 2665 868 2685 raro
895 2655 1023 2685 secerni
1054 2654 1151 2696 primi
1179 2655 1317 2686 editoris
1348 2655 1485 2695 legendi
1511 2664 1655 2687 errores.
