1811 2925
260 132 333 164 Lib.
348 132 518 163 XXXIII.
922 135 999 171 386

368 255 463 303 Cap.
499 257 558 300 15,
606 257 620 290 1
657 261 694 292 et
728 257 772 292 2:
814 255 1184 293 Androsthenes
1225 255 1443 305 (praefeetus
1481 259 1663 309 Philippi,

258 326 316 362 cui
344 325 499 361 insidias
528 333 711 374 posuerat
730 326 986 367 Nicostratus„
1006 326 1236 363 Achaeorum
1259 328 1427 376 praetor),
1458 329 1662 366 omnium

258 396 475 443 ignarus,
506 394 743 433 Corintho
777 396 1032 445 profectus
1063 396 1119 432 ad
1148 397 1465 435 Nemeam
1501 406 1663 437 castra

255 466 398 503 locat.
464 467 538 502 Ibi
581 473 719 515 parte
760 467 959 503 dimidia
1003 467 1247 503 exereitus
1278 467 1482 504 dimissa
1527 468 1662 506 dimi-

256 536 379 572 diam
421 535 661 574 trifariam
710 538 873 574 dimsit
904 542 1020 581 (corr.
1050 537 1237 583 diuisit)
1270 544 1312 575 et
1341 551 1501 575 omnes
1533 540 1661 587 equi-

255 613 325 643 tes
377 607 654 645 discurrere
704 609 761 645 ad
802 608 1172 657 depopulandos
1225 609 1363 644 simul
1412 609 1660 646 Pellenen-

254 678 372 714 sium
408 678 786 726 Sicyoniumque
821 690 963 726 agros
1003 684 1047 713 et
1082 678 1350 715 Phliasium
1387 678 1530 715 iubet.
1598 680 1661 718 Ita

254 749 388 793 codex,
419 761 530 796 quem
561 748 681 784 secuti
711 748 876 784 editores
902 748 956 784 sic
977 747 1209 796 scripserunt
1238 749 1524 797 orationemque
1545 750 1661 787 inter·

253 826 487 868 punxerunt:
547 818 797 855 dimidiam
849 818 1114 865 (trifariam
1162 818 1347 865 divisit)
1407 826 1449 854 et
1499 832 1660 857 omnes

255 890 442 938 equites
474 894 556 933 cet,
586 889 623 924 in
655 902 731 937 quo
761 889 924 938 primum
947 900 1104 937 prorsus
1133 888 1363 927 incredibilis
1394 896 1430 926 et
1459 903 1536 927 non
1565 891 1660 928 tole-

252 961 373 996 randa
403 967 459 996 est
488 960 740 1008 parenthesis,
770 973 845 995 non
877 959 1032 1007 aliquid,
1063 959 1166 1006 quod
1196 965 1306 995 extra
1325 961 1547 1008 primariam
1574 974 1660 998 sen-

251 1031 408 1067 tentiam
440 1031 615 1074 addatur,
645 1031 712 1066 sed
742 1030 861 1079 ipsius
896 1029 1054 1066 actionis
1085 1035 1248 1064 narratae
1278 1038 1425 1078 partem
1455 1031 1510 1067 ita
1539 1033 1660 1068 conti-

251 1114 356 1147 nens,
396 1107 437 1138 ut
474 1101 634 1137 verbum
676 1100 880 1147 (divisit)
922 1106 958 1136 et
999 1100 1147 1136 obiecto
1182 1100 1220 1136 in
1252 1101 1436 1149 primaria
1472 1103 1659 1139 sententia

250 1172 426 1221 proxime
456 1171 683 1220 praecedenti
722 1169 1002 1219 (dimidiam)
1042 1171 1273 1219 adiungatur
1314 1179 1351 1208 et
1385 1178 1557 1221 tempore
1585 1173 1658 1222 ipsi

252 1242 462 1279 narrationi
496 1249 587 1290 apto
617 1247 803 1290 ponatur,
841 1253 909 1276 nec
940 1240 1015 1276 ullo
1049 1241 1205 1277 minimo
1235 1242 1374 1278 indicio
1406 1255 1428 1277 a
1459 1243 1657 1282 continua—

345 1445 432 1475 quae
463 1441 523 1466 cet».
559 1436 625 1476 (die
651 1435 876 1474 Kricgsbeutc
901 1443 943 1463 an
965 1433 1194 1472 bewcglicheu
1222 1435 1379 1473 Sachen),
1414 1436 1563 1475 genitivo
1600 1438 1658 1467 de-

342 1497 479 1534 finitivo,
507 1497 792 1539 quemadmodum
824 1495 971 1537 praeda
996 1494 1210 1525 hominum
1239 1496 1377 1534 dieitur,
1413 1507 1487 1538 quae
1513 1498 1658 1529 homini-

341 1559 404 1589 bus
423 1565 556 1590 constat
581 1559 707 1599 (XLII,
728 1561 769 1589 56
787 1555 957 1599 etlexic.).
1009 1555 1090 1597 Cap.
1118 1559 1169 1591 14,
1186 1560 1205 1586 4
1231 1567 1367 1597 prorsus
1393 1560 1584 1590 necessaria
1610 1569 1659 1592 est

341 1621 609 1652 Drakenborchii
646 1621 856 1651 coniectura:
897 1625 1048 1660 praeter
1089 1618 1352 1658 quingentos
1394 1619 1659 1652 Macedonas

342 1683 589 1723 mixtosque
623 1692 672 1713 cx
698 1682 808 1713 omni
833 1690 988 1718 genere
1014 1680 1296 1717 auxiliorum,
1333 1683 1429 1725 quot
1454 1682 1535 1713 iam
1561 1687 1658 1713 ante

341 1745 403 1775 ibi
437 1745 609 1778 fucrant
638 1744 730 1783 (cod.
757 1744 868 1783 quod
895 1766 902 1772 .
927 1767 933 1773 .
961 1742 1129 1782 fuerat).
1196 1742 1345 1773 Primum
1371 1743 1481 1774 aliena
1507 1749 1586 1774 sunt
1613 1744 1656 1775 ab

341 1806 404 1836 hac
431 1805 651 1836 similitudine
679 1805 835 1846 exempla
860 1804 1033 1835 aDukero
1052 1810 1256 1845 comparata,
1280 1804 1335 1834 ubi
1362 1811 1517 1845 separata
1541 1805 1656 1845 aliqua

341 1877 416 1908 pars
455 1867 654 1908 pronomine
698 1866 805 1896 neutri
847 1866 979 1905 generis
1009 1866 1218 1906 significatur
1258 1866 1372 1896 addito
1409 1866 1557 1905 genitivo
1598 1867 1656 1906 (id

340 1930 448 1969 quod
476 1927 659 1959 Caesaris
688 1927 904 1957 sodalium
932 1926 1034 1965 fuit,
1076 1929 1187 1968 quod
1221 1927 1390 1958 roboris
1419 1926 1517 1967 fuit)
1552 1938 1657 1969 eaque

341 1991 542 2030 significatio
588 1990 797 2030 appositione
842 1989 1034 2028 adiungitur
1081 1990 1122 2020 ad
1168 1989 1297 2019 numeri
1338 1988 1477 2029 pluralis
1519 1999 1654 2020 nomen.

339 2053 489 2090 Deinde,
532 2062 615 2092 quos
643 2051 859 2092 Kreyssigius
897 2050 978 2081 citat
1002 2050 1107 2087 locos,
1135 2060 1248 2081 eorum
1274 2050 1358 2080 alter
1385 2050 1529 2090 (XLIV,
1561 2055 1589 2090 1,
1620 2054 1650 2090 1)

340 2115 406 2145 iam
434 2125 453 2144 a
481 2115 652 2145 Gronovio
678 2118 826 2145 remotus
852 2116 910 2143 cst.
936 2121 997 2142 nec
1023 2112 1091 2142 ulla
1110 2117 1222 2153 potest
1242 2112 1426 2151 excogitari
1454 2123 1566 2151 causa,
1593 2123 1657 2144 cur

342 2176 459 2207 Livius
485 2186 553 2207 uno
580 2176 655 2207 loco
682 2176 728 2206 sic
750 2174 930 2214 scripserit,
957 2183 1057 2213 quum
1084 2173 1200 2203 liceret
1226 2174 1387 2203 utrumvis
1414 2174 1570 2212 scribere,
1595 2180 1655 2205 aut

342 2243 442 2277 quot
477 2238 516 2267 in
550 2237 897 2278 supplementum
936 2240 993 2265 aut
1028 2236 1137 2274 quod
1177 2235 1329 2275 suppl.,
1368 2236 1508 2267 alterum
1534 2241 1656 2277 postea

339 2300 534 2336 removebo3
565 2299 598 2328 in
626 2298 712 2328 libro
738 2297 871 2333 XXXI,
897 2300 928 2334 8,
956 2299 973 2326 9
1009 2297 1159 2336 (donec
1192 2303 1232 2327 et
1265 2297 1353 2338 ipse
1385 2297 1417 2327 V
1442 2297 1566 2328 milia
1591 2307 1654 2328 so-

342 2359 448 2390 cium
476 2370 522 2390 ac
549 2360 739 2390 nominis
758 2359 905 2389 Latini
932 2356 1182 2396 &fecissen
1209 2360 1247 2389 id
1265 2359 1469 2400 praesidio
1487 2358 1654 2390 Siciliae

338 2421 575 2461 provinciae
611 2421 745 2461 esset)
782 2430 850 2451 non
884 2426 950 2449 tani
986 2420 1231 2460 praesidium
1270 2430 1345 2451 cum
1373 2418 1545 2451 Gronovio
1572 2419 1654 2450 scri-

339 2482 483 2512 bendum
500 2483 630 2513 videtur
649 2493 768 2523 quam:
795 2482 835 2512 id
861 2481 1047 2522 praesidi.
1097 2480 1180 2512 Eius
1201 2481 1336 2519 genitivi
1352 2480 1466 2512 sormae
1487 2491 1654 2512 errorum-

339 2553 403 2583 que
438 2544 515 2574 inde
553 2551 706 2575 natorum
734 2554 800 2575 nou
827 2552 935 2584 pauca
960 2543 1104 2582 vestigia
1137 2543 1171 2572 in
1197 2543 1259 2573 hac
1292 2543 1419 2573 decade
1443 2548 1531 2580 sunt,
1562 2541 1654 2572 velut

338 2605 370 2635 in
398 2605 567 2641 XXXIV,
607 2610 665 2640 25,
694 2610 710 2636 5
750 2607 859 2646 ipsum
894 2604 1098 2644 praesidio
1129 2605 1161 2635 in
1196 2605 1316 2636 ceteris
1344 2604 1440 2634 codd.
1468 2614 1528 2644 pro
1554 2613 1654 2644 prm-

337 2667 417 2698 sidi
444 2666 517 2706 (Β),
