1811 2925
833 152 909 187 419
1320 147 1395 179 Lib.
1411 147 1585 182 XXXVI.

228 303 235 311 .
275 272 574 311 interclusit.
718 273 858 322 cepit.
932 273 1079 310 Parum
1120 280 1233 321 aptus
1281 278 1337 308 est
1378 272 1586 308 infinitivus

163 343 378 388 historicus,
420 344 484 391 qui
529 344 719 392 significat
765 343 960 380 consulem
994 343 1200 379 identidem
1231 341 1405 378 homines
1436 342 1587 378 mittere

161 413 335 462 coepisse
380 420 416 450 et
453 413 489 449 in
521 426 566 449 eo
602 413 840 461 aliquamdiu
872 413 1104 462 perstitisse,
1150 413 1209 449 cui
1252 425 1368 449 unum
1405 418 1585 449 conatum

163 484 255 520 satis
287 483 403 520 fuisse
437 484 636 532 probabile
667 491 733 520 est.
811 484 888 521 Sed
937 484 1133 520 mittere
1176 496 1196 519 e
1242 482 1324 518 solo
1356 483 1398 519 M
1429 489 1503 528 est;
1548 483 1585 519 in

161 554 297 590 ceteris
329 554 397 601 (Β)
431 561 487 591 est
518 555 672 595 missi,
714 555 817 603 quod
858 554 924 590 vix
969 567 1017 591 ex
1060 554 1124 589 illo
1159 559 1285 589 ortum
1318 559 1396 592 est.
1440 554 1508 590 sed
1539 567 1587 590 ex

164 625 311 664 misit.

276 694 371 744 Cap.
405 697 468 740 20,
501 696 522 731 2
556 695 619 743 (de
651 695 717 733 M)
750 694 919 743 Acili0):
966 694 1179 732 Consule
1211 707 1293 742 per
1323 694 1585 731 Phocidem

163 773 206 801 et
230 766 482 802 Boeotiam
520 766 785 802 exercituin
818 766 1036 811 ducente,
1059 765 1265 801 consciae
1288 764 1586 801 defectionis

164 836 397 873 civitates
454 849 555 873 cum
610 836 902 872 velamentis
967 843 1080 873 ante
1141 842 1312 884 portas
1371 835 1586 880 stabant,

164 914 308 952 metu,
369 920 423 943 ne
489 906 742 943 hostiliter
796 906 1142 955 diriperentur.
1231 905 1457 943 Ceterum
1506 919 1589 955 per

165 990 326 1014 omnes
371 978 474 1014 dies
520 977 642 1013 haud
688 988 826 1013 secus
873 989 1009 1024 quam
1054 977 1098 1012 in
1128 982 1304 1025 pacato
1336 989 1453 1024 agro
1485 977 1588 1014 sine

165 1048 440 1084 violatione
486 1047 634 1083 ullius
685 1047 756 1083 rei
807 1059 972 1095 agmen
1024 1046 1288 1095 processit,
1344 1047 1496 1084 donec
1542 1048 1588 1083 in

165 1131 327 1166 agrum
359 1117 641 1155 Coronaeum
674 1125 875 1154 ventum
907 1123 992 1153 est.
1057 1116 1236 1153 Coronea
1258 1130 1281 1153 a
1302 1118 1588 1168 Thermopylis,

164 1189 263 1225 unde
294 1188 674 1238 Acilius'profectus
715 1195 783 1234 est,
828 1188 895 1224 vix
928 1188 1244 1236 geographorum
1286 1201 1468 1225 mensura
1499 1197 1586 1226 octo

164 1259 342 1295 milliaria
381 1259 514 1303 distat3
555 1259 687 1307 itaque
728 1272 805 1295 non
847 1258 958 1295 multi
994 1259 1149 1295 fuerunt
1188 1271 1351 1295 omnes
1391 1259 1445 1295 illi
1489 1259 1589 1304 dies;

164 1341 232 1366 nec
264 1330 401 1366 Latine
440 1330 578 1367 dicitur
609 1342 695 1378 per
726 1341 892 1366 omnes
938 1329 1041 1365 dies
1086 1329 1215 1366 faeere
1258 1330 1402 1378 aliquid
1438 1330 1510 1366 nisi
1543 1331 1589 1367 de

164 1400 271 1436 finito
325 1413 484 1436 numero
532 1401 631 1449 (per
694 1412 853 1436 omnes
902 1400 1120 1447 quinque
1168 1400 1308 1445 dies);
1355 1400 1589 1448 omninoque

164 1471 347 1520 temporis
377 1471 606 1519 significatio
637 1470 724 1506 hinc
756 1469 882 1506 aliena
912 1476 981 1514 est,
1024 1470 1100 1515 ubi,
1144 1471 1248 1519 quod
1279 1471 1317 1507 in
1348 1471 1483 1507 ceteris
1512 1483 1586 1520 po-

165 1541 264 1589 pulis
295 1554 504 1589 eorumque
536 1540 638 1588 agris
669 1547 865 1577 servatum
898 1546 1010 1585 esset,
1051 1540 1090 1576 in
1120 1553 1197 1577 uno
1231 1547 1421 1577 mutatum
1454 1553 1589 1577 narra-

166 1617 237 1648 tur.
319 1611 535 1659 Scripserat
585 1610 740 1647 Livius:
793 1610 1015 1647 Ceterum
1068 1624 1150 1660 per
1194 1624 1355 1648 omnes
1405 1612 1590 1660 (reliquos

166 1681 349 1729 populos)
392 1682 517 1718 haud
559 1693 694 1717 secus
740 1694 881 1729 quarn
922 1681 967 1717 in
1008 1688 1187 1730 pacato
1234 1693 1352 1729 agro
1517 1695 1592 1731 ag-

168 1763 268 1787 men
310 1751 576 1800 processit,
628 1752 776 1788 donee
818 1758 887 1789 cet.
973 1752 1089 1788 Dies
1120 1765 1284 1801 pravum
1317 1759 1374 1789 est
1403 1752 1591 1801 interpre-

167 1822 283 1858 tantis
315 1822 615 1858 additamentum
654 1821 821 1858 eiusdem
863 1835 1023 1871 prorsus
1053 1822 1224 1871 generis,
1266 1823 1372 1860 cuius
1417 1823 1590 1860 additum

167 1891 204 1927 in
235 1892 278 1928 M
311 1892 451 1936 XXX,
484 1895 519 1937 4,
553 1893 573 1929 3
600 1904 745 1941 agros
785 1893 833 1928 ad
865 1893 992 1930 inter
1021 1890 1293 1943 pacatos.¹)

281 1961 377 2011 Cap.
410 1963 474 2005 22,
509 1966 528 1999 7
577 1963 623 1999 de
653 1963 782 2000 Acilio
813 1963 970 1999 consule
997 1964 1231 2000 Heracleam
1264 1971 1447 2012 quattuor
1476 1965 1593 2001 simul

168 2031 262 2067 locis
293 2032 539 2079 aggrediente
568 2033 606 2069 in
637 2033 670 2069 B
704 2040 741 2069 et
782 2033 1007 2081 vulgaribus
1051 2034 1247 2071 codicibus
1293 2032 1347 2069 sic
1394 2033 1591 2070 scribitur:

170 2115 193 2138 a
228 2102 432 2138 flumine
463 2104 624 2140 Asoro
657 2101 776 2151 (recte
805 2104 1023 2140 restitutum
1041 2102 1239 2152 Asopo),
1272 2116 1362 2151 qua
1394 2110 1439 2140 et
1466 2116 1594 2153 gym-

170 2171 355 2208 nasium
389 2179 478 2217 est,
522 2174 566 2210 L.
605 2174 858 2210 Valerium
901 2172 1137 2222 operibus
1168 2178 1316 2220 atque
1346 2186 1593 2222 oppugna-

171 2242 296 2277 tioni
341 2243 609 2291 praeposuit
646 2242 954 2291 frequentius
1005 2254 1156 2291 prope
1201 2254 1338 2290 quam
1383 2243 1430 2279 in
1480 2245 1594 2281 urbe

172 2312 508 2354 habitabatur,
552 2314 618 2351 Ti.
651 2313 939 2362 Sempronio
999 2313 1166 2361 Longo
1222 2313 1594 2362 oppugnandam

199 2492 229 2532 ¹)
262 2494 347 2536 Cap.
380 2498 431 2526 19.
462 2498 502 2525 10
530 2495 616 2525 mira
641 2495 861 2535 negligentia,
890 2495 944 2534 qui
974 2494 1055 2525 alibi
1084 2495 1280 2525 accusativo
1301 2504 1380 2526 casu
1401 2500 1596 2526 constanter

269 2562 510 2596 sequentes
536 2556 698 2593 scribunt,
730 2556 850 2587 edunt:
887 2565 1080 2596 magnam
1119 2562 1285 2595 partem
1312 2557 1496 2596 agminis
1524 2562 1596 2586 aut

268 2618 546 2649 lassitudine
573 2617 862 2649 subsistentis
897 2624 968 2648 aut
992 2626 1141 2648 errore
1173 2641 1217 2649 ..
1255 2618 1500 2658 dissipatos
1529 2627 1597 2657 op-

270 2686 533 2718 presserunt.

1262 2737 1330 2769 27*
