1811 2925
824 153 834 187 l
848 152 895 186 57
1351 149 1427 180 Lib.
1441 149 1538 180 VIII.

145 273 338 312 Corvinus
368 275 478 319 dixit,
515 279 553 310 et
579 273 734 310 uberius
765 273 997 311 declaratur.
1058 273 1120 310 Ex
1155 286 1202 310 ea
1232 279 1361 310 autem
1382 274 1577 322 particula

145 359 222 383 una
251 345 381 382 littera
410 345 586 382 detracta
604 373 614 390 ,
659 351 814 382 eruetur
842 345 905 390 id,
949 345 1053 394 quod
1092 344 1368 391 desideramus,
1398 347 1573 392 verbum,

145 417 298 454 sublato
329 417 443 453 simul
474 422 535 461 ut,
567 416 671 465 quod
701 416 922 465 Heusinger
951 417 1034 453 tolli
1063 416 1186 453 voluit
1216 417 1397 466 quodque
1428 430 1475 454 ex
1507 430 1573 453 ex-

144 494 268 526 trema
302 488 454 537 syllaba
483 487 592 524 verbi
621 493 820 536 geretur
851 492 978 525 ortum
1011 494 1089 525 est:
1122 488 1302 525 Eodem
1332 495 1570 526 tenore—

144 560 241 596 haec
270 559 545 608 imperiosa
575 558 824 595 dictatura
844 567 1060 608 geretur3
1090 572 1246 608 neque
1267 560 1312 596 in
1334 560 1424 596 hos
1445 571 1573 596 meos

145 638 194 668 et
223 631 402 681 patriae
432 643 540 667 meae
580 630 762 667 milites
808 631 975 668 mitior
1005 644 1143 681 quarn
1188 631 1234 667 in
1264 643 1349 667 vos
1376 628 1573 681 (horreo

143 702 324 751 dicere)
356 703 523 739 hostes
557 714 650 742 ero.
716 698 817 738 Vos
847 702 981 751 prius
1014 703 1060 739 in
1091 716 1159 739 me
1190 709 1260 743 cet.

724 936 826 985 Lib.
863 938 996 985 VIII.

259 1062 355 1112 Cap.
388 1064 424 1108 2,
457 1065 477 1100 5
511 1067 740 1112 (postquam
770 1065 817 1101 de
849 1064 1006 1101 ioedere
1038 1064 1138 1101 inter
1170 1066 1370 1102 Romanos
1403 1070 1439 1101 et
1462 1064 1575 1103 Sam-

145 1134 245 1171 nites
275 1135 351 1172 icto
381 1141 581 1171 narratum
615 1141 707 1181 estj:
751 1135 995 1174 Samnites
1036 1136 1193 1185 copiis
1223 1136 1426 1183 iisdem,
1459 1136 1575 1185 qui-

146 1206 232 1243 bus
275 1206 343 1243 usi
385 1206 625 1243 adversus
655 1207 919 1244 Romanum
967 1207 1146 1244 bellum
1193 1206 1409 1253 fnerant,
1456 1220 1573 1244 con-

146 1284 222 1314 tra
261 1277 507 1316 Sidicinos
556 1277 770 1327 profecti
824 1286 894 1317 etc.
966 1279 1094 1316 Nullis
1142 1278 1336 1316 Samnites
1383 1279 1573 1316 adversus

145 1349 346 1386 Romanos
378 1361 468 1386 usos
500 1361 583 1386 esse
613 1349 754 1399 copiis,
786 1351 919 1387 Livius
949 1351 1067 1400 paulo
1101 1358 1190 1387 ante
1221 1352 1268 1398 (c.
1304 1352 1343 1398 1)
1376 1350 1575 1399 apertissi-

144 1419 218 1456 mis
243 1420 371 1456 verbis
404 1420 500 1457 dixit
532 1420 644 1467 (non
677 1429 845 1459 castra
878 1422 1194 1467 Samnitium,
1223 1434 1315 1458 non
1354 1421 1574 1470 legiones

147 1503 348 1539 usquam
380 1492 662 1541 oppositae);
691 1506 828 1542 pacem
859 1494 1053 1533 Samnites
1083 1507 1153 1542 per
1181 1493 1331 1542 legatos
1365 1499 1399 1529 et
1429 1505 1452 1529 a
1482 1505 1573 1529 con-

147 1562 231 1600 sule
261 1568 299 1598 et
328 1576 351 1599 a
382 1570 518 1600 senatu
548 1564 702 1613 petisse.
782 1564 1013 1600 Habuerant
1044 1572 1174 1600 tamen
1214 1564 1422 1600 exercitum
1458 1576 1573 1613 para-

151 1640 250 1678 tum⁷
287 1645 383 1681 qu0‚
416 1634 448 1670 si
477 1647 558 1683 pax
587 1642 730 1684 negata
763 1641 882 1676 esset,
914 1641 1120 1674 uterentur.
1192 1637 1332 1684 Itaque
1361 1635 1476 1672 valde
1509 1648 1571 1671 su-

149 1705 289 1754 spicor,
323 1704 477 1741 Livium
508 1706 726 1755 scripsisse:
752 1706 932 1754 quibus
971 1707 1107 1743 usuri
1137 1707 1373 1743 adversus
1403 1707 1574 1743 Roma-

148 1787 258 1811 num
287 1774 468 1813 bellum
498 1776 705 1816 fuerant.
764 1778 893 1814 Etiam
925 1778 962 1814 in
998 1777 1291 1814 Vindobonensi
1311 1777 1412 1814 Livii
1443 1777 1575 1814 codice

150 1845 354 1894 aliquoties
381 1859 452 1894 pro
482 1848 657 1898 longiore
696 1848 815 1886 futuri
852 1847 1045 1898 participii
1078 1848 1207 1886 fornia
1236 1849 1452 1886 breviorem
1484 1862 1574 1898 per-

149 1916 239 1954 fecti
270 1917 517 1955 substitutam
548 1931 644 1965 esse,
674 1921 991 1957 commemorabo
1022 1921 1071 1956 ad
1102 1921 1237 1967 XLII,
1270 1922 1334 1966 25,
1368 1917 1451 1967 4.¹‘)

262 1987 358 2037 Cap.
394 1991 431 2035 4,
465 1992 485 2027 3
540 1991 593 2039 (in
638 1992 814 2028 oratione
843 1991 964 2028 Annii
995 1991 1115 2030 Setini
1152 1991 1329 2040 praetoris
1361 1991 1465 2040 apud
1496 1992 1573 2028 La-

175 2201 207 2245 1)
244 2205 263 2245 ξ
292 2209 332 2236 10
361 2215 440 2236 vera
466 2212 516 2238 est
540 2206 694 2245 Dukeri,
723 2208 912 2239 cautissimi
939 2208 1104 2245 hominis,
1133 2208 1329 2239 coniectura
1358 2208 1572 2248 reponentis:

245 2272 286 2298 ut
325 2268 436 2299 satis
479 2269 692 2300 ducerent
716 2270 899 2301 Romani
948 2270 1187 2301 victoriam
1229 2269 1501 2302 Samnitibus
1528 2287 1572 2292 —-

246 2330 469 2371 eripuisse
496 2340 558 2371 pro
585 2341 635 2370 eo,
663 2332 755 2372 quod
781 2332 816 2362 in
843 2333 1017 2363 codicibus
1044 2338 1113 2363 est:
1134 2332 1429 2371 —victoriam‚
1451 2342 1572 2372 quam

247 2391 514 2424 Samnitibus
542 2410 580 2415 —
612 2394 910 2434 eripuissent;
952 2405 1031 2426 nam
1070 2404 1179 2435 neque
1214 2394 1324 2426 satis
1351 2395 1460 2426 duco
1490 2395 1573 2426 vic-

247 2454 401 2484 toriam
427 2453 588 2486 Latinum
622 2461 672 2487 est
708 2465 818 2495 neque
855 2456 958 2487 ullam
995 2457 1170 2488 victoriam
1197 2456 1344 2488 Romani
1379 2457 1442 2498 ipsi
1469 2457 1572 2488 habe-

246 2515 339 2553 bant,
367 2526 433 2556 qua
461 2518 609 2548 contenti
636 2523 756 2553 essent,
784 2518 843 2548 sed
872 2519 1021 2550 victoriae
1047 2519 1263 2560 ereptionem.
1319 2517 1407 2549 Satis
1433 2518 1473 2550 iis
1499 2528 1572 2550 esse

247 2577 418 2610 Samnites
444 2578 614 2617 volebant,
641 2578 804 2617 effecisse,
832 2590 873 2611 ne
893 2580 1062 2613 Samnites
1087 2582 1280 2620 vincerent3
1307 2590 1375 2611 non
1400 2581 1572 2622 postulare

247 2639 380 2677 debere,
406 2644 444 2670 ut
464 2641 565 2672 etiam
594 2642 821 2675 vincerentur.
859 2642 1083 2675 Memorabile
1100 2644 1166 2675 hoc
1184 2649 1234 2675 est
1261 2643 1456 2684 exemplum
1482 2653 1574 2674 erro-

246 2702 290 2732 ris
317 2703 621 2744 (eripuissent)
646 2704 681 2734 in
707 2705 784 2738 cod.
819 2705 1006 2747 archetypo
1032 2706 1271 2747 interpolando
1298 2705 1470 2736 occultati.
