1811 2925
258 111 330 143 Lib.
357 111 470 142 XXX.
922 114 998 149 350

256 236 423 283 ingens
454 235 694 271 hominum
729 235 939 271 contulit
970 236 1052 274 vis.
1111 236 1405 273 Massinissa
1436 243 1507 274 cet.
1562 238 1663 275 Tam

256 305 459 341 manifesta
488 318 548 341 res
580 311 658 350 est,
702 312 743 341 ut
788 306 853 342 vix
897 306 1173 343 dubitationem
1204 307 1420 343 habituram
1464 320 1546 344 esse
1582 321 1663 345 cre—

255 377 356 412 dam.
422 376 586 412 Accedit
616 376 731 425 igitur
761 377 834 413 hoc
872 378 1088 426 exemplum
1119 377 1283 425 plurium
1314 379 1426 415 simul
1454 380 1661 416 verborum

254 460 324 483 sua
354 447 443 482 sede
473 452 667 483 motorum
704 453 741 483 et
778 448 816 484 in
845 447 1010 484 alienum
1050 447 1241 483 illatorum
1272 449 1320 484 ad
1353 462 1424 495 ca,
1475 462 1559 498 quae
1612 451 1662 486 ad

252 518 393 562 XXII,
430 520 489 562 10,
524 518 544 552 3
577 524 613 553 et
643 518 759 562 VIII,
788 521 848 562 10,
886 520 929 555 12
966 524 1102 555 notata
1133 524 1231 556 sunt.
1368 521 1491 557 Paulo
1524 527 1612 569 post
1642 524 1660 566 ξ

254 589 275 624 S
324 588 426 636 quod
471 601 594 636 nuper
638 601 657 623 e
699 589 895 626 codicibus
924 595 1131 626 retractum
1170 589 1506 627 Weissenbornius
1544 592 1658 628 tacite

252 658 387 697 tenuit:
419 671 503 695 nec
533 659 673 695 minis
703 672 790 695 nec
820 660 1070 696 suadendo
1102 666 1211 695 ante
1242 661 1397 697 valuit
1419 674 1555 710 quam
1584 676 1660 699 rex

250 729 442 765 vinctus
472 730 518 765 in
550 736 862 778 conspectum
893 731 1035 766 datus
1069 737 1196 766 esset
1227 733 1311 779 (pro
1343 739 1431 775 est,
1463 734 1567 780 quod
1597 746 1658 770 su-

248 800 419 848 periores
443 800 674 845 habebant),
712 808 902 850 repugnat
942 800 1130 836 constanti
1160 801 1261 838 Livii
1300 803 1337 838 in
1371 803 1443 839 hac
1474 804 1658 841 orationis

248 870 374 906 forma
400 871 506 917 (non
537 877 647 908 ante
685 901 693 909 .
712 901 722 911 .
762 870 918 921 qua-m)
948 872 1232 917 consuetudini,
1267 879 1303 909 et
1346 873 1458 909 facile
1480 872 1658 921 frequen—

248 949 380 989 terque
425 948 707 978 commutantur
749 948 822 978 est
864 949 901 978 et
945 950 1078 978 esset
1119 944 1317 990 (sequente
1363 945 1574 991 praesertim
1618 949 1656 985 t).

248 1013 353 1048 Idem
386 1012 562 1048 mendum
593 1028 613 1048 e
644 1013 727 1052 cod,
759 1014 985 1062 Moguntino
1021 1013 1058 1049 in
1089 1013 1272 1049 editiones
1315 1026 1383 1062 per
1414 1015 1656 1052 Gronovium

247 1084 350 1119 venit
381 1084 446 1121 lib.
479 1084 694 1124 XXXIV,
727 1086 775 1129 8,
809 1085 848 1119 2:
894 1097 977 1120 nec
1016 1091 1125 1119 ant-e
1155 1084 1475 1130 abstiterunt,
1518 1099 1655 1134 quam

246 1155 450 1191 remissa
490 1155 545 1191 ab
585 1155 799 1191 tribunis
837 1155 1129 1191 intercessio
1163 1162 1315 1199 esset3
1356 1155 1654 1204 Bambergensis

244 1232 282 1261 et
312 1226 426 1262 ceteri
453 1226 603 1262 codices
636 1232 738 1262 recte
780 1232 853 1262 est
895 1225 1298 1273 (intercessiost)‚
1340 1225 1442 1273 quod
1472 1226 1554 1274 ipse
1587 1227 1653 1265 W.

243 1297 440 1333 revocavit
488 1297 541 1344 (in
579 1297 637 1333 ed.
671 1297 838 1343 Teubn.)
876 1302 912 1333 et
952 1297 1006 1332 ita
1041 1296 1191 1332 Livium
1231 1296 1337 1344 loqui
1380 1296 1488 1333 dixit.
1563 1298 1654 1334 Non

243 1374 371 1403 movet
403 1381 464 1404 me
495 1379 591 1403 unus
621 1367 658 1403 in
691 1367 774 1405 cod.
807 1367 1098 1404 Vindobonensi
1136 1367 1350 1402 contrarius
1379 1367 1486 1403 loeus
1523 1367 1653 1411 XLV,

256 1442 315 1485 11,
349 1441 391 1475 3;
422 1452 512 1476 non
542 1438 677 1488 prius
718 1438 910 1474 destitit
946 1438 1140 1474 mittere
1186 1450 1324 1485 quam
1362 1450 1526 1486 pacem
1557 1450 1658 1474 cum

248 1510 308 1545 iis
339 1509 672 1546 confirmaret.
752 1509 912 1557 (Similis
953 1521 1060 1545 error
1088 1515 1176 1556 post
1216 1508 1364 1545 donec
1396 1508 1533 1553 XLV,
1561 1511 1603 1553 7,
1634 1512 1656 1544 4

248 1581 389 1617 codicis
404 1581 523 1629 ipsius
543 1581 682 1617 indicio
702 1581 934 1629 coarguitur.
975 1580 1110 1627 Longe
1125 1579 1315 1615 diversam
1337 1580 1525 1616 rationem
1542 1580 1659 1615 habet

248 1650 514 1699 imperfectum
547 1653 778 1689 coniunctivi
810 1651 990 1692 XXXV,
1014 1651 1077 1694 25,
1112 1652 1133 1686 3
1166 1658 1255 1699 post
1287 1663 1378 1687 non
1413 1656 1522 1686 ante
1553 1649 1658 1686 ausi

249 1735 337 1770 cap
350 1735 515 1758 essere
534 1722 711 1758 bellum
741 1734 879 1769 quam
899 1728 980 1765 cet„
998 1721 1062 1757 ubi
1077 1734 1161 1758 cum
1183 1722 1368 1758 infinitivo
1385 1721 1657 1769 coniungitur.)

360 1792 455 1842 Cap.
493 1794 564 1837 13,
601 1794 666 1828 10:
698 1791 894 1840 (Syphax)
925 1792 1171 1828 insanisse
1206 1792 1344 1841 (sese)
1374 1791 1656 1835 fatebatur,

249 1864 331 1899 sed
362 1877 452 1900 non
477 1871 572 1900 tum
603 1864 802 1907 demum,
833 1875 970 1910 quum
1002 1875 1133 1898 arma
1164 1863 1401 1899 adversus
1440 1874 1544 1911 pop.
1576 1863 1656 1898 Ro.

249 1935 479 1982 cepisset3
515 1934 696 1971 exitum
726 1933 801 1969 sui
834 1932 1017 1968 furoris
1047 1932 1212 1977 fuisse,
1242 1945 1332 1969 non
1348 1931 1655 1980 principium.

251 2004 327 2051 Qui
355 2005 409 2041 sic
439 2005 529 2041 dicit
545 2003 724 2054 (exitus
754 2003 940 2040 furoris
972 2003 1063 2040 mei
1090 2002 1194 2049 fuit,
1216 2016 1306 2039 non
1335 2001 1656 2051 principium)q

249 2075 416 2112 furorem
448 2088 556 2113 suum
590 2075 799 2123 aliquando
829 2074 974 2110 initium
1006 2075 1198 2119 habuisse,
1227 2075 1341 2109 finem
1370 2086 1446 2109 non
1476 2073 1657 2108 habuisse

250 2147 457 2194 significat,
489 2147 593 2195 quod
622 2146 822 2182 ridiculum
854 2151 928 2189 estq
969 2145 1017 2181 ad
1045 2158 1149 2190 eam5
1180 2158 1263 2193 quae
1293 2144 1538 2193 postulatur,
1572 2156 1655 2179 sen-

250 2217 407 2253 tentiam
439 2216 678 2254 efficiendam
713 2216 849 2253 Latine
880 2216 1079 2252 dicendum
1112 2221 1186 2252 est:
1231 2215 1408 2251 exitum
1444 2227 1543 2250 eum
1581 2214 1656 2250 sui

250 2287 430 2324 furoris
458 2288 634 2332 fuisse,
662 2300 753 2323 non
783 2300 847 2335 pr.
917 2287 968 2323 Et
997 2299 1095 2322 eum
1141 2286 1348 2322 desiderari
1379 2292 1550 2321 senserat
1579 2285 1655 2321 iam

250 2359 402 2406 ignotus
433 2359 570 2406 aliquis
602 2360 730 2403 homo,
764 2358 869 2394 cuius
900 2357 1114 2394 emendatio
1144 2357 1182 2392 in
1215 2355 1655 2393 ‹20d.11a1·l„etGaertn.

251 2435 387 2473 exstat„
418 2429 456 2465 in
481 2429 566 2466 loco
600 2435 746 2465 tantum
778 2427 974 2477 particulae
1010 2427 1218 2463 inserendae
1257 2439 1399 2462 errans.
1458 2426 1655 2463 Gronovi-

252 2513 326 2545 um,
358 2512 473 2547 quum
506 2500 631 2535 locum
663 2499 801 2535 rectius
833 2512 853 2535 e
883 2498 1077 2535 codicibus
1107 2497 1365 2542 constitueret,
1398 2497 1470 2533 hoc
1502 2508 1655 2544 quoque

249 2570 493 2613 emendasse,
530 2582 606 2605 non
647 2569 955 2605 animadversum
1001 2568 1161 2605 videtur.
1245 2567 1369 2614 Quam
1410 2566 1522 2603 facile
1556 2578 1653 2602 eum

251 2647 338 2688 post
367 2647 459 2676 tum
491 2640 684 2686 exciderit,
715 2645 830 2689 patet.

370 2710 466 2759 Cap.
507 2712 566 2756 18,
598 2714 617 2747 7
651 2711 731 2758 (ubi
760 2718 940 2747 narratur
983 2710 1168 2758 proelium
1210 2709 1246 2744 in
1278 2708 1409 2745 Gallia
1438 2709 1536 2744 inter
1568 2708 1654 2743 Ma-
