1811 2925
833 162 876 196 41
1388 158 1462 189 Lib.
1490 158 1517 188 1.

155 284 296 328 minor,
336 295 411 319 non
444 283 554 332 parvi
587 290 714 320 tamen
748 283 938 320 interdum
980 282 1029 318 ad
1067 294 1219 318 sensum
1250 281 1479 329 scriptorum
1510 281 1565 317 in-

155 353 400 402 telligendum
441 360 478 389 et
508 353 556 389 ad
598 353 779 390 iudicium
809 354 856 390 de
896 353 1093 402 scripturae
1124 353 1285 389 veritate
1318 352 1500 388 momenti
1530 358 1566 388 et

157 425 205 461 ad
239 437 353 472 quam
385 424 522 473 saepius
551 431 687 472 postea
718 425 953 460 redeundum
981 425 1063 469 erit,
1094 423 1279 460 orationis
1312 423 1566 471 interpunctio

156 503 193 531 et
238 496 508 531 sententiarum
559 502 663 531 recta
707 495 913 544 separatio.
985 494 1205 544 Apparebit
1245 494 1379 530 saltem
1424 493 1566 534 statimq

157 578 272 614 quam
305 565 407 602 leves
438 578 586 602 errores
616 566 803 602 interdum
835 565 971 602 fallant
1004 572 1354 613 propagenturque.
1400 565 1505 601 Nam
1528 565 1566 601 in

155 637 228 672 hoc
258 636 394 685 capite,
426 636 530 673 cuius
561 650 759 673 numerum
793 636 1020 685 praescripsi,
1051 642 1309 685 praeterquam
1341 636 1456 684 quod,
1503 635 1567 672 ubi

157 707 289 743 Livius
321 708 354 754 (ς’
390 708 429 753 2)
470 707 507 742 in
536 708 728 743 narrando
757 707 912 744 Romuli
949 713 986 743 et
1016 706 1095 742 Titi
1128 706 1233 742 Tatii
1262 706 1410 754 proelio
1442 706 1567 755 prin-

156 778 286 826 cipes
325 790 526 826 pugnam
570 778 764 821 civisse,
812 778 883 813 hoc
926 784 1001 821 est,
1046 777 1191 825 primos
1229 782 1265 812 et
1302 785 1389 813 ante
1420 785 1566 813 ceteros

156 861 367 897 pugnasse,
409 850 456 885 ab
495 848 648 885 Sabinis
681 849 842 884 Metium
873 847 1066 891 Curtium‚
1109 861 1132 883 a
1170 848 1355 884 Romanis
1387 848 1565 884 Hostium

157 920 363 956 Hostilium
407 919 517 956 (licit.
557 918 899 967 (quemadmodum
940 919 1012 953 hoe
1050 918 1135 966 ipso
1182 918 1307 966 capite
1338 918 1478 954 Metius
1511 918 1566 954 ab

157 990 350 1028 Sabinis
379 991 604 1038 princeps
646 991 700 1026 ab
733 1001 840 1025 aree
871 988 1212 1024 decucurrisse
1242 989 1409 1036 dicitur),
1444 989 1562 1025 int-er-

154 1061 369 1110 punctionis
400 1068 492 1097 nota
523 1067 611 1109 post-
640 1060 833 1096 ciebant
862 1059 1001 1108 posita,
1032 1059 1133 1095 male
1164 1072 1187 1095 a
1216 1060 1410 1108 plerisque
1427 1060 1567 1096 Metius

155 1138 191 1168 et
221 1132 382 1169 Hostius
414 1132 602 1180 principes
642 1131 882 1167 substantivo
915 1130 1103 1179 appellari
1132 1137 1316 1179 putantur
1352 1130 1471 1178 (quod
1502 1131 1567 1167 vix

155 1203 360 1248 crederem,
385 1203 457 1239 nisi
478 1202 591 1239 etiam
611 1201 910 1237 admonitionem
935 1202 1169 1251 adscriptam
1194 1202 1400 1248 viderem);
1432 1201 1568 1238 deinde

154 1276 192 1322 (ξ
213 1276 253 1314 3)
276 1274 399 1310 oratio
427 1274 480 1310 sic
497 1272 739 1309 describitur:
770 1273 831 1310 Ut
854 1272 1056 1308 Hostius
1087 1272 1283 1317 cecidit,
1310 1272 1567 1309 confestim

153 1346 368 1382 Romana
414 1344 680 1380 inclinatur
725 1344 854 1379 acies
893 1343 1099 1392 fusaque
1145 1352 1216 1380 est
1259 1344 1314 1380 ad
1356 1351 1567 1380 veterem

154 1422 339 1465 portam
372 1415 567 1452 Palatii.
636 1414 865 1451 Romulus
896 1422 939 1451 et
968 1415 1072 1464 ipse
1102 1416 1243 1451 turba
1273 1414 1567 1464 fugientium

155 1495 308 1531 actus7
357 1499 486 1522 arma
527 1486 583 1521 ad
626 1486 809 1521 caelum
853 1485 1051 1525 tollens,
1100 1486 1343 1534 Iuppiter,
1389 1486 1566 1534 inquit,

155 1564 239 1593 cett.
298 1559 387 1594 Non
423 1557 479 1592 ad
511 1563 719 1592 veterem
751 1556 937 1592 Palatii
967 1563 1155 1605 portam
1190 1557 1277 1593 susa
1303 1563 1360 1593 est
1389 1558 1567 1594 Romana

155 1628 255 1664 acies
287 1629 340 1674 (id
372 1635 439 1671 cst,
471 1626 572 1674 apud
604 1639 686 1662 eam
717 1634 889 1676 portam3
927 1640 1051 1675 neque
1082 1627 1181 1663 euim
1212 1627 1347 1663 fundi
1378 1627 1434 1663 ad
1464 1640 1567 1675 por-

155 1704 247 1733 tam
279 1705 335 1733 est
378 1698 531 1733 fusum
577 1697 694 1734 alibi
725 1698 892 1746 fugere
925 1698 981 1733 ad
1011 1698 1237 1746 portam),
1283 1699 1348 1735 sed
1381 1711 1497 1746 quum
1529 1699 1566 1735 in

155 1768 290 1804 collem
308 1767 565 1816 Capitolinum
597 1776 730 1805 contra
748 1770 913 1807 Sabinos
930 1769 1150 1817 erigeretu1·‚
1182 1782 1305 1817 neque
1329 1770 1402 1814 hic,
1432 1769 1567 1819 proelii

155 1847 292 1875 eventu
322 1839 398 1875 iam
431 1839 638 1877 declarato,
681 1840 975 1888 superaddenda
1007 1847 1089 1876 erat
1118 1840 1204 1886 lociqv
1248 1854 1324 1889 quo
1354 1848 1566 1889 pugnatum

155 1916 265 1947 esset.
305 1911 464 1946 notatio.
529 1910 629 1946 Livii
666 1911 852 1947 sententia
882 1912 1102 1948 huiusmodi
1131 1912 1220 1948 fuit:
1269 1934 1320 1938 ——
1355 1913 1568 1948 Romana

154 1980 421 2017 inclinatur
459 1981 587 2017 acies
626 1980 831 2029 fusaque
871 1990 952 2019 est.
1027 1983 1098 2019 Ad
1129 1990 1341 2019 veterem
1379 1989 1566 2031 portam

155 2051 337 2088 Palatii
369 2051 598 2088 Romulus
629 2058 672 2087 et
697 2052 800 2101 ipse
829 2054 971 2090 turba
999 2054 1288 2102 fugientium
1317 2059 1452 2089 actus
1483 2059 1566 2089 cet.

155 2122 412 2171 Significatum
447 2136 522 2171 quo
552 2123 637 2159 loco
669 2122 762 2171 fuga
793 2124 1004 2161 constiterit
1024 2124 1257 2173 fortunaque
1291 2136 1477 2160 conversa
1507 2123 1566 2159 sit.

155 2193 261 2229 cuius
303 2193 356 2229 rei
396 2200 680 2230 monumentum
721 2195 911 2230 communi
946 2197 1209 2232 Romanorum
1242 2194 1422 2244 opinione
1450 2195 1568 2230 habe-

156 2264 269 2300 batur
298 2264 403 2299 Iovis
436 2264 600 2301 Statoris
630 2264 811 2312 templum
844 2265 891 2301 ad
922 2272 1090 2302 veterem
1120 2266 1225 2302 illam
1257 2273 1410 2314 portam
1440 2266 1567 2304 situm.

155 2334 293 2382 Itaque
332 2335 448 2383 paulo
483 2342 569 2382 post
600 2335 740 2371 Metius
770 2337 969 2373 Romanos
1008 2336 1046 2372 in
1077 2336 1176 2373 clivo
1213 2335 1430 2385 Capitolino
1461 2336 1568 2372 fusos

154 2417 386 2454 persequens
417 2419 536 2455 prope
567 2406 615 2441 ad
647 2407 805 2442 eandem
836 2413 987 2455 portam
1007 2408 1148 2444 Palatii
1176 2407 1396 2456 pervenisse
1421 2406 1568 2443 dicitur.

267 2475 362 2525 Cap.
402 2479 466 2520 14,
500 2478 542 2517 9,
587 2476 650 2512 ubi
682 2477 814 2513 Livius
844 2477 1051 2514 Fidenates
1091 2491 1114 2514 a
1144 2478 1310 2515 Romulo
1349 2477 1496 2513 insidiis
1533 2483 1569 2513 et

154 2545 254 2594 fugae
285 2547 526 2583 simulatione
557 2548 676 2584 victos
707 2556 851 2593 narrat,
883 2555 1045 2597 apparet
1074 2549 1163 2585 olim
1186 2550 1282 2585 duas
1304 2547 1422 2584 fuisse
1448 2548 1568 2596 scrip-

155 2624 273 2662 turas,
303 2617 463 2654 alteram
485 2631 533 2654 ex
554 2618 674 2654 altera
694 2625 830 2663 ortam,
851 2632 967 2668 quam
991 2620 1044 2656 sic
1065 2620 1251 2656 conflatas
1273 2620 1309 2665 (e
1331 2620 1414 2655 cod.
1436 2619 1568 2655 arche·

156 2688 265 2736 typo)
297 2688 340 2724 M
369 2688 555 2724 servavit:
604 2689 736 2737 prius
773 2703 903 2738 paene
943 2703 1080 2739 quam
1119 2690 1350 2727 Romulus
1392 2690 1569 2738 quique
