1811 2925
829 121 906 157 393
1314 121 1393 153 Lib.
1416 97 1572 154 XXXIII

164 242 400 291 cogitare,
431 242 598 278 Asiam
630 242 752 278 nihil
790 243 845 279 ad
876 243 1105 292 populum
1135 245 1182 282 R.
1215 245 1461 293 pertinere
1491 260 1573 284 nec

164 313 316 361 magis
347 319 416 351 eet.
487 312 531 348 In
563 312 813 358 editionibus,
857 313 1062 350 substituto
1094 320 1141 350 at
1172 327 1242 363 pro
1277 322 1353 353 aut
1386 323 1423 353 et
1452 317 1572 366 ipsis

162 396 233 432 pro
264 383 416 431 ipsos,
451 390 487 420 et
516 384 717 431 aequalitas
745 385 866 433 partis
893 384 999 424 eius,
1046 397 1131 432 quae
1163 386 1211 421 ad
1243 387 1477 425 Antiochum
1496 417 1506 433 ,
1537 397 1574 426 et

163 454 254 495 eius,
286 467 369 502 quae
400 455 447 490 ad
479 455 677 491 Romanos
705 455 880 504 pertinet,
911 455 1064 492 sublata
1095 463 1152 493 cst
1182 462 1219 493 et
1250 456 1335 502 illa,
1369 470 1453 506 quae
1482 472 1572 508 pro-

162 525 244 574 prie
275 525 322 561 ad
354 525 597 562 condiciones
627 533 662 562 et
693 528 786 562 fines
818 538 842 562 a
874 526 1010 574 legatis
1042 527 1229 563 Romanis
1251 528 1446 565 Antiocho
1476 543 1572 578 prae-

162 595 324 644 scriptos
355 604 530 644 spectant
562 600 834 645 (quousque
864 602 997 632 terra
1031 597 1253 646 marique
1284 601 1390 645 cet.),
1425 601 1474 637 ad
1493 602 1572 638 Ro-

161 678 297 702 manos
326 667 525 706 translata,
606 669 738 705 Verba
781 667 881 704 male
918 668 1096 704 ordinata
1133 669 1394 718 omissumque
1423 670 1573 709 fuerit

162 738 264 785 apud
296 736 573 775 faciundum
619 746 816 788 praetereo.
896 739 1127 785 (Dicendum
1184 746 1284 776 erat:
1322 754 1573 790 quousque

161 808 346 856 ipsis..
386 809 788 857 progrediendum
819 809 990 853 fuerit,
1022 822 1114 846 non
1149 811 1402 859 cogitare.)
1447 813 1572 850 Paulo

161 885 248 927 post
279 878 314 929 (ξ
348 879 386 927 ὃ)
429 880 466 916 in
507 879 640 915 eadem
672 880 856 916 Antiochi
890 881 1064 917 oratione
1095 882 1176 917 haec
1206 882 1385 930 leguntur
1427 883 1473 919 de
1503 896 1572 933 op-

160 950 258 997 pidis
290 950 407 995 Asiae,
439 963 522 998 quae
551 950 715 998 primum
746 951 911 999 AEgypti
942 963 1065 999 reges,
1114 952 1250 988 deinde
1282 953 1484 1002 Philippus
1516 960 1571 991 te-

160 1021 303 1057 nuerit:
343 1021 610 1069 Occupatis
642 1021 908 1058 maioribus
939 1022 1040 1057 suis
1071 1035 1224 1059 rerum
1257 1024 1462 1061 aliarum
1494 1037 1572 1062 cu-

160 1103 223 1135 ra,
253 1091 406 1139 primo
438 1092 647 1139 quaedam
679 1104 734 1128 ex
762 1091 821 1127 iis
842 1091 1167 1138 Ptolemaeum,
1198 1094 1371 1130 deinde
1402 1096 1572 1132 etPhi-

158 1161 336 1209 lippum
367 1162 652 1209 usurpandae
685 1162 853 1198 alienae
883 1164 1226 1211 possessionis
1267 1178 1412 1202 causa
1443 1173 1571 1203 tenu-

158 1231 270 1275 isse3
311 1232 365 1268 sic
415 1232 512 1269 enim
545 1246 643 1268 nunc
674 1233 799 1269 editur
828 1248 848 1269 e
882 1234 934 1278 133
974 1234 1012 1270 iu
1045 1235 1103 1271 ed.
1136 1236 1242 1284 Meg.
1275 1249 1389 1285 quum
1423 1237 1571 1274 deesset

158 1314 305 1338 causa
336 1304 570 1345 tenuisse,
600 1304 764 1341 editores
796 1306 1012 1353 superiores
1044 1304 1250 1342 effecerant
1290 1309 1572 1356 usurpando

158 1372 317 1409 aliena
345 1374 638 1422 possedisse.
710 1375 942 1424 Diligentius
974 1377 1186 1413 attendenti
1217 1390 1294 1413 non
1331 1379 1474 1426 poterit
1504 1381 1571 1416 ob-

157 1455 310 1479 scurum
351 1457 458 1489 esse,
495 1445 632 1482 vitiose
663 1447 892 1495 usurpandae
922 1447 1178 1495 possessionis
1221 1461 1377 1485 causam
1408 1450 1445 1486 in
1477 1452 1572 1487 Phi-

156 1513 260 1562 lippo
292 1516 603 1559 commemorari;
644 1529 767 1565 neque
798 1517 921 1562 enim,
959 1530 1035 1565 qua
1085 1531 1204 1555 causa
1246 1532 1372 1568 quove
1413 1522 1571 1559 consilio

157 1596 315 1633 regnum
347 1581 670 1634 ainplificavisset,
701 1588 970 1635 quaerebatur,
1000 1589 1067 1625 sed
1099 1602 1176 1637 quo
1206 1590 1288 1626 iure
1320 1604 1445 1639 quove
1474 1605 1571 1641 prae-

160 1662 288 1700 textu,
319 1669 387 1692 nec
420 1670 657 1706 usurpare
688 1659 1053 1707 possessionem
1087 1659 1188 1696 Livii
1229 1668 1341 1697 {etate
1372 1662 1572 1700 dicebatur

159 1727 206 1762 de
236 1739 281 1763 ea
297 1727 433 1764 iniuste
459 1729 695 1777 occupanda.
740 1730 913 1778 Usurpat
929 1730 1213 1777 possessionem
1235 1732 1289 1768 rei
1313 1733 1486 1779 alicuius,
1503 1735 1569 1782 qui

159 1797 287 1845 aliquo
318 1799 432 1834 modo
478 1812 523 1834 ea
568 1799 686 1835 utitur
734 1812 883 1848 usuque
929 1813 1013 1837 eam
1046 1802 1258 1848 continuat,
1287 1817 1335 1840 ne
1366 1805 1569 1842 interrum-

156 1875 271 1916 patur
301 1869 596 1918 amittaturque3
627 1869 709 1910 Cic.
747 1871 794 1907 de
825 1870 892 1907 Or.
914 1872 991 1920 ΙΙΙ,
1027 1875 1090 1917 47,
1117 1871 1257 1921 110.¹)
1317 1876 1570 1913 Scribendum

156 1939 272 1988 igitur
292 1947 365 1976 est:
387 1940 666 1989 usurpanda
696 1941 860 1978 aliena
894 1944 1239 1990 possessionis
1270 1958 1427 1985 eausa.
1465 1947 1568 1984 Nam

156 2010 376 2059 Philippum
412 2011 629 2047 Antiochus
674 2011 846 2059 queritur
875 2013 913 2048 in
946 2013 1245 2052 Ptolemaeorum
1272 2018 1570 2064 possessionem,

156 2079 279 2128 ipsam
311 2093 464 2130 quoque
492 2082 686 2127 iniustam,
716 2083 985 2131 subrepentem
1018 2085 1143 2122 aliena
1165 2087 1421 2134 possessionis
1453 2101 1571 2125 causa

156 2157 195 2187 et
224 2158 413 2199 praetextu
444 2149 618 2197 usum.‘²)

182 2348 210 2392 ι)
250 2351 648 2383 MaleWeissenbornius
668 2362 881 2394 usurpare
907 2354 1100 2386 alienam
1127 2357 1454 2397 possessionem
1473 2367 1569 2388 enar-

250 2419 302 2445 rat
333 2414 679 2455 interrumpere3
722 2414 835 2445 aliena
865 2416 1036 2456 possessio
1069 2418 1208 2450 omnino
1248 2417 1401 2459 usurpari
1435 2419 1568 2460 nequit,

249 2476 307 2507 sed
332 2476 566 2507 tantummodo
593 2486 652 2507 sua
680 2475 842 2517 cuiusque
867 2478 1052 2517 possessio.

179 2533 211 2578 ³)
247 2535 329 2578 Cap.
357 2542 412 2576 41,
440 2542 458 2569 5
486 2538 594 2569 oratio
632 2538 679 2570 sic
712 2539 986 2579 interpungenda
1011 2544 1080 2571 est:
1108 2540 1294 2580 navigat
1327 2541 1569 2582 Ephesum,

249 2599 419 2639 legatis
445 2600 495 2630 ad
521 2599 772 2638 Quinctium
801 2601 962 2639 missis,
990 2602 1062 2642 qui
1096 2625 1103 2632 .
1132 2626 1139 2632 .
1173 2608 1368 2643 agerent.
1442 2602 1567 2635 Oram

252 2662 368 2693 Asiae
394 2662 548 2702 legens
574 2663 776 2703 pervenit
811 2663 853 2693 in
880 2663 1066 2704 Lyciam.
1121 2663 1162 2695 In
1189 2674 1264 2706 cap.
1292 2668 1353 2702 43,
1387 2667 1406 2695 9
1441 2664 1509 2706 (Et
1528 2663 1569 2696 P.
