1811 2925
271 138 342 169 Lib.
362 137 531 168 XXXIII.
937 135 1013 171 394

335 261 506 309 Cap.44,
527 262 568 295 4:
600 256 898 294 Mil-antibus
928 257 1018 293 iam
1050 255 1195 304 vulgo
1226 257 1517 301 hominibus,
1541 255 1678 303 quod,

274 345 410 380 quum
442 329 689 378 Hispania
719 328 956 364 movisset
986 327 1182 370 bellum„
1213 326 1532 375 negligerent.
1598 327 1678 363 Pa—

273 415 356 438 rum
388 408 480 450 apta
513 407 569 436 est
598 399 788 448 particula
819 411 974 446 quu1n3
1015 411 1084 434 nee
1115 410 1161 433 ea
1189 397 1227 433 in
1256 398 1298 433 M
1327 396 1419 442 fuit³
1458 398 1523 433 sed
1554 396 1678 445 quod

275 471 533 521 Hispania,
568 476 730 506 testante
761 469 875 506 etiam
907 470 1092 512 editione3
1127 481 1214 504 nam
1248 467 1457 512 Gelenius,
1500 468 1564 516 qui
1590 468 1679 503 ’'ve-

274 556 355 579 ram
387 542 609 579 leeti0ne1n”
641 553 723 577 esse
754 541 824 577 ait:
850 541 1136 584 hominibus,
1169 539 1293 587 quod
1322 539 1562 588 Hispania
1591 551 1681 575 mo-

273 614 426 650 visset
459 612 657 651 bellum,
693 612 901 659 negligi,
938 611 1004 646 vix
1042 610 1229 658 integram
1272 610 1412 646 codicis
1451 610 1678 658 scripturam

274 684 412 733 posuit.
479 683 567 730 (Ed.
619 684 726 730 Mog.
759 682 1037 730 negligere.)
1102 680 1266 717 Videtur
1296 681 1428 716 Livius
1465 680 1680 728 scripsisse:

273 754 577 791 Mirantibus
610 754 632 790 i.
663 767 701 792 V.
733 752 1018 794 hominibus
1051 764 1154 788 eur.
1195 752 1317 799 quod
1347 752 1480 799 Hisp.
1513 751 1682 787 movis-

275 831 349 861 set
378 824 575 861 bellum.
605 819 979 871 negligerent.¹)

386 894 481 943 Cap.
514 896 562 931 48
582 923 591 940 a
643 897 663 931 ὗ
697 894 761 942 (de
792 894 1011 929 Hannibale
1042 893 1211 930 Cereinae
1259 893 1391 941 epulas
1434 896 1594 940 parante
1634 891 1683 926 ad

275 965 404 1014 fugam
437 966 703 1003 occultandam
734 972 770 1001 et
803 964 851 1000 ad
875 964 1140 1009 retardandos,
1171 964 1202 1000 si
1233 964 1296 1012 qui
1326 963 1503 1012 persequi
1533 975 1573 998 se
1605 961 1684 998 vel-

274 1035 672 1082 lentj:magistros
704 1035 893 1071 navium
925 1041 1328 1083 mercatoresque
1358 1033 1563 1070 invitari
1593 1033 1682 1069 ius-

276 1106 345 1142 sit.
375 1113 417 1142 et
443 1107 551 1143 vela
583 1119 681 1142 eum
715 1105 946 1141 antennis
978 1118 1031 1141 ex
1062 1105 1271 1141 navibus
1306 1104 1587 1153 oorrogari,
1634 1110 1684 1139 ut

278 1177 652 1223 umbra(etenim
683 1176 837 1212 media
868 1182 1006 1211 aestas
1043 1175 1172 1212 forte
1206 1176 1323 1222 erat)
1363 1175 1682 1211 coenantibus

276 1249 319 1284 in
357 1248 528 1284 littore
558 1247 715 1283 fieret.
788 1247 834 1282 In
878 1247 950 1282 hae
981 1245 1156 1281 editionis
1191 1247 1296 1293 Mog.
1329 1246 1536 1294 seriptura.¹
1568 1257 1682 1292 quam

276 1319 615 1354 Weissenbornius
647 1313 823 1363 tenuits-’Q
859 1317 952 1352 nihil
983 1324 1051 1362 est,
1083 1316 1184 1364 quod
1205 1316 1429 1364 reprehendi
1450 1317 1581 1364 possit„
1612 1316 1683 1352 nisi

279 1390 380 1437 quod
407 1390 543 1425 umbra
579 1388 697 1424 fieri
733 1388 867 1427 alicui,
914 1400 997 1435 quae
1026 1393 1183 1436 paretur
1213 1393 1249 1423 et.
1277 1387 1517 1435 praebeatur,
1547 1399 1683 1434 parum

278 1466 380 1496 reete
414 1466 450 1495 et
479 1460 617 1495 usitate
646 1459 719 1494 diei
750 1459 843 1494 mihi
874 1459 1035 1495 videtur.
1077 1458 1152 1495 sed
1175 1457 1422 1506 Kreyssigius
1441 1470 1460 1493 e
1478 1457 1510 1492 B
1540 1457 1681 1505 posuit:

277 1537 327 1567 ut
356 1531 528 1567 umbrae
554 1528 666 1579 (tum
698 1529 858 1565 media
888 1536 1029 1565 aestas
1063 1528 1191 1565 >forte
1214 1527 1333 1576 erat)
1366 1527 1684 1563 coenantibus

278 1602 322 1637 in
352 1601 465 1637 litto
479 1614 527 1636 re
556 1600 756 1640 fierent.
796 1600 833 1635 in
870 1613 946 1648 qua
985 1600 1172 1648 scriptura
1219 1599 1275 1645 (ut
1305 1598 1499 1643 omittam,
1530 1598 1686 1633 umbras

278 1672 415 1720 plurali
445 1684 604 1707 numero
639 1671 705 1707 vix
744 1671 780 1706 in
820 1683 937 1719 prosa
967 1670 1140 1706 oratione
1171 1668 1245 1704 dici
1275 1668 1348 1704 nisi
1377 1668 1476 1705 forte
1508 1668 1572 1704 ubi
1602 1667 1685 1716 plu-

278 1743 376 1779 rium
413 1755 540 1778 rerum
580 1742 725 1778 umbrae
759 1741 907 1790 seiungi
938 1741 1142 1789 cogitando
1172 1740 1319 1788 possint
1336 1741 1361 1785 ,)
1400 1737 1683 1775 incommodum

279 1822 314 1851 et
345 1813 548 1850 manifesto
580 1813 759 1849 vitiosum
796 1818 852 1848 est
882 1818 978 1847 tum
1010 1812 1063 1847 sie
1095 1810 1263 1859 positum
1283 1838 1291 1854 ,
1332 1815 1515 1858 tanquam
1547 1820 1685 1844 caven-

280 1885 367 1921 dum
417 1884 548 1928 fuerit,
605 1896 652 1919 ne
694 1883 776 1931 quis
826 1883 901 1918 alio
947 1889 1118 1930 tempore
1167 1881 1332 1917 mediam
1370 1886 1539 1916 aestatem
1571 1877 1687 1913 fuisse

279 1960 441 2003 putaret.
507 1953 687 1998 (Damals
728 1966 810 1989 war
851 1966 889 1989 es
937 1953 998 1989 die
1027 1952 1138 1988 Mitte
1180 1952 1246 1987 des
1279 1951 1486 1987 Sommers.
1548 1948 1687 1984 Diver-

372 2164 528 2195 Porcio
566 2163 696 2193 Laeeae
728 2163 778 2192 ad
810 2161 1033 2192 Etruriam
1074 2160 1189 2191 circa
1230 2159 1353 2190 Pisas
1389 2160 1528 2189 decem
1567 2156 1688 2186 milia

373 2224 561 2265 peditum
595 2229 635 2254 et
669 2223 700 2253 D
739 2224 913 2263 equites
957 2232 1006 2252 ex
1041 2222 1220 2252 Gallico
1259 2222 1456 2252 exercitu
1498 2218 1686 2257 decreti)

375 2286 534 2316 mendum
561 2286 707 2321 subesse,
741 2286 955 2326 perspicuum
983 2290 1034 2314 est
1070 2293 1113 2314 ex
1148 2293 1250 2324 pravo
1276 2293 1339 2314 usu
1364 2280 1610 2323 praepositionis
1639 2280 1688 2309 ad

375 2348 624 2387 (decernere
652 2347 785 2377 alicui
815 2346 979 2377 milites
1004 2346 1053 2375 ad
1080 2344 1328 2383 Etruriam).
1379 2343 1609 2383 Scripseratne
1631 2340 1689 2370 Li-

376 2409 450 2440 vius
478 2414 628 2439 tantum:
654 2407 705 2438 Et
738 2408 774 2438 P.
803 2407 961 2438 Porcio
987 2406 1116 2437 Laeeae
1143 2407 1263 2436 cirea
1288 2405 1435 2436 Pisas?

319 2467 347 2510 ¹)
374 2469 484 2508 Quam
511 2470 544 2500 in
571 2479 643 2511 cap.
673 2471 727 2508 47,
754 2473 773 2499 3
799 2470 867 2499 iam
895 2478 923 2498 a.
947 2471 1032 2499 1829
1059 2477 1298 2508 proposueram
1325 2465 1594 2497 emendationem
1620 2462 1688 2492 evi-

375 2533 508 2562 dentem
547 2530 778 2571 (furtorum
806 2530 1021 2561 manubiis
1048 2529 1240 2560 extortis
1265 2538 1342 2569 pro:
1385 2527 1500 2558 furto
1540 2533 1688 2556 eorum

375 2593 581 2625 manibus
608 2593 805 2629 extorto),
832 2592 865 2622 in
892 2601 966 2622 eam
992 2597 1109 2632 postea
1135 2591 1236 2621 etiam
1262 2589 1314 2620 W.
1341 2589 1471 2620 incidit.

303 2651 333 2696 ⁹)
373 2654 413 2685 In
439 2655 489 2685 ed.
518 2654 651 2684 Teubn.
702 2652 790 2683 Nam
816 2653 850 2683 in
877 2652 1160 2684 Weidmanniana
1185 2651 1212 2681 B
1239 2655 1374 2681 secutus
1401 2654 1465 2682 est.
