1811 2925
754 177 768 195 Ι

200 260 462 291 Sestertium
496 261 662 299 decies,
704 262 853 293 declina-

238 312 319 344 tum,
348 310 413 337 594
440 317 473 338 n.

194 353 233 384 Si
262 364 328 384 non
365 354 397 384 in
425 356 656 395 comparando
698 359 778 393 1193
819 356 853 386 si

240 399 355 430 sorte
393 401 538 441 clliptiee
580 402 726 441 positum
770 406 851 441 1233

240 447 270 477 si
300 447 409 477 lieet
435 448 514 478 item
535 452 616 485 1483
644 449 676 480 si
704 454 747 480 ut
773 459 854 480 con-

240 493 355 523 flatum
383 494 416 524 in
444 495 557 525 sicut
588 499 663 526 147.

194 540 299 579 Signa
325 541 484 572 militaria
510 548 543 572 et
568 542 689 583 captivi
709 543 854 573 mentio-

237 596 279 616 ne
306 588 475 618 coniuncti
503 591 581 622 266.

193 634 328 673 Signa
353 633 458 665 ferri
484 635 635 666 iubere
662 639 746 672 328,
775 639 853 669 400.

194 681 389 720 Signare,
417 682 655 722 obsignare
684 685 761 712 555.

195 727 361 759 Similis
388 729 499 766 veri,
543 728 709 759 similia
734 729 854 760 veris

239 777 312 805 119.

193 821 486 852 Simulacrum
513 821 594 851 viri
620 822 763 853 vixLat..
778 824 853 854 603.

192 868 382 907 Singularis
420 868 509 908 apud
549 867 765 900 distributiva
798 871 853 908 (in

239 914 436 952 militem)
463 918 517 944 99.

192 961 411 1002 spectare,
439 967 704 1001 exspectare
732 967 810 994 229.

191 1008 214 1039 S
227 1015 248 1038 t.
304 1007 446 1038 Errores
462 1017 504 1038 ex
518 1008 582 1038 hae
601 1009 765 1049 scriptura
774 1014 854 1044 585.

192 1055 417 1091 structus,
446 1055 691 1086 instructus
724 1059 790 1088 274
817 1068 851 1088 n.

193 1102 361 1134 Suadeo
411 1101 547 1131 alicui
597 1101 742 1133 facere
784 1115 851 1135 non

235 1148 410 1178 Livianum
447 1151 513 1178 294
540 1159 571 1179 n.

190 1193 405 1234 Subigere
432 1198 485 1225 84.

190 1240 412 1272 Subiieere
439 1242 527 1272 male
560 1252 620 1283 pro
650 1243 852 1283 subigere

238 1292 315 1318 210.

193 1334 365 1366 Sumere
391 1335 438 1364 de
465 1335 513 1365 al.
542 1336 619 1365 597.

193 1381 400 1422 Superari
430 1382 559 1421 (minus
585 1381 712 1422 valere)
738 1384 856 1424 pedi-

235 1433 275 1458 te
302 1432 379 1458 304.

194 1474 427 1516 Superlativus
455 1480 537 1507 sent.
566 1475 707 1507 relativa
732 1482 853 1509 auctus

230 1525 307 1552 403.

193 1568 328 1609 Supra
354 1569 518 1609 (praeter),
543 1579 610 1600 non
637 1580 765 1610 super
792 1574 852 1610 503

239 1617 278 1645 de
306 1615 381 1646 loeo
410 1619 486 1646 606.

192 1661 458 1692 Suseensere
483 1672 551 1693 non
579 1663 619 1693 de
641 1663 853 1703 indignando

242 1712 317 1740 146.

194 1755 420 1787 Sustinere
449 1765 507 1794 se,
542 1762 687 1787 tenere
713 1766 754 1788 se
782 1760 835 1787 58.

191 1802 302 1833 Suus
328 1803 509 1843 quisque
535 1804 654 1834 eodem
670 1814 751 1834 casu
774 1807 853 1834 535.

192 1894 215 1928 'l'
244 1896 277 1925 in
301 1895 482 1926 verborum
505 1897 742 1927 terminatione
757 1897 852 1927 addi-

239 1947 309 1972 tum
334 1947 366 1971 et
392 1942 578 1973 detractum
607 1946 684 1982 519,
714 1946 790 1974 628.

193 1988 398 2019 Tacitum
425 1988 585 2020 habere
611 1993 688 2021 516.

192 2035 292 2065 Tam
319 2045 399 2065 num
426 2037 602 2067 omittatur
616 2042 695 2067 ante
720 2047 854 2077 quam,

239 2085 322 2120 3133
355 2087 437 2112 tam
472 2092 521 2113 ex
553 2083 744 2124 ancipiti
788 2090 853 2124 (ex

237 2133 259 2158 t.
287 2128 386 2167 ane.)
414 2132 478 2160 411
508 2140 539 2160 n.

193 2174 334 2205 Taurini
363 2179 440 2206 219.

192 2221 309 2261 Tcgi⁷
338 2222 474 2262 integi
505 2227 566 2253 149
592 2233 624 2254 n.

192 2267 364 2308 Tempora
382 2269 582 2307 verb0rum3
602 2270 668 2300 vid.
684 2269 852 2307 Praesens,

238 2314 384 2354 Impers„
411 2316 512 2353 Pers„
534 2316 805 2357 Plusquamperf.

196 2360 381 2400 Tempus
401 2364 852 2404 est‚non:aptissimun1

238 2412 404 2447 tempus
432 2414 493 2440 est
518 2409 665 2440 facere
696 2413 769 2441 106.

196 2453 361 2484 Tenere
394 2465 462 2486 non
490 2456 701 2487 intransitive
735 2457 775 2487 de
802 2456 853 2487 lo-

239 2500 284 2530 cis
311 2504 387 2531 330.

195 2545 388 2586 Tergum‚
415 2558 434 2578 a
462 2554 582 2587 tergo
612 2553 687 2581 588.

861 142 939 177 636

948 262 1116 294 Timere
1162 264 1426 295 lassitudini
1469 274 1608 306 pravum

994 312 1071 340 371.

947 355 1183 396 Transpositio
1210 367 1330 388 vocum
1367 358 1402 388 in
1431 359 1610 390 codicibus

993 404 1080 434 Livii
1108 404 1353 442 antiquissimis
1379 410 1413 435 et
1436 406 1609 437 omnibus:

998 454 1049 487 12,
1078 452 1155 481 207.
1185 454 1261 481 231.
1290 454 1369 489 349,
1395 455 1460 482 491
1479 476 1488 485 .
1524 456 1612 491 593;

991 497 1137 537 plurium
1181 497 1359 528 verborum
1396 504 1611 539 totorumque

994 553 1146 574 versuum
1189 547 1263 580 164.
1303 547 1381 581 236,
1420 549 1505 584 243,
1533 549 1612 585 320,

993 594 1072 627 423,
1101 593 1178 628 463,
1209 593 1286 626 531,
1310 594 1388 622 590.

947 637 1155 677 Triumphus
1182 637 1252 668 sine
1280 638 1423 678 captivis
1445 641 1522 670 470.

947 683 1050 714 Tum
1087 690 1163 724 post
1194 685 1398 715 sententiam
1438 686 1612 718 condicio-

994 731 1104 761 nalem
1134 733 1211 761 237.

946 823 1248 854 Weissenbornius
1274 826 1329 861 36,
1356 827 1435 855 309.

944 870 1077 901 Velites
1104 875 1136 901 et
1161 869 1246 900 levis
1272 877 1446 901 armatura
1472 875 1550 902 332.

945 916 1076 947 Velle
1103 917 1213 951 addi,
1244 927 1312 947 non
1342 918 1503 949 addere
1529 921 1608 948 400.

992 963 1180 1001 Vellem,
1208 964 1381 994 mallem
1408 967 1487 995 447.

944 1009 1095 1041 Verbum
1112 1011 1278 1041 substant.
1294 1010 1358 1041 vid.
1372 1010 1401 1040 E
1415 1021 1429 1042 s
1441 1022 1492 1042 se.
1521 1011 1607 1042 Ver-

990 1057 1034 1087 ba
1060 1057 1264 1093 affirmandi,
1290 1058 1458 1097 negandi,
1486 1058 1611 1089 similia

992 1114 1066 1134 cum
1095 1105 1262 1135 sententia
1280 1104 1423 1142 infinita,
1442 1115 1513 1135 non
1532 1115 1610 1136 eum

991 1152 1181 1181 accusativo
1209 1153 1287 1182 377.

943 1197 1107 1228 Versus
1138 1208 1204 1228 non
1230 1198 1425 1238 praepositio
1456 1201 1531 1229 135.

944 1243 1129 1275 Vertere
1158 1254 1227 1275 non
1246 1254 1307 1284 pro
1326 1250 1494 1275 certare
1522 1248 1610 1283 4583

990 1291 1103 1320 verti
1130 1291 1170 1321 in
1198 1300 1329 1323 re.non
1356 1301 1408 1328 re,
1439 1294 1517 1322 265.

947 1337 1097 1367 Vicem
1132 1338 1322 1368 alieuius
1357 1338 1609 1377 sollicitus,

993 1394 1060 1414 non
1087 1385 1264 1415 vice9n.
1316 1384 1510 1415 Invicem
1540 1395 1611 1416 eo-

992 1431 1268 1462 missantium
1304 1441 1445 1472 pravum
1472 1434 1551 1462 460.

945 1477 1172 1508 Videlicet
1199 1482 1252 1509 55.

945 1524 1096 1554 videri
1122 1525 1253 1565 passive
1280 1528 1334 1555 42.

945 1571 1113 1601 Viriurn
1140 1572 1175 1601 vi
1202 1581 1269 1602 non
1294 1572 1370 1603 Lat.
1400 1572 1476 1602 177.

945 1618 1112 1654 Vitare,
1141 1619 1310 1649 evitare
1343 1620 1423 1648 464.

945 1664 1065 1694 Vitio
1116 1665 1287 1703 creari,
1338 1664 1492 1695 vitium
1540 1663 1606 1702 fit,

994 1715 1058 1741 502
1085 1721 1117 1741 n.

944 1758 1118 1789 Vocare
1156 1757 1199 1787 in
1234 1762 1401 1799 partem
1438 1757 1607 1798 aliquid

994 1808 1068 1835 100.

942 1898 1000 1929 Ur
1025 1897 1216 1928 terminatio
1234 1907 1337 1938 prave
1351 1897 1467 1927 addita
1488 1900 1553 1927 595
1573 1906 1606 1927 n.

944 1944 1046 1975 Urbis
1086 1954 1209 1974 nomen
1254 1943 1357 1974 latius
1406 1943 1609 1983 intelligitur

993 1992 1082 2032 apud
1107 1996 1237 2021 veteres
1265 1993 1342 2021 273.

944 2038 1164 2078 Usurpare
1241 2036 1605 2079 (possessionem)

990 2088 1067 2115 393.

944 2131 997 2162 Ut
1021 2131 1172 2171 pendens
1200 2141 1220 2161 a
1244 2130 1347 2160 verbo
1372 2138 1443 2159 non
1468 2138 1610 2170 expres·

993 2188 1030 2208 so
1058 2181 1135 2208 552.

944 2223 1138 2265 Uterque
1166 2223 1328 2259 consul,
1355 2232 1426 2253 non
1453 2232 1608 2254 consu-

990 2271 1075 2301 lum
1103 2272 1193 2311 apud
1220 2271 1293 2301 Liv.
1322 2272 1399 2300 513.

944 2317 1014 2349 Uti
1056 2318 1133 2357 (sic
1165 2316 1342 2357 utimur)
1382 2325 1452 2346 non
1484 2315 1607 2347 Latine

989 2364 1139 2404 positum
1170 2368 1244 2395 103.

943 2410 1144 2442 Utrarius
1178 2410 1296 2441 vocab.
1322 2409 1525 2440 auctoritate
1552 2418 1609 2439 ca-

991 2467 1065 2488 rens
1092 2461 1169 2488 582.

944 2549 1006 2591 Xy
1015 2559 1032 2581 e
1041 2551 1062 2581 h
1073 2560 1094 2580 u
1103 2560 1117 2581 s
1142 2559 1266 2581 nomen
1279 2559 1349 2580 non
1360 2548 1517 2579 Graecum
1528 2548 1607 2576 480.
