1811 2925
883 170 960 205 555
1398 168 1473 198 Lib.
1496 167 1631 199 XLIII.

210 290 278 327 les
309 290 472 328 factus
503 304 595 328 non
627 291 737 337 eris,
766 291 812 327 in
843 291 1024 328 dilectu
1063 289 1316 340 prodibis?
1379 292 1492 328 Prius
1522 305 1629 341 pro·

211 361 337 398 dibis
383 374 403 398 e
433 362 584 400 Dukeri
613 363 833 400 coniectura
858 368 1055 412 receptum
1070 361 1381 398 arecentioribus
1412 369 1480 407 est,
1511 376 1628 411 quum

209 432 402 482 Grynaeus
432 434 640 483 prodito
672 433 863 472 edidisset.
924 434 1001 472 Sed
1031 434 1156 470 minus
1194 439 1296 469 recte
1334 433 1392 469 bis
1423 433 1470 469 de
1499 433 1630 471 fut-uro

208 504 479 554 interrogatur.
540 505 729 544 Censores
759 505 797 541 in
828 505 955 542 medio
987 505 1126 542 dilectu
1155 506 1229 541 hoc
1259 505 1482 551 edixerunt3
1513 505 1629 541 iusiu-

207 575 371 612 randum
402 584 539 626 postea
580 578 618 614 in
665 590 780 615 censu
811 578 962 626 agendo
994 576 1168 614 exacturi
1198 582 1328 620 erant3
1370 576 1502 624 itaque
1548 584 1629 614 tum

207 658 248 682 se
279 654 316 682 et
347 647 394 684 de
424 648 563 685 dilectu
598 662 664 695 eo,
706 650 770 698 qui
809 662 909 686 nunc
957 649 1034 685 iam
1080 653 1283 696 ageretur,
1321 648 1631 684 obedivissentne

207 718 310 754 cives
342 718 491 764 edicto,
523 726 560 756 et-
589 720 636 756 de
673 720 741 766 iis,
774 721 837 770 qui
867 726 956 770 post
986 720 1105 756 futuri
1137 725 1286 763 essent,
1323 718 1630 767 interrogaturos

205 789 419 826 edixerunt.
481 789 621 828 Codex
650 793 853 841 proditi.
916 791 1168 829 Scribendum
1199 791 1332 840 igitur:
1369 797 1519 838 tuque
1557 820 1594 828 ..

205 859 261 896 ad
300 859 536 898 dilectum
576 863 798 915 prodisti
848 869 917 907 et,
965 862 1362 911 quotiescunque
1407 861 1629 898 dilectus

207 931 313 976 erit,
351 959 419 970 ...
466 933 719 981 prodibis?
809 933 938 971 Edicti
988 939 1115 970 autem
1166 933 1244 969 vim
1284 939 1321 969 et
1364 932 1629 970 iusiurandum

206 1008 310 1039 recte
341 1009 378 1039 et
409 1003 543 1039 ordine
573 1016 750 1041 censores
781 1018 850 1042 suo
881 1005 1002 1040 lustro
1033 1004 1252 1049 terminant,
1283 1017 1331 1040 ne
1363 1003 1529 1040 alienam
1559 1018 1629 1054 po-

206 1079 384 1110 testatem
415 1073 489 1110 sibi
520 1083 730 1112 assumant.
805 1077 925 1113 Recte
965 1075 1082 1123 igitur
1110 1076 1255 1112 habent
1284 1075 1367 1111 illa:
1408 1087 1544 1123 quum
1584 1076 1630 1112 hi

206 1156 434 1181 censores
465 1146 809 1194 magistratum
850 1146 1115 1183 habebunt.
1174 1146 1265 1183 Iure
1297 1152 1449 1191 autem,
1480 1147 1630 1196 opinor,

206 1215 388 1265 Sigonius
418 1216 465 1252 in
494 1217 845 1266 dilectum(cod.
875 1218 921 1254 in
955 1217 1136 1254 dilectu
1166 1217 1485 1266 prouidebis).
1535 1221 1571 1263 (ξ
1604 1220 1626 1254 2

204 1294 249 1324 et
279 1294 368 1325 ante
398 1288 614 1324 iuniores
644 1296 747 1326 recte
778 1289 1003 1327 Gronovius
1032 1287 1116 1325 tolli
1145 1288 1321 1332 volebat3
1351 1288 1390 1324 in
1421 1301 1478 1333 ea,
1512 1301 1627 1337 quam

203 1359 432 1396 Perizonius
465 1359 565 1396 effici
595 1360 763 1405 volebat,
792 1361 982 1398 sententia
1016 1360 1218 1396 dicendum
1251 1367 1350 1396 erat:
1387 1373 1442 1396 116
1472 1360 1629 1396 iunio-

204 1443 280 1467 res
313 1431 519 1479 quidem.
589 1431 665 1469 Sed
696 1432 851 1468 omnino
882 1444 960 1467 non
991 1432 1181 1480 agebatur
1210 1439 1311 1476 tum,
1344 1432 1383 1468 in
1412 1431 1628 1479 legionibus

203 1503 253 1538 ad
282 1502 425 1538 bellum
457 1502 752 1539 Macedonicum
783 1502 1007 1546 scribendis,
1037 1501 1109 1538 nisi
1142 1503 1188 1538 de
1206 1502 1432 1547 iunioribus,
1465 1503 1529 1550 qui
1546 1502 1629 1550 qui-

205 1572 292 1608 dem
323 1573 501 1609 Romane
531 1572 768 1619 dicebantur,
798 1586 868 1609 nec
900 1573 949 1609 ad
980 1573 1076 1609 alios
1107 1579 1255 1621 spectat
1286 1586 1486 1609 censorum
1517 1574 1629 1610 iuris-

206 1643 358 1680 iurandi
389 1643 569 1682 formula.
601 1648 618 1689 ξ
652 1647 673 1681 4
718 1644 993 1694 conscripti
1022 1645 1060 1680 in
1091 1644 1222 1681 codice
1255 1657 1333 1681 non
1364 1651 1446 1689 θεῖς
1491 1645 1557 1681 sed
1586 1652 1630 1681 et

207 1727 363 1763 quoque
392 1722 526 1751 natum
557 1716 695 1764 opinor
724 1730 773 1753 ex
805 1716 940 1753 ultima
981 1716 1110 1752 littera
1151 1716 1261 1752 verbi
1290 1716 1495 1761 scirent,
1535 1717 1627 1753 scri-

203 1786 452 1834 bendumque
482 1798 586 1822 esse:
616 1787 663 1823 id
692 1787 762 1824 ita
793 1794 842 1825 ut.
872 1801 978 1824 esse
1008 1787 1191 1823 scirent
1222 1789 1425 1835 patres.)

316 1856 414 1906 Cap.
451 1858 511 1901 16,
549 1858 614 1894 13:
663 1856 906 1895 Censores
938 1859 977 1904 <a
1007 1859 1053 1896 P.
1087 1858 1232 1895 Rutilio
1264 1865 1311 1894 tr.
1342 1859 1396 1907 pl.
1419 1859 1628 1908 perduelli-

204 1929 289 1966 onis
319 1928 507 1977 accusati)
544 1929 787 1978 extemplo
817 1930 864 1966 in
895 1930 1070 1966 atrium
1090 1929 1366 1966 Libertatis
1400 1931 1626 1967 escende-

201 2007 327 2046 runt,
359 2008 403 2036 et
432 1999 499 2036 ibi
532 1999 742 2048 signatis
772 2000 974 2037 tabellis
1008 2001 1224 2049 publicis
1256 2001 1527 2050 clausoque
1558 2009 1626 2038 ta-

200 2071 398 2109 bulario
435 2099 475 2110 ..
512 2080 752 2120 negarunt
786 2084 836 2108 se
884 2101 920 2108 ..
972 2072 1227 2121 quicquam
1258 2073 1444 2121 publici
1484 2085 1625 2122 nego-

200 2143 258 2178 tii
299 2148 540 2191 gesturos„
611 2142 823 2192 Signare
865 2142 1078 2179 tabellas
1121 2143 1243 2190 (velut
1288 2146 1623 2190 testamentorum)

201 2227 335 2250 eorum
363 2214 537 2262 ipsorum
568 2220 648 2259 est,
701 2214 767 2262 qui
807 2214 985 2263 apposito
1035 2215 1145 2263 signo
1191 2227 1257 2251 eas
1299 2216 1528 2252 confirmant
1559 2222 1625 2252 aut

201 2284 338 2320 saltem
373 2284 488 2320 fidem
518 2284 564 2320 iis
597 2285 816 2322 conciliant.
882 2285 1021 2333 Itaque
1053 2291 1115 2330 (ut
1145 2287 1319 2323 omittam
1352 2287 1505 2323 tabulas
1537 2299 1623 2324 cen-

201 2355 326 2392 sorias
355 2368 480 2403 neque
510 2355 682 2404 signatas
711 2369 876 2405 usquam
906 2358 1201 2394 commemorari
1229 2370 1354 2406 neque
1383 2370 1523 2406 genere
1553 2371 1623 2394 suo

201 2426 411 2475 signandas
454 2424 573 2463 fuisse
605 2427 761 2472 videri),
791 2428 823 2463 si
853 2439 1032 2464 censores
1063 2440 1128 2464 eas
1160 2441 1260 2465 nunc
1303 2428 1543 2477 signassent,
1584 2429 1623 2464 id

200 2497 327 2545 ipsum
358 2496 561 2542 fecissent,
595 2498 699 2545 quod
728 2510 770 2534 se
797 2497 968 2534 facturos
998 2500 1212 2547 negabant,
1242 2506 1285 2536 ut-
1315 2500 1519 2547 quicquam
1550 2511 1622 2547 pro

201 2567 432 2616 magistratu
478 2574 648 2616 agerent.
739 2569 935 2605 Praeterea
975 2569 1043 2605 ibi
1089 2571 1273 2607 abundat.
1343 2570 1445 2618 Quid
1487 2570 1622 2606 Livius

200 2637 418 2686 scripserit,
460 2638 523 2674 vel
561 2651 680 2675 unum
712 2639 806 2675 illud
836 2639 1003 2676 clauso
1033 2641 1288 2677 tabulario
1320 2641 1521 2677 ostendere
1551 2653 1622 2689 po·

198 2715 291 2745 test:
322 2717 365 2745 et
398 2710 682 2760 obsignatis
712 2710 918 2747 tabellis
951 2711 1076 2759 publ.
1118 2711 1387 2760 clausoque
1428 2712 1519 2749 tab.
1549 2718 1621 2748 etc.
