1811 2925
305 135 379 165 Lib.
406 134 520 165 XXII.
922 135 998 170 ‘250

257 271 320 295 sus
351 259 557 295 barbarum
590 262 657 301 est,
688 268 757 292 nec
787 255 909 291 simile
941 262 1009 300 est,
1049 256 1151 303 quod
1184 255 1317 293 Cicero
1350 257 1435 305 (pro
1463 258 1561 294 Sest.
1596 260 1660 303 51,

264 330 352 375 109)
384 329 420 364 in
467 327 658 364 rhetorica
702 326 986 362 enumeratione
1029 339 1187 363 omnes
1220 328 1504 365 honestates
1536 329 1661 365 civi-

257 400 396 444 tatis„
444 410 606 435 omnes
648 403 836 443 aetates,
892 409 1051 433 omncs
1104 397 1299 433 ordines
1358 400 1569 436 consentire
1623 400 1661 435 in

258 471 386 518 aliqua
426 482 542 506 cansa
587 469 697 513 dicit7
741 481 816 504 non
862 466 1032 515 singulos
1062 467 1234 503 homines
1264 468 1548 517 demonstrans,
1594 471 1661 507 sed

256 554 398 590 genera
438 547 474 577 et
515 540 656 576 classes
695 538 929 582 honestatis,
977 537 1158 586 quicquid
1187 538 1235 574 sit
1267 539 1415 576 honesti
1446 549 1482 577 et
1510 541 1659 590 integri.

257 612 430 656 Accedit,
476 611 578 659 quod
618 611 739 646 turbae
784 622 860 646 non
900 617 1001 645 recte
1043 609 1247 658 dignitates
1290 609 1444 658 (plurali
1484 614 1659 659 numero)

257 684 457 720 contrariae
482 688 687 732 ponuntur.
743 681 875 717 Livius
906 681 1128 729 scripserat:
1165 681 1308 717 turba
1338 682 1661 730 conspectior,

258 767 393 804 quum
424 754 640 803 dignitas
667 754 876 790 deesset.

367 822 494 873 *Cap
531 827 605 868 41,
651 827 670 861 7
706 824 769 872 (de
800 823 1021 860 Hannibale
1054 822 1210 858 insidias
1241 823 1426 859 Romanis
1457 822 1661 871 struente):

257 902 490 944 transque
527 895 778 944 proximos
809 900 992 931 montes
1023 894 1144 930 laeva
1176 893 1366 942 pedites
1396 894 1662 930 instructos

258 967 439 1012 condit,
470 967 642 1002 dextra
673 966 882 1014 equites;
920 965 1251 1013 inpedimenta
1280 978 1364 1013 per
1394 964 1661 1001 convallem

258 1038 457 1074 medium
492 1050 659 1085 agmen
690 1037 916 1074 traducit.
989 1037 1078 1073 Non
1113 1037 1396 1085 elegantissima
1432 1037 1511 1072 haec
1542 1048 1662 1084 appo-

258 1110 363 1146 sitio:
403 1109 747 1157 impedimenta
788 1107 988 1143 medium
1030 1120 1195 1156 agmen
1242 1109 1328 1150 (hoc
1359 1115 1433 1146 est.
1478 1114 1660 1155 tanquam

259 1181 422 1217 medium
455 1179 626 1228 agmen);
677 1179 743 1215 sed
788 1179 930 1215 nullum
976 1186 1057 1215 erat
1102 1179 1255 1215 omnino
1298 1180 1463 1215 medium
1513 1190 1662 1226 agmen,

258 1252 439 1300 quoniam
483 1250 630 1299 pedites
662 1250 884 1298 equitesque
914 1264 989 1286 non
1030 1252 1078 1287 ab
1112 1256 1275 1298 utroque
1305 1250 1662 1299 impedimentorum

257 1323 375 1359 latere
400 1322 637 1366 transibant,
683 1321 749 1357 sed
781 1321 945 1357 traducti
975 1321 1051 1358 iam
1081 1328 1169 1370 p3st
1199 1329 1346 1357 montes
1384 1319 1556 1357 instructi
1585 1325 1662 1355 sta-

257 1395 361 1430 bant.
420 1393 465 1429 In
499 1394 532 1429 P
564 1398 635 1428 est:
667 1405 749 1441 per
780 1392 1049 1428 convallem
1085 1392 1470 1428 mediumamnem
1504 1390 1662 1426 tradu-

257 1465 340 1505 cit,
366 1465 439 1500 hoc
463 1470 535 1499 est:
566 1477 652 1512 per
682 1463 954 1499 convallem
977 1464 1176 1499 mediam
1209 1463 1446 1507 traducit,
1478 1467 1663 1505 correct0‚

259 1535 360 1584 quod
390 1534 553 1583 primum
586 1535 767 1583 scriptum
805 1539 908 1577 erat,
953 1534 1173 1579 medium,
1218 1535 1347 1570 addito
1379 1533 1513 1569 deinde
1542 1545 1663 1577 nem,

257 1613 299 1643 ut
332 1606 410 1642 dixi
441 1605 557 1654 paulo
589 1611 677 1641 ante
711 1606 760 1641 ad
792 1618 823 1643 c.
856 1605 919 1649 28,
953 1601 1028 1650 4.¹)

368 1676 493 1725 *Cap
512 1679 576 1721 47,
594 1679 614 1712 4
637 1676 693 1726 (in
711 1676 965 1724 descriptione
982 1675 1116 1724 proelii
1131 1674 1380 1722 Cannensis):
1408 1676 1502 1711 Sub
1529 1687 1615 1722 equ
1625 1687 1663 1710 e-

257 1748 371 1784 stris
412 1746 554 1783 finem
586 1747 866 1783 certaminis
907 1753 1076 1783 coorta
1122 1752 1192 1782 est
1232 1746 1447 1795 peditum
1489 1757 1661 1794 pugna.

260 1818 422 1855 Primo
447 1824 489 1853 et
510 1818 697 1854 viribus
721 1824 766 1854 et.
786 1818 961 1854 animis
985 1830 1135 1865 pares
1157 1818 1449 1853 constabant
1471 1816 1663 1853 ordines

258 1888 420 1926 Gallis
452 1887 804 1937 Hispanisque3
842 1888 1036 1924 tandem
1076 1888 1294 1932 Romani,
1340 1888 1415 1923 diu
1458 1900 1510 1923 ac
1540 1899 1664 1934 saepe

258 1960 444 1996 connisi
483 1987 568 2003 ...,
598 1958 841 2006 impulere
870 1959 1078 1995 hostium
1123 1971 1317 1995 cuneum
1362 1964 1432 1995 cet.
1505 1958 1579 2004 Qui
1610 1957 1664 1993 sie

256 2031 367 2079 primi
398 2031 631 2078 scripserunt
660 2034 872 2077 posteaque
903 2034 1116 2071 tennerunt,
1148 2029 1324 2065 videntur
1355 2029 1562 2077 significari
1594 2041 1663 2077 pu-

257 2106 369 2141 tasse,
400 2099 506 2135 initio
538 2100 674 2136 Gallos
720 2099 994 2147 Hispanosque
1035 2100 1219 2136 Romanis
1263 2113 1376 2148 pares
1420 2099 1554 2143 fuisse3
1597 2099 1664 2134 sed

257 2184 380 2219 neque
397 2172 661 2207 Romanorum
693 2183 833 2206 nomen
863 2176 942 2206 tum
963 2170 1086 2206 omitti
1106 2178 1255 2220 poterat
1275 2184 1397 2218 neque
1419 2170 1588 2218 alioquin
1618 2182 1664 2206 ea

257 2241 443 2278 sententia
473 2255 520 2277 ex
546 2241 672 2277 verbis
705 2245 865 2289 (pares
898 2241 1089 2277 ordines
1124 2247 1348 2278 constant
1379 2241 1554 2289 Gallis)
1587 2241 1664 2277 ullo

258 2313 371 2348 modo
404 2311 577 2357 efficitur5
609 2325 693 2359 quae
733 2311 863 2360 potius
894 2311 1129 2360 significant„
1173 2326 1302 2349 omnes
1346 2313 1549 2350 Gallorum
1590 2311 1662 2347 Hi-

257 2395 543 2431 spanorumque
574 2382 726 2418 ordines
749 2383 887 2430 aequali
908 2383 1143 2431 longitndine
1164 2390 1336 2419 servatos
1365 2395 1458 2420 esse.
1518 2382 1662 2418 Verum

256 2453 368 2501 longe
399 2453 473 2489 alio
505 2452 654 2489 codices
685 2453 838 2498 ducunt,
871 2453 907 2488 in
940 2454 1078 2501 quibus
1110 2454 1172 2501 (P,
1203 2461 1281 2490 tum
1313 2453 1355 2499 C,
1379 2455 1506 2497 Voss„
1537 2452 1664 2497 Harl.⁹

282 2664 310 2708 ¹)
346 2668 441 2698 Hanc
468 2668 740 2700 emendationem
770 2670 827 2702 W.
854 2676 990 2701 secutus
1016 2676 1078 2704 est.
