1811 2925
831 113 880 150 85
1351 114 1425 145 Lib.
1452 113 1519 145 111.

149 236 338 284 aliquid
370 234 486 272 mihi
517 235 743 277 animum,
790 247 864 270 non
904 233 1076 273 efficit.
1142 237 1255 283 Vid.,
1300 238 1332 274 si
1372 238 1469 274 tanti
1500 245 1568 279 est,

98 295 104 302 ‘
151 320 235 355 quae
267 306 508 350 ad,xx,x·1‚
544 306 603 349 18‚
639 309 658 342 4
693 306 876 342 dicentur.

262 377 389 427 *Cap.
426 380 488 422 64,
522 378 543 413 3
577 377 656 423 (ubi
689 378 814 426 agitur
844 378 890 414 de
920 377 1158 415 tribunorum
1189 378 1312 427 plebis
1343 379 1501 415 consilio
1533 387 1567 416 et

150 449 223 486 sibi
267 455 303 485 et
346 448 565 485 consulibus
610 449 876 497 magistratum
923 449 1205 498 continuandi):
1272 448 1568 487 Consensum

150 526 335 570 patrum
387 520 738 556 causabantur.
799 533 888 567 quo
934 532 1017 568 per
1067 521 1408 557 contumeliam
1457 534 1569 558 con-

151 591 303 627 sulum
333 590 439 626 iura
481 589 638 638 plebis
683 590 933 627 labefacta
978 597 1156 629 essent:
1202 592 1314 640 quid
1353 592 1567 630 futurum

150 661 355 698 nondum
401 661 612 697 firmatis
658 660 869 709 legibus,
929 662 967 698 si
1021 675 1170 698 novos
1217 663 1442 700 tribunos
1486 677 1570 713 per

151 732 391 768 factiones
422 744 535 768 suas
564 731 792 768 consules
823 732 984 769 adorti
1009 732 1196 769 essent?
1235 735 1569 781 Quemadmodum

150 803 390 839 tribunorum
421 802 565 838 nomini
597 803 824 839 adiectivuln
857 803 1011 839 additur
1042 804 1240 853 (novos)‚
1267 805 1321 842 sic.
1351 807 1568 843 necessario

152 874 348 910 consulum
392 873 534 909 nomini
563 873 779 909 addendum
815 881 913 917 eran
959 887 1048 910 nam
1092 874 1220 911 alios
1252 877 1425 913 consules
1458 880 1569 914 time-

151 946 243 981 bant
279 947 360 991 (aut
390 944 522 980 timere
554 944 673 980 videri
707 944 917 992 volebant),
948 945 1100 993 ingenio
1133 946 1305 982 diversos
1337 948 1385 983 ab
1416 947 1473 987 iis,
1505 948 1568 996 qui

151 1028 250 1052 nunc
285 1023 427 1058 6556111,
473 1015 574 1063 plebi
610 1015 723 1063 grati.
798 1016 949 1052 Deinde
986 1029 1105 1065 prave
1146 1016 1391 1054 factiones
1430 1019 1569 1067 plurali

151 1100 309 1123 numero
351 1086 543 1130 dicuntur3
590 1086 653 1133 qui
694 1087 793 1122 enim
839 1087 1073 1124 timebantur
1112 1088 1308 1132 consules,
1354 1088 1418 1124 uni
1448 1089 1569 1138 plebis

152 1157 461 1194 adversariorum
492 1156 649 1192 factioni
697 1158 814 1194 dediti
846 1171 914 1206 per
951 1170 1035 1194 eam
1078 1171 1192 1195 unam
1234 1160 1453 1207 aggressuri
1503 1160 1569 1196 tri-

151 1230 275 1265 bunos
322 1234 446 1270 e1·ant;
493 1227 613 1263 altera
653 1236 806 1264 senatus
850 1228 966 1265 factio
1008 1228 1130 1265 lenior
1167 1236 1203 1265 et
1246 1230 1400 1266 Horatii
1443 1230 1570 1267 Vale-

151 1301 285 1348 rioque
314 1298 448 1335 favens
479 1311 554 1335 non
586 1311 677 1335 sane
702 1307 881 1348 suspecta-
902 1307 995 1336 erat.
1050 1300 1295 1348 Quamquam
1321 1303 1394 1338 hoc
1417 1315 1570 1350 quoquc

151 1383 314 1420 pravum
346 1378 419 1409 cst:
462 1383 584 1418 neque
618 1371 716 1407 enim
748 1371 935 1415 consules,
974 1371 1039 1419 qui
1069 1372 1283 1420 imperium,
1327 1379 1569 1421 potestatem,

147 1441 302 1478 lictores
332 1441 539 1478 habebant.
570 1454 638 1490 per
668 1441 867 1485 factiones„
899 1443 966 1478 sed
996 1442 1114 1478 factio
1146 1443 1275 1479 onmia
1307 1444 1354 1479 ad
1385 1444 1568 1492 patricios

149 1514 303 1549 trahens
321 1524 390 1560 per
406 1512 579 1548 consules
601 1512 773 1548 tribunos
797 1513 996 1550 adoritura
1018 1514 1139 1550 videri
1164 1521 1329 1563 poterat.
1362 1515 1568 1551 Postremo

151 1589 311 1631 apparet
352 1586 420 1626 (ex
457 1583 604 1620 verbis:
649 1595 930 1620 consensum
969 1591 1161 1633 patrum
1201 1585 1568 1635 causabantur),

148 1654 321 1689 tribunos
353 1654 398 1689 de
428 1653 676 1701 patriciorum
709 1654 875 1690 consiliis
904 1655 1021 1703 loqui,
1053 1655 1102 1691 ad
1129 1668 1212 1703 quae
1241 1657 1485 1704 exsequenda
1515 1657 1570 1694 illi

149 1724 323 1760 consules
359 1724 455 1760 alios
487 1731 709 1772 quaercrenn
754 1738 831 1761 non
864 1726 910 1761 de
940 1727 1158 1763 consulibus
1189 1727 1376 1764 factiones
1408 1728 1568 1765 incitan-

149 1794 261 1830 tibus.
329 1794 576 1831 Manifestum
609 1803 666 1832 cst
701 1796 835 1844 igitur,
881 1796 1034 1833 Livium
1078 1798 1294 1847 scripsisse:
1336 1799 1377 1835 si
1419 1812 1569 1837 novos

147 1865 370 1901 tribunos
412 1879 494 1914 per
533 1867 768 1906 factionis
814 1880 906 1908 suae
951 1869 1176 1905 consules
1222 1870 1491 1918 (popularibus
1534 1879 1567 1908 et

147 1936 269 1980 bonis,
301 1936 459 1973 Valerio
491 1938 746 1986 Horatioun
774 1939 1003 1987 contrarios)
1036 1941 1195 1977 adorti
1234 1948 1405 1978 essent.
1484 1944 1569 1991 Ap-

146 2014 273 2056 paret.
322 2007 370 2044 ad
414 2008 722 2056 praepositionem
762 2010 931 2057 proximi
970 2012 1136 2047 nominis
1181 2023 1310 2048 casum
1351 2024 1569 2049 accommo-

147 2079 277 2114 datum
309 2090 392 2114 esse
425 2079 522 2122 (vid.
556 2092 714 2127 prooem
760 2093 797 2129 p.
838 2082 924 2126 10);
970 2082 1080 2129 (111111,
1121 2083 1223 2130 quod
1253 2082 1291 2118 in
1322 2082 1405 2118 cod.
1437 2084 1569 2120 arche-

145 2156 236 2198 typo
268 2149 469 2198 vestigium
500 2149 580 2185 veri
603 2150 753 2186 videtur
783 2152 995 2188 mansisse?
1026 2166 1114 2189 nain
1145 2154 1182 2189 in
1205 2154 1245 2189 M
1263 2166 1286 2189 a
1305 2154 1430 2202 prima
1454 2167 1568 2191 manu

147 2227 203 2255 est
232 2219 479 2257 factionis
521 2219 654 2266 (Cum
683 2233 775 2257 suae
805 2222 1038 2260 factionis
1070 2224 1346 2260 hominibus
1364 2225 1568 2269 XXXIV,

146 2292 272 2329 21.4:
303 2291 379 2327 ibd.
404 2292 525 2335 4S‚2;
560 2292 786 2329 consules
818 2300 1094 2331 vestrarum
1126 2295 1338 2344 partium
1370 2296 1443 2332 hoc
1470 2296 1568 2333 libro

146 2374 178 2400 c.
213 2365 276 2406 67,
311 2363 372 2407 9.)

258 2431 352 2481 Cap.
388 2434 450 2477 65,
485 2434 525 2469 6:
567 2432 880 2472 affirmantes
911 2436 1132 2483 (consules),
1163 2438 1346 2474 urbano
1378 2450 1569 2486 quoque

145 2503 249 2540 otio
294 2502 416 2539 foris
460 2499 620 2540 omnia
665 2506 939 2553 tranquilla
986 2519 1110 2545 esse.
1159 2520 1244 2556 per
1291 2508 1569 2545 discordias

143 2574 312 2611 civiles
349 2584 574 2612 externos
605 2575 780 2611 tollere
811 2577 1009 2615 animos
1061 2577 1242 2615 Debebat
1265 2579 1356 2615 dici:
1386 2580 1569 2616 urbano

143 2644 246 2681 otio
286 2644 409 2681 foris
449 2657 657 2694 quoque,
700 2659 770 2683 nec
809 2648 887 2684 ulla
925 2655 982 2685 est
1012 2650 1146 2686 mutati
1179 2650 1323 2687 ordinis
1354 2651 1570 2693 excusati03
