1811 2925
834 142 909 177 247
1316 140 1390 171 Lib.
1418 139 1533 173 XXII.

168 264 286 312 bitur)
321 264 536 301 autumni
565 271 679 302 erat.
739 264 791 300 Et
827 263 1014 300 sententia
1044 264 1179 301 melior
1208 264 1279 300 erit
1309 265 1452 313 (neque
1482 265 1580 301 enim

169 335 294 372 medio
327 342 474 372 tantum
509 341 714 381 autumno7
745 335 812 372 sed
843 348 912 384 per
943 341 1078 379 totum,
1111 335 1175 383 qui
1208 342 1430 384 Supererat,
1460 348 1581 383 usque

169 406 218 442 ad
248 407 411 443 hiemem
442 407 496 443 ita
525 406 666 443 bellum
693 414 842 455 gestum
882 411 952 451 est)
988 412 1025 443 et
1055 406 1182 442 mendi
1214 406 1323 456 origo
1365 407 1578 456 apparebit,

167 477 199 513 si
215 478 847 527 scripserimus:hibernaculis
877 484 1062 514 mature
1091 476 1581 527 co1nmunitiS‚[quod

168 548 275 597 reli]
298 562 434 597 quom
457 549 670 585 autumni
703 556 818 589 erat,
841 548 990 585 Fabii
1021 547 1212 584 artibus
1237 554 1306 585 cet.
1421 548 1580 585 *Paulo

170 626 259 668 post
294 620 352 669 (3)
384 620 422 656 in
465 620 659 656 codicibus
691 619 758 657 PC
794 619 895 668 (Pal.
928 620 969 664 2)
1000 619 1190 665 scribitur,
1223 617 1504 669 (Hannibalem
1536 630 1580 654 eo

166 690 305 739 inopiae
334 691 530 728 redactum
561 690 695 739 fuisse)
729 697 798 735 ut,
837 690 930 726 uisi
983 703 1081 728 euni
1127 690 1250 740 fugae
1293 689 1458 738 specie
1504 688 1576 738 (Pl

167 762 401 811 speeiem)
434 763 707 799 abeundum
738 762 1008 807 timuisset,
1033 761 1246 799 Galliam
1279 761 1582 810 repetiturus

166 832 335 875 fuerin
380 834 417 869 in
458 846 533 881 quo
572 833 715 869 timeo
758 833 1032 870 abeundum
1072 846 1144 882 pro
1188 847 1242 870 ne
1285 834 1448 870 abeam
1498 832 1582 879 (aut

167 917 237 953 pro
267 917 443 940 vereor
473 904 623 952 abire)
658 903 748 940 ferri
775 904 916 952 nequit.
968 904 1124 940 Editum
1159 903 1239 941 fere
1256 911 1332 942 est:
1364 903 1458 939 nisi
1483 909 1579 938 tum

168 974 296 1024 fugae
326 975 537 1024 speciem
569 976 789 1012 abeundo
829 975 1095 1020 timuisset,
1140 976 1270 1012 nescio
1303 988 1379 1024 qua
1414 974 1581 1010 auctori·-

167 1053 256 1090 tate‚
287 1053 452 1082 ceterum
487 1047 641 1091 vitiose;
673 1060 762 1083 nam
792 1060 915 1095 neque
946 1053 1038 1083 tum
1058 1074 1067 1091 ‚
1103 1047 1206 1094 quod
1238 1054 1341 1095 agat,
1371 1046 1488 1082 habet
1516 1058 1582 1080 ne-

168 1130 241 1166 que
272 1118 480 1167 speciem
511 1119 740 1155 abeundo
772 1118 919 1154 timeo
952 1117 1089 1154 Latine
1120 1117 1259 1154 dic-itur
1287 1130 1358 1166 pro
1390 1129 1447 1161 eo,
1479 1116 1582 1164 quod

166 1196 240 1224 est:
272 1188 430 1230 timeo,
460 1202 515 1226 ne
547 1190 765 1225 abeundo
805 1189 1015 1238 speeiem
1046 1189 1303 1238 praebeam.
1364 1188 1580 1236 Scripserat

166 1259 316 1296 Livius:
347 1260 439 1297 nisi
470 1274 569 1297 cum
600 1261 726 1310 fugae
757 1261 924 1310 speeie
955 1261 1221 1298 abeundum
1263 1261 1305 1300 ei
1344 1255 1580 1306 suisset.¹)

165 1330 342 1367 Ceterum
372 1331 410 1368 in
442 1345 487 1368 ea
515 1332 725 1377 sententia,
756 1344 779 1367 a
813 1344 889 1379 qua
926 1332 1006 1367 haee
1035 1332 1197 1380 pendet,
1227 1344 1316 1380 pro:
1361 1331 1582 1379 adeoque

163 1403 337 1452 inopiae
381 1410 422 1439 st
466 1411 664 1440 coaetus
701 1403 848 1452 potius:
879 1416 1029 1451 eoque
1072 1403 1246 1451 inopiae
1283 1410 1324 1439 st
1354 1403 1581 1439 redactus

165 1474 406 1510 scribendum
451 1481 508 1510 est
539 1487 672 1522 quam:
704 1475 760 1510 ad
789 1474 936 1522 idque
966 1474 1090 1523 inop.

275 1542 404 1594 *Cap
436 1548 507 1590 33„
540 1548 582 1582 2:
626 1553 669 1582 et
711 1546 841 1582 servi
873 1546 1085 1594 quinque
1118 1552 1161 1582 et
1192 1545 1370 1594 viginti
1397 1545 1442 1581 in
1474 1557 1581 1581 cru-

165 1629 259 1652 cem
292 1617 400 1659 aetiq
432 1617 556 1665 quod
586 1617 630 1653 in
662 1629 827 1665 campo
858 1616 1036 1653 Martio
1067 1617 1429 1653 coniurassent.
1496 1618 1581 1665 Ap—

165 1694 286 1735 paret,
317 1683 445 1736 inepte
475 1687 647 1730 indicari,
681 1701 757 1736 quo
784 1688 869 1724 loco
903 1687 1003 1724 servi
1035 1687 1289 1725 eoniurariut.
1321 1688 1432 1736 quasi
1457 1688 1495 1724 id
1527 1687 1576 1724 ad

165 1772 244 1795 rem
274 1759 463 1807 pertineat
508 1765 573 1795 aut
616 1772 690 1795 uno
736 1758 774 1794 id
821 1758 907 1795 loco
952 1758 1097 1795 factum
1141 1759 1189 1794 sit
1231 1766 1297 1795 aut
1344 1759 1381 1795 in
1411 1759 1579 1807 publico.

163 1831 302 1878 Itaque
317 1831 559 1867 scribendum
578 1830 669 1866 mihi
687 1829 908 1868 videbatur:
927 1830 972 1866 in
1004 1842 1085 1866 eru
1099 1842 1194 1866 oeni
1219 1830 1315 1866 aeti
1336 1830 1382 1866 in
1413 1842 1580 1878 campo

164 1901 362 1941 Martio,
409 1902 533 1950 quod
576 1901 940 1946 coniurassent3
980 1914 1050 1937 nee
1090 1901 1218 1937 mein
1249 1914 1289 1937 re
1321 1901 1507 1949 singulari
1546 1908 1582 1938 et

162 1973 200 2009 in
231 1973 390 2022 antiquo
420 1980 593 2022 tempore
624 1973 824 2015 movebat,
863 1972 966 2020 quod
996 1971 1076 2008 fere
1118 1980 1228 2009 extra
1256 1979 1408 2021 portam
1440 1973 1580 2021 Esqui-

162 2044 279 2081 linam
331 2052 485 2094 sumpta
533 2043 721 2092 supplicia
768 2042 844 2079 loci
899 2043 1046 2091 aliquot
1094 2043 1323 2092 scriptorum
1375 2044 1580 2080 ostendunt

165 2114 289 2164 (Lips.
328 2129 408 2154 exe.
456 2116 491 2152 H
539 2115 588 2151 ad
621 2116 718 2152 Tae.
751 2116 850 2151 Ann.
883 2115 948 2159 ΙΙ,
998 2114 1079 2163 32).
1156 2115 1299 2151 Mirum
1341 2121 1469 2151 tamen
1511 2122 1579 2161 est,

163 2199 240 2223 non
269 2187 429 2223 indicari
460 2200 483 2223 a
515 2186 645 2229 Livio„
689 2186 736 2221 ad
768 2186 859 2234 quid
889 2185 1106 2222 faciendum
1138 2186 1383 2223 coniurariut.
1442 2187 1581 2235 Itaque

163 2257 244 2294 fieri
273 2265 412 2307 potest,
433 2265 473 2294 ut
504 2264 591 2306 post
606 2257 784 2293 Martio
815 2257 996 2293 exciderit
1026 2257 1180 2294 sceleris
1208 2257 1246 2293 in
1278 2270 1414 2307 eampo
1436 2259 1579 2296 Martio

163 2328 373 2377 peragendi
418 2328 645 2377 significatio
687 2327 850 2374 (infinito
881 2327 987 2364 verbi
1032 2327 1148 2363 modo
1178 2327 1337 2377 posita).
1453 2330 1579 2366 Paulo

163 2405 252 2447 post
283 2401 320 2445 (ξ
354 2402 411 2444 5),
442 2400 506 2436 ubi
536 2406 742 2436 narrantur
786 2400 842 2436 ad
873 2399 1075 2436 Pineum
1107 2398 1153 2434 in
1184 2398 1396 2448 Illyrios
1425 2400 1580 2449 legati

188 2609 222 2653 ¹)
273 2613 372 2644 Hane
415 2613 642 2644 coniecturam
685 2613 983 2645 Weissenbornius
1025 2613 1059 2643 in
1102 2613 1209 2643 altera
1248 2612 1396 2643 editione
1438 2620 1577 2644 secutus

281 2682 342 2706 est.
