1811 2925
806 121 883 156 595
1351 117 1425 148 Lib.
1447 116 1558 148 XLV.

136 257 211 292 que
241 242 338 279 enim
369 241 557 290 pollutam
591 240 668 276 iam
702 240 867 277 insulam
899 240 1084 277 Euander
1113 240 1289 278 violabat
1317 252 1442 288 neque
1474 240 1559 288 ipso

135 313 321 362 sanguine
354 312 538 349 Eumenis
571 311 636 356 (ad
667 310 842 359 Delphos
874 309 1013 358 effuso)
1046 323 1131 347 eam
1162 311 1371 360 polluebat.
1412 310 1560 360 Kreys-

136 384 267 432 sigius,
299 395 414 431 quum
446 381 603 430 pollui
646 393 742 417 eam
777 381 893 417 scribi
925 388 961 417 et
992 393 1078 418 cum
1109 381 1437 417 contaminari
1469 393 1560 417 con-

135 453 241 502 iungi
271 452 398 492 vellet,
428 452 464 488 in
499 452 595 488 alias
625 451 757 487 incidit
788 451 1035 488 difficultates
1069 458 1105 488 et
1139 451 1313 487 mutandi
1352 452 1560 488 necessita-

135 530 210 567 tes:
244 536 313 559 nec
347 522 663 559 Weissenbornio
695 528 858 558 conatus
889 522 986 558 bene
1017 521 1142 558 cessit.
1221 520 1452 565 Cohaerent,
1483 535 1559 559 non

136 593 368 637 violavit,
401 594 468 629 sed
498 593 711 633 violabit
757 599 793 628 et
824 592 1024 636 sinetis3
1067 592 1239 640 alioquin
1284 591 1383 627 enim
1421 591 1560 628 sistis

138 663 274 700 Livius
292 663 519 711 scripsisset.
573 662 724 699 Deinde
757 663 979 700 necessario
1010 663 1208 711 sanguinis
1239 662 1424 699 Eumenis
1454 675 1561 699 men-

137 735 190 770 tio
222 746 308 770 cum
339 733 539 770 homicidae
569 733 723 770 nomine
753 734 933 782 coniungi
977 733 1112 778 debet3
1157 733 1341 781 quoniam
1380 746 1458 769 non
1489 733 1561 771 Sa-

137 805 361 841 mothraciae
394 804 451 840 vis
483 804 647 841 Eumeni
676 804 811 848 fiebat,
843 803 911 839 sed
942 803 1134 840 maculam
1166 815 1215 839 ex
1245 803 1326 840 eius
1357 804 1460 840 caede
1491 804 1561 840 ali-

137 875 177 912 bi
206 881 354 911 tentata
384 882 601 923 susceptam
619 874 804 911 Euander
834 873 1048 910 adferebat.
1108 874 1227 911 Recte
1256 873 1374 921 igitur
1404 873 1561 911 Grono-

138 945 223 981 vius
254 944 496 993 pollutus;
527 945 593 980 sed
624 945 886 981 scribendum:
918 943 1012 981 Cur
1042 944 1219 992 igitur,
1248 943 1425 991 inquit,
1455 945 1562 993 pol-

137 1015 269 1052 lutus
301 1028 405 1052 eam
436 1015 680 1052 homicida
718 1015 955 1063 sanguine
985 1015 1214 1052 Eumenis
1244 1013 1533 1064 violabit?¹)

250 1085 349 1134 Cap.
383 1088 432 1129 6,
472 1088 508 1122 1:
560 1085 784 1128 Ceterum
823 1092 970 1122 tanto
1008 1084 1234 1122 facinore
1272 1083 1319 1120 in
1360 1086 1560 1123 unicum

138 1155 366 1192 relictum
390 1157 602 1193 amicum
626 1156 808 1193 amisso
839 1169 924 1204 per
954 1162 1028 1192 tot
1049 1167 1190 1192 casus
1213 1162 1497 1203 expertum.
1515 1186 1526 1196 .
1545 1188 1554 1197 .

139 1226 387 1263 alienavit
417 1227 621 1263 animos.
683 1227 748 1265 Sic
780 1227 916 1272 codex,
939 1226 1040 1262 unde
1070 1226 1129 1261 fit:
1159 1224 1384 1263 facinore
1410 1256 1447 1266 ..
1487 1228 1562 1264 ad—

138 1297 297 1334 misso.
329 1295 687 1345 (WVeissenbornius
718 1298 999 1342 eommisso3
1041 1295 1234 1345 Grynaeus
1276 1296 1562 1350 aberraverat.)

139 1369 236 1405 Mox
281 1368 345 1416 (2)
388 1381 459 1416 pro
505 1367 883 1416 Oroandemque
923 1367 1203 1405 Cretensem
1235 1367 1468 1415 videndum,
1515 1381 1564 1406 ne

138 1439 253 1475 scribi
285 1439 442 1476 debeat:
475 1438 752 1476 Oroandem
786 1438 956 1487 itaque
989 1437 1117 1475 Cret.

252 1508 349 1557 Cap.
385 1512 421 1545 7.
457 1512 501 1545 4:
532 1509 776 1558 Progredi
819 1509 1002 1558 (Perseus
1036 1509 1085 1545 ad
1115 1508 1318 1545 AEmilium
1351 1506 1563 1553 consulem)

139 1591 233 1627 prae
286 1580 430 1616 turba
472 1581 840 1616 occurrentium
884 1579 941 1616 ad
983 1577 1325 1628 spectaculum
1364 1591 1459 1614 non
1487 1590 1564 1626 po-

139 1656 282 1694 terat,
313 1650 466 1686 donec
501 1651 669 1686 consul
699 1651 904 1687 lictores
927 1647 1350 1696 misisset,quicet.
1410 1646 1565 1684 Codex:

141 1720 293 1757 donec
339 1733 362 1756 a
400 1720 598 1756 consule
637 1721 845 1758 lictores
873 1721 1154 1763 misissent,
1199 1730 1248 1754 ex
1278 1731 1354 1766 quo
1385 1718 1565 1767 Kreyssi-

140 1790 226 1838 gius
257 1799 293 1827 et
323 1791 660 1828 NVeissenbornius
708 1791 882 1828 fecerunt
926 1790 1062 1826 missi
1105 1795 1290 1833 essent3
1341 1788 1565 1830 debuerant,

168 2017 196 2060 ¹)
229 2019 398 2051 Extremo
425 2020 534 2060 capite
561 2018 595 2058 (ξ
626 2022 680 2057 12)
703 2020 859 2060 suspicor
884 2019 1019 2050 Livium
1052 2028 1120 2049 non
1146 2018 1292 2049 infinite:
1329 2017 1468 2049 Huius
1504 2019 1564 2049 rei

238 2081 396 2112 crimen
518 2081 747 2118 avertitur,
775 2081 835 2112 sed
861 2080 1026 2112 avertit
1044 2080 1229 2120 scripsisse,
1257 2089 1359 2120 quum
1380 2082 1565 2121 praesertim

237 2143 444 2182 adiungatur
470 2143 511 2173 de
537 2143 656 2173 eodem
682 2141 825 2173 Perseo:
855 2142 1060 2173 Ceterum
1088 2141 1449 2174 ...abalienavit.
1495 2143 1566 2175 Sae-

236 2204 375 2245 pissime
420 2203 528 2243 (quod
567 2204 632 2234 iam
675 2213 776 2244 supra
813 2214 846 2245 p.
873 2207 942 2235 490
970 2202 1177 2243 significavi)
1219 2202 1377 2234 librarius
1418 2204 1453 2234 in
1478 2204 1566 2236 libro

231 2258 353 2296 'XLIV
379 2265 594 2304 maximeque
620 2265 655 2294 in
680 2264 781 2295 XLV
817 2266 1092 2297 terminationem
1119 2265 1288 2306 passivam
1314 2265 1419 2295 tertiae
1443 2265 1567 2297 verbo-

238 2337 312 2358 rum
339 2335 491 2367 personae
517 2326 604 2356 male
623 2326 753 2356 addidit
779 2326 924 2366 (XLIV,
952 2330 984 2364 3,
1012 2330 1031 2357 3
1060 2325 1354 2367 appellantur,
1383 2328 1413 2363 7,
1436 2330 1457 2356 4
1488 2337 1567 2357 mo-

237 2394 370 2423 vetur.
401 2390 452 2425 17,
481 2389 498 2418 7
526 2387 855 2427 cogitarentur,
883 2391 946 2425 29,
975 2390 992 2418 5
1024 2387 1321 2424 fallebantur3
1346 2387 1457 2426 XLV,
1484 2392 1516 2426 2,
1546 2394 1565 2419 4

239 2449 458 2481 forentur.
486 2452 517 2485 4,
545 2451 564 2478 3
592 2448 775 2488 legitur,
804 2452 836 2489 5,
863 2452 882 2480 6
911 2450 1170 2486 mittuntur,
1202 2451 1266 2486 6,4
1292 2451 1566 2490 pervenitur,

239 2513 270 2547 6,
300 2513 337 2541 11
360 2516 393 2541 et
426 2513 465 2540 12
493 2510 713 2551 repetitur
744 2535 776 2543 ..
807 2511 1023 2548 sciretur,
1051 2512 1113 2547 7‚2
1141 2515 1175 2540 et
1201 2513 1220 2541 3
1248 2513 1495 2543 occurritur
1526 2538 1558 2546 ..

240 2571 547 2609 efficiebatur,
580 2572 684 2602 etsie
711 2572 889 2613 deineeps;
914 2577 954 2603 ut
978 2572 1177 2603 forentur
1220 2571 1356 2610 effecit,
1400 2574 1448 2604 sic
1479 2577 1515 2611 9,
1547 2579 1567 2604 4

241 2631 542 2672 continuitur).

1236 2694 1299 2727 38·
