1811 2925
248 155 324 186 Lib.
351 153 397 188 X.
878 155 952 191 188

200 293 287 317 eam
332 292 380 316 ex
423 279 552 314 littera
591 282 605 317 t
640 276 871 326 praecedenti
901 282 938 313 et
969 291 1003 317 m
1034 277 1208 325 sequenti
1253 283 1378 314 ortam
1410 289 1494 313 esse
1526 277 1622 314 seri-

199 352 462 398 bendumque:
505 349 652 398 quod7
683 349 723 386 si
754 361 849 397 qua
882 348 983 385 alia
1013 355 1137 395 arte,
1185 361 1458 398 cognomen
1489 361 1622 385 suum

199 422 410 471 aequavit
454 421 660 457 maxime
698 419 894 457 bellicis
944 419 1190 460 laudibus,
1262 420 1451 457 Proximo
1497 420 1623 469 eapite

204 494 266 541 (4)
299 496 317 538 ξ
349 494 371 530 9
405 493 508 541 quod
540 500 577 529 et
606 492 757 529 codices
787 499 824 529 et
854 491 1040 528 editiones
1069 492 1157 529 inde
1176 505 1199 528 a
1221 491 1424 529 Gronovio
1455 491 1622 528 habent:

198 579 282 603 nec
315 571 473 602 tamen
516 563 704 600 iniussu
737 576 930 599 movere
961 564 1226 608 auderent,
1261 576 1409 609 vereor7
1440 576 1488 599 ne
1518 576 1622 600 men-

198 638 292 674 dose
322 649 393 686 pro
426 635 609 672 moveri
643 636 845 673 scribatur.
914 636 1009 682 Quae
1039 635 1137 671 enim
1181 634 1360 683 exempla
1389 634 1498 671 Verbi
1532 647 1623 671 mo-

198 721 310 745 vere
339 707 581 744 intransitive
611 707 727 756 positi
753 709 996 757 reperiuntur
1027 706 1206 756 plurima.
1241 719 1287 742 ea
1316 707 1388 742 hae
1418 706 1504 755 ipsa
1524 706 1623 742 mul-

198 780 360 817 titudine
391 784 517 816 certos
551 779 631 815 eius
662 791 752 815 usus
771 780 865 816 fines
889 780 1111 821 ostendunt;
1144 778 1283 814 dieitur
1317 777 1418 814 enim
1450 778 1497 813 (le
1527 777 1623 814 duee

198 858 265 888 aut
299 852 345 888 de
380 857 462 887 toto
495 850 664 887 exercitu
710 864 730 887 e
764 851 900 888 eastris
935 851 1062 887 aliove
1091 850 1178 886 loeo
1211 849 1471 898 proficiscenti
1502 848 1543 897 (a
1556 848 1622 885 uf-

197 922 440 971 breehen),
471 934 666 970 nunquam
701 923 748 959 de
778 923 937 971 singulis
968 921 1187 959 hominibus
1221 933 1262 957 se
1292 920 1623 957 commoventibus

201 995 300 1039 (sich
331 993 489 1040 r'uhren)
539 1000 575 1029 et
620 994 974 1043 prorumpentibus.
1034 993 1129 1038 VII,
1168 993 1269 1033 14.S
1311 998 1413 1027 reete
1441 992 1623 1028 Hertzius

197 1066 397 1103 revocavit
427 1065 610 1102 moveri
641 1063 682 1114 (e
715 1066 884 1102 MLlHl
935 1066 1070 1102 ceteris
1101 1064 1293 1108 omnibus)
1325 1076 1397 1112 pro
1428 1076 1623 1101 movere

199 1137 571 1184 (PRottendorfiano
582 1145 602 1177 ).

311 1209 406 1259 Cap.
443 1212 478 1253 6,
512 1210 551 1245 3:
580 1209 737 1245 Roma}
768 1219 957 1255 quoque
989 1206 1183 1254 plebem
1215 1206 1429 1254 quietam
1470 1211 1514 1241 et
1546 1218 1623 1241 ex-

198 1288 450 1318 oneratam
484 1280 690 1316 deducta
721 1279 765 1315 in
797 1278 1024 1315 colonias
1057 1277 1620 1325 multitudopraestabat..

199 1352 458 1401 Coaiguenda
499 1358 556 1387 est
599 1351 759 1398 antiqua
788 1349 1033 1398 interpolatio
1065 1350 1212 1386 indiciis
1243 1348 1466 1386 manifestis
1528 1352 1623 1388 (*uae

199 1433 255 1461 est
285 1424 385 1460 enim
415 1429 686 1459 exonerata
716 1421 880 1470 plebs?
949 1423 1054 1460 [ibs
1086 1427 1329 1461 exoneratul.
1381 1421 1623 1457 multitudine

196 1496 319 1533 inutili
346 1495 421 1532 alio
458 1494 641 1539 deducta,
672 1508 746 1530 non
782 1494 904 1542 plebs.
938 1493 1043 1529 euius
1075 1493 1138 1529 illa
1170 1492 1255 1541 ipsa
1285 1505 1375 1541 pars
1407 1498 1477 1529 est.
1518 1492 1621 1539 Quid

198 1568 334 1604 deinde
373 1566 557 1615 plebem
604 1572 920 1602 exoneratam
965 1572 1219 1614 praestare.
1265 1565 1375 1612 quasi
1406 1571 1529 1600 status
1558 1564 1620 1601 hie

199 1639 336 1687 aliquis
392 1637 438 1673 sit
496 1636 810 1674 conservandus?
891 1637 1095 1684 Quomodo
1143 1636 1305 1684 denique
1353 1636 1461 1685 plebs
1507 1635 1621 1671 simul

199 1711 366 1759 quieta
410 1716 448 1745 et
498 1715 769 1745 exonerata
807 1708 1037 1758 praestatur?
1070 1721 1157 1744 nam
1199 1708 1315 1756 quieti
1349 1707 1621 1744 consulebatur

199 1788 410 1819 exonerata
441 1782 554 1822 urbe.
599 1792 675 1816 non
720 1781 791 1829 ipsi
829 1779 1106 1816 exonerationi.
1184 1779 1351 1816 Omnino
1400 1779 1527 1828 agitur
1573 1779 1620 1815 de

198 1867 275 1890 una
306 1853 458 1901 quiete.
490 1866 604 1901 quam
623 1881 632 1895 ,
664 1860 702 1888 ut
744 1853 838 1889 foris
870 1851 1040 1887 victoriis
1073 1858 1106 1887 et
1142 1850 1384 1891 foederibus.
1431 1851 1485 1887 sie
1516 1850 1620 1886 domi

199 1924 357 1960 coloniis
389 1924 561 1960 deduetis
592 1930 743 1972 partam
777 1936 939 1959 novum.
981 1923 1084 1971 quod
1125 1922 1257 1958 Livius
1299 1928 1522 1958 narraturus
1551 1929 1620 1966 est.

199 2002 391 2031 certamen
444 1995 626 2031 turbavit.
704 1997 904 2043 Apparet7
946 2007 1026 2030 rem
1075 1993 1249 2029 effectam
1301 1993 1501 2041 (quietem)
1534 2006 1620 2030 eum

199 2079 317 2103 (eausa
349 2067 658 2113 (exoneratione)
699 2067 799 2103 male
844 2065 1037 2103 confundi.
1108 2066 1183 2101 Sed
1216 2079 1259 2101 ea
1295 2065 1468 2101 confusio
1500 2065 1620 2102 libra-

199 2138 255 2174 rio
288 2139 468 2183 debetur;
505 2139 634 2174 Livius
666 2139 719 2174 sic
751 2138 973 2186 scripserat:
1008 2137 1206 2173 Plebem
1249 2137 1458 2185 quietam
1509 2150 1619 2173 exo—

200 2215 375 2244 nerata
416 2209 459 2244 in
492 2209 717 2245 colonias<
755 2209 1016 2245 multitudo
1058 2210 1338 2257 praestabat.
1409 2208 1621 2257 Eleganter

201 2286 236 2315 et
266 2286 355 2327 apte
386 2280 664 2316 multitudinem
699 2281 957 2317 abundantem
989 2286 1024 2315 et
1055 2281 1103 2316 ob
1144 2294 1227 2316 eam
1262 2292 1418 2316 eausam
1454 2293 1620 2329 pauper-

199 2357 394 2398 tatemque
426 2351 682 2387 turbulentam
729 2365 804 2387 non
851 2351 1052 2387 deductam
1100 2352 1196 2388 dixit
1238 2352 1275 2388 iu
1314 2351 1507 2393 colonias,
1553 2351 1619 2387 sed

200 2429 385 2470 tanquam
419 2435 514 2458 onus
556 2423 716 2460 eiectam
756 2430 792 2459 et
827 2424 1066 2459 exhaustam.
1144 2424 1271 2471 Quum
1305 2423 1502 2471 proprium
1534 2436 1620 2459 ver-

202 2492 289 2528 bum
321 2505 439 2541 supra
470 2494 606 2542 aliquis
638 2495 864 2544 scripsisset.
896 2495 932 2531 id
965 2495 1002 2531 iu
1034 2495 1167 2531 ordine
1184 2494 1437 2544 perscriptum
1463 2501 1499 2530 et
1521 2493 1621 2530 male

201 2575 284 2599 cum
331 2564 540 2611 quietam
586 2567 807 2615 copulatum
841 2574 908 2604 est.
942 2566 1044 2610 (Cfr.
1075 2579 1248 2615 prooem.
1281 2579 1316 2614 p.
1354 2567 1430 2605 17).
1498 2565 1620 2601 Exo-

202 2635 364 2671 nerari
404 2642 529 2673 autem
561 2637 763 2686 dupliciter
793 2638 866 2674 dici
904 2645 941 2674 et
972 2638 1017 2674 de
1054 2651 1120 2681 eo,
1158 2638 1217 2674 eui
1248 2650 1344 2673 onus
1376 2637 1553 2679 demitur,
1585 2644 1621 2673 et

201 2705 248 2740 de
277 2705 362 2754 ipsa
391 2720 432 2743 re
465 2708 657 2753 tollenda,
697 2722 781 2757 quae
808 2709 913 2745 oneri
947 2717 1026 2746 est.
1067 2709 1191 2746 lexiea
1219 2709 1443 2749 ostendunt.
1485 2709 1621 2757 positis
