1811 2925
276 163 353 195 Lib.
381 163 482 197 XXI.
898 164 976 199 228

231 288 300 327 ilii:
332 288 380 323 ad
420 288 519 323 hanc
549 285 891 333 interrogationem
921 283 1014 319 nihil
1043 285 1205 332 pertinet
1236 285 1346 322 unius
1378 284 1543 322 consulis
1575 285 1644 321 ad·

230 370 380 394 versum
415 357 623 406 proelium,
656 356 774 392 multo
808 355 931 391 minus
962 355 1116 391 alterius
1148 356 1313 392 consulis
1344 370 1391 392 cx
1423 355 1552 393 Sicilia
1583 368 1643 391 re-

228 429 396 473 vocatio,
427 441 522 476 quae,
554 433 595 463 ut
629 440 729 463 nunc
758 427 865 463 locus
896 425 1086 471 scribitur,
1116 426 1214 463 inter
1244 427 1481 463 calamitates
1511 439 1642 462 nume-

228 504 358 543 ratur,
389 510 504 545 quum
536 511 672 547 reapse
715 498 813 534 inter
856 496 1000 532 auxilia
1030 496 1154 533 fuerit.
1227 498 1292 534 Ad
1322 499 1402 534 haec
1436 497 1643 533 attendenti

229 569 472 618 perspicuum
506 570 570 610 fit,
617 568 834 617 comparari
877 568 975 603 inter
1015 580 1054 603 se
1095 568 1330 616 superiorem
1373 568 1643 612 calamitatem,

231 653 374 688 quum,
420 651 496 675 uno
541 645 688 676 tantum
733 639 889 676 consule
937 638 1040 674 victo
1072 639 1215 687 aliquid
1256 645 1383 675 tamen
1414 638 1644 687 superfuerit

231 710 312 760 spei
358 717 395 747 et
440 709 664 759 copiarum,
714 716 751 746 et
794 723 902 753 eam,
947 722 1031 758 quae
1070 722 1168 746 nunc
1210 710 1485 758 rempublicam
1522 710 1644 745 obru-

231 782 314 818 erit.
385 781 473 817 Hoc
504 781 787 825 animadverso,
818 780 929 816 simul
960 781 1114 829 patefit,
1162 786 1203 816 ut
1232 780 1330 816 inter
1360 792 1399 816 se
1451 780 1643 816 contraria

230 853 325 889 sint:
375 865 466 888 uno
515 851 728 888 consule
898 851 1031 887 victo
1084 858 1139 887 et:
1186 852 1373 887 duobus
1424 850 1644 886 consuli—

231 925 316 960 bus
489 923 646 967 victis,
680 923 733 958 sic
771 922 851 957 haec
883 920 977 957 duo:
1011 922 1166 958 altero
1212 933 1266 957 ex
1297 920 1475 959 Sicilia
1505 932 1646 956 revo-

231 1001 338 1031 cato
385 1000 438 1030 et:
485 1006 602 1041 quos
636 993 760 1030 alios
792 993 938 1028 duces
970 999 1039 1028 cet.
1075 993 1129 1029 ita
1159 993 1351 1029 contraria
1382 1004 1465 1027 esse
1495 991 1644 1034 debere,

234 1072 273 1102 ut
301 1065 338 1101 in
370 1065 490 1101 altero
520 1065 686 1113 praesidii
722 1063 881 1100 alicuius
910 1062 1065 1110 reliqui,
1108 1063 1145 1098 in
1184 1062 1303 1098 altero
1344 1062 1511 1098 omnium
1544 1062 1645 1098 dele-

230 1143 357 1173 torum
387 1149 456 1172 nec
488 1136 598 1171 ullius
629 1135 711 1184 spei
749 1135 889 1171 relictae
920 1134 1145 1182 significatio
1178 1133 1236 1169 sit.
1306 1134 1438 1181 Atque
1479 1133 1533 1168 sic
1564 1133 1645 1168 haec

233 1208 331 1243 inter
361 1220 401 1243 se
431 1206 566 1243 referri
597 1212 631 1242 ct
668 1204 904 1254 comparari,
935 1204 1135 1252 perspicue
1166 1203 1370 1239 ostendunt
1399 1203 1484 1252 ipsa
1514 1205 1644 1248 verba,

231 1284 467 1314 revocato
501 1284 536 1313 et
568 1281 899 1313 arcessantur.
971 1274 1186 1323 Scripserat
1214 1273 1329 1321 igitur
1361 1274 1509 1310 Livius:
1543 1275 1644 1313 Uno

231 1348 429 1385 consule
460 1347 749 1384 adTicinum
781 1346 925 1390 victo,
948 1345 1222 1384 alterumex
1239 1343 1417 1381 Sicilia
1446 1358 1645 1381 revoca—

230 1424 339 1463 tum3
372 1419 556 1456 duobus
589 1417 897 1461 consulibus,
940 1416 1129 1452 duobus
1176 1415 1525 1452 consularibus
1563 1429 1646 1452 ex-

233 1490 474 1527 ercitibus
506 1489 666 1533 victis,
699 1500 815 1536 quos
848 1487 973 1523 alios
1001 1487 1158 1532 duces,
1194 1499 1312 1534 quas
1344 1485 1466 1522 alias
1495 1485 1645 1533 legio-

232 1575 311 1598 nes
343 1574 470 1605 esse,
522 1572 619 1608 quae
650 1557 1002 1596 arcessantur?
1067 1559 1164 1594 Post·
1205 1557 1407 1593 Ticinense
1457 1556 1646 1605 Scipionis

233 1632 519 1669 incommodum
551 1630 821 1679 Sempronium
853 1629 995 1665 arcessi
1024 1628 1195 1678 potuisse
1227 1628 1372 1673 dicunt3
1405 1640 1516 1675 quem
1546 1640 1646 1664 nunc

233 1702 372 1754 posse?
438 1702 637 1738 Librarius
685 1701 887 1749 antiquus,
928 1699 1116 1736 sententia
1157 1699 1424 1746 rhetoricaque
1462 1699 1645 1735 orationis

234 1774 360 1810 forma
392 1786 467 1809 non
500 1773 783 1817 animadversa,
815 1772 998 1807 audacter
1029 1770 1152 1806 dicam
1186 1783 1233 1805 an
1267 1768 1504 1806 dormitans?
1534 1781 1649 1805 accu-

232 1845 378 1881 sativos
427 1845 524 1880 inter
575 1843 765 1879 ablativos
814 1841 1060 1890 interpositos
1109 1840 1158 1876 ad
1206 1841 1276 1876 hos
1320 1839 1646 1876 accommodavit-t

231 1929 322 1952 uno
345 1937 387 1942 -
425 1915 570 1959 victo,
603 1914 761 1950 altero
792 1933 843 1939 —-
876 1918 1132 1956 revocate,
1163 1907 1643 1952 duobus—victis&

345 1984 440 2033 Cap.
461 1986 580 2029 59,4:
598 1983 847 2020 Hannibal
872 2013 880 2021 .
901 2013 909 2020 .
931 1988 1121 2018 ceteros
1153 1981 1404 2018 confertos
1425 1982 1469 2017 in
1489 1981 1646 2018 inedia

233 2062 395 2092 cast-ra
424 2054 613 2102 recepit
643 2054 966 2101 intentosque
997 2053 1181 2100 signum
1214 2053 1269 2088 ad
1300 2051 1646 2100 erumpendum

255 2199 287 2243 1)
319 2202 428 2233 Vetus
464 2203 535 2233 haec
574 2203 663 2243 apud
702 2213 755 2233 mc
781 2202 974 2233 emendatio
1003 2212 1082 2233 casu
1120 2202 1208 2242 apud
1247 2201 1492 2241 Ingcrslcvium
1521 2201 1648 2231 omissa

325 2271 386 2294 est.
437 2264 530 2295 Infra
563 2264 628 2294 hoc
659 2264 766 2304 capite
803 2265 838 2304 (ξ
869 2266 921 2303 10)
959 2263 1066 2294 oratio
1104 2264 1150 2294 sic
1189 2264 1461 2304 interpungenda
1486 2268 1554 2294 est:
1594 2262 1643 2293 Id

325 2326 558 2366 emporium
596 2325 802 2355 Romanis
851 2325 1031 2356 Gallico
1068 2325 1187 2356 bello
1230 2326 1393 2364 fuerat3
1437 2326 1644 2356 munitum

327 2387 425 2416 inde
452 2391 552 2425 tuom:
580 2386 724 2417 suerat
750 2387 984 2423 munitum3
1016 2386 1129 2426 inde)
1164 2387 1303 2417 locum
1330 2386 1643 2429 frequentave-

327 2455 423 2478 rant
461 2449 620 2479 accolae
656 2449 781 2479 mixti
826 2454 889 2479 cet.
952 2447 991 2478 In
1030 2448 1244 2479 munimentis
1272 2459 1372 2480 causa
1399 2449 1462 2480 fuit
1487 2448 1646 2488 frequen-

325 2511 389 2540 tiae.
440 2509 494 2540 Ex
519 2520 625 2550 prava
666 2511 936 2551 interpunctione
962 2515 1076 2540 natum
1094 2534 1101 2547 ,
1139 2511 1225 2550 quod
1254 2521 1270 2541 e
1297 2511 1519 2541 deterioribus
1545 2510 1642 2541 codd.

326 2572 404 2602 olim
451 2572 629 2602 edebatur:
672 2582 690 2602 a
727 2571 954 2609 Romanis3
1001 2580 1091 2601 nunc
1115 2571 1170 2601 hic
1204 2582 1337 2612 quoque
1363 2573 1510 2602 dativum
1547 2571 1642 2601 illum

326 2634 500 2670 habemus,
528 2635 582 2673 qui
608 2644 668 2674 pro
697 2634 746 2664 ab
773 2634 904 2674 positus
931 2633 1067 2672 tingitur
1093 2638 1188 2663 extra
1215 2643 1271 2664 cos
1298 2633 1391 2669 fines,
1435 2643 1518 2673 quos
1545 2633 1642 2663 huius·

325 2695 437 2726 aetatis
461 2706 561 2742 prosa
589 2695 698 2726 oratio
725 2695 873 2726 servavit
899 2695 1116 2728 arctissimos.
