1811 2925
789 130 863 166 527
1323 130 1397 161 Lib.
1425 131 1533 161 XLH.

125 251 254 287 crassi
286 250 471 287 voluntati
502 250 724 298 gratificans
760 250 1003 286 iurisiurandi
1031 250 1204 286 oblivisci
1224 252 1313 288 velit
1342 253 1430 300 (hoc
1460 260 1534 289 est:

121 321 261 368 potius,
295 321 384 368 quid
416 320 503 356 velit
536 332 647 363 nunc,
679 333 794 367 quam
830 319 920 367 quid
951 326 1038 356 ante
1069 321 1263 361 iuraverit,
1294 323 1534 359 animadver-

121 391 274 427 tendum
303 398 454 426 censeat
487 398 523 426 et
553 388 853 439 spectandum),
902 402 942 425 sc
982 390 1018 426 iu
1054 397 1209 426 senatus
1249 398 1438 439 potestate
1476 393 1534 429 fu·

122 468 258 497 turum.
320 462 483 498 Prorsus
516 459 671 496 ridicule
705 459 862 497 Cassius
895 461 1017 500 dicat,
1056 461 1086 496 si
1118 467 1272 497 senatus
1305 462 1424 509 (quod
1454 463 1536 511 ipse

122 531 307 578 postulat)
348 543 422 566 non
455 530 597 566 Crasso
629 531 889 578 obsequatur,
927 530 994 566 sed
1036 530 1297 568 iusiurandum
1339 533 1534 570 observari

121 601 231 642 velit,
274 613 314 636 se
343 608 470 636 tamen
498 600 646 636 senatui
677 604 773 647 (suae
803 601 998 637 sententiae
1030 600 1280 647 adsentienti)
1323 603 1533 650 pariturum

121 683 215 706 esse.
279 671 424 706 Verum
457 670 548 706 alibi
578 670 659 706 vitii
681 671 809 707 sedem
841 683 935 709 esse.
967 671 1131 706 ostendit
1154 671 1344 718 particula
1379 680 1534 709 tamen

120 753 239 789 prave
270 740 307 776 in
340 740 527 788 apodosin
574 740 687 789 longe
719 742 882 784 reiecta,
932 753 1015 788 quae
1057 740 1164 776 initio
1205 742 1296 789 poni
1335 743 1537 779 debuerat:

120 811 159 846 si
192 818 346 846 tamen
376 817 573 846 senatus
604 816 675 847 cet.
748 812 887 859 Itaque
918 810 1064 847 initium
1098 811 1170 847 loci
1204 813 1431 849 emendandi
1464 814 1536 850 hoe

126 888 194 920 est,
227 888 266 916 ut
294 880 564 928 intelligamus,
595 893 736 917 novam
770 882 997 917 sententiani
1030 881 1198 929 incipere
1222 883 1270 919 ab
1301 883 1358 918 his
1389 884 1536 920 verbis:

121 954 178 989 Se
221 959 380 987 tamen
429 950 644 986 futurum
689 957 785 992 etc.,
830 951 1091 987 condicionem
1137 951 1192 998 (si
1227 954 1443 1001 senatus)
1489 955 1536 990 ad

121 1021 318 1070 superiora
350 1021 550 1068 pertinere.
623 1020 686 1056 Sic
717 1020 832 1068 igitur
863 1021 986 1056 oratio
1018 1020 1269 1057 describenda
1314 1029 1386 1059 est:
1437 1036 1537 1071 quae

121 1091 345 1138 (sacrificia)
380 1103 468 1126 non
500 1090 651 1138 magis
683 1090 881 1126 consule
919 1103 1054 1139 quam
1094 1098 1302 1139 praetore
1334 1094 1536 1130 absente

119 1169 249 1198 recte
280 1160 394 1198 fieri
436 1173 598 1209 posse,
645 1161 684 1197 si
727 1168 930 1197 senatus
976 1174 1084 1201 non,
1139 1162 1251 1209 quid
1299 1163 1447 1199 vellet
1487 1165 1536 1200 in

120 1231 397 1272 consulatu,
448 1230 613 1279 potius
645 1243 805 1278 quam,
847 1231 961 1278 quid
1002 1231 1047 1267 iu
1093 1238 1304 1280 praetura
1348 1233 1538 1271 iurave-

119 1303 186 1339 rit
238 1302 283 1338 P.
330 1301 573 1338 Licinius.
628 1301 1115 1338 animadvertendum
1174 1309 1385 1339 censeat.
1478 1304 1537 1342 Se

119 1379 278 1408 tamen
327 1371 538 1407 futurum
581 1371 627 1406 in
676 1378 876 1407 senatus
915 1377 1176 1420 potestate.
1266 1373 1397 1421 Negat
1437 1380 1538 1410 recte

120 1442 381 1478 iusiurandum
426 1440 568 1488 negligi
609 1453 740 1488 posse;
782 1441 931 1476 senatui
965 1447 1093 1477 tamen
1125 1442 1338 1479 committit.
1396 1444 1539 1480 Fateor

123 1519 273 1552 tamen,
315 1511 514 1547 rectiorem
558 1509 641 1547 fore
684 1510 918 1547 condicionis
952 1510 1132 1552 formam,
1177 1512 1209 1547 si
1249 1513 1302 1548 sic
1333 1513 1539 1550 scribatur:

121 1594 220 1629 quae
250 1594 342 1617 non
492 1586 620 1616 recte
662 1579 779 1617 fieri
816 1592 984 1629 posse,
1034 1582 1133 1620 nisi
1177 1583 1243 1626 (ni
1289 1595 1359 1631 pro
1409 1589 1456 1619 nt
1500 1584 1537 1620 in

121 1651 336 1700 possent)
367 1655 584 1693 senatus,
635 1650 750 1698 quid
781 1663 819 1689 v,
862 1651 886 1686 i.
930 1662 987 1691 e.,
1032 1652 1198 1699 potius
1233 1660 1328 1693 cet..
1379 1659 1419 1689 ut
1453 1666 1536 1690 cum

121 1720 401 1769 improbatione
423 1721 636 1769 excipiatur
658 1721 804 1769 aliquid
828 1720 980 1768 (uisi):
1012 1721 1226 1770 depravato
1247 1723 1343 1759 nisi
1366 1724 1535 1760 additum

120 1792 316 1839 putabitur
345 1803 446 1827 non.
514 1791 643 1829 Unum
674 1797 814 1831 restat:
861 1804 950 1827 nam
981 1804 1052 1839 pro
1083 1792 1233 1828 vellet
1276 1794 1313 1829 iu
1349 1795 1422 1830 hac
1451 1807 1538 1830 ora-

120 1861 233 1897 tionis
269 1861 395 1897 forma
426 1860 539 1908 (nisi
581 1867 803 1901 senatus,
848 1861 963 1909 quid
1016 1889 1108 1903 ...,
1152 1863 1538 1899 animadverten-

121 1931 225 1968 dum
269 1928 487 1977 censeat)
543 1936 579 1965 et
628 1931 702 1966 hae
754 1931 1033 1968 contrariorum
1081 1933 1358 1981 compositione
1409 1932 1539 1982 (quid

120 2002 272 2038 vellet
429 1999 541 2047 quid
593 1999 851 2043 iuraverit)
899 2002 1117 2038 necessario
1163 2003 1435 2038 restituendum
1483 2009 1539 2039 est

121 2066 296 2117 velit.¹)
357 2068 437 2107 Sub
467 2070 580 2106 finem
612 2070 748 2118 capitis
777 2070 815 2106 in
846 2071 904 2106 his
939 2071 1066 2107 verbis
1099 2072 1135 2117 (ξ
1171 2070 1231 2121 7):
1279 2071 1426 2119 Quum
1459 2072 1539 2108 tri-

122 2140 236 2176 buni
278 2139 480 2176 rnilitum
523 2139 859 2181 centuriones,
901 2141 984 2176 sed
1028 2142 1230 2189 primum
1279 2155 1538 2191 quemque,

123 2209 352 2249 citarent,
399 2216 498 2245 tres
544 2216 587 2245 et
630 2209 813 2257 viginti
847 2211 1179 2250 centuriones.
1231 2213 1308 2260 qui
1353 2214 1536 2261 primos

149 2397 175 2437 ¹)
211 2400 229 2440 ξ
258 2403 275 2429 5
300 2410 366 2430 non
392 2399 538 2430 debebat
563 2399 778 2440 Kreyssigius
806 2400 976 2439 dubitare,
1018 2403 1099 2441 quin
1127 2403 1160 2432 in
1186 2403 1249 2433 hac
1276 2404 1400 2433 codicis
1433 2404 1539 2444 scrip-

217 2466 307 2490 tura:
363 2460 591 2491 Delectum
634 2460 838 2491 consules
878 2462 1013 2493 multo
1059 2464 1348 2496 intentiorem
1392 2473 1537 2495 curam

218 2521 437 2552 habebant
473 2531 541 2552 non
580 2527 648 2552 tam
675 2521 878 2553 delectus
915 2532 1015 2562 quam
1044 2525 1291 2556 intentiore
1319 2535 1419 2556 cura
1445 2525 1537 2555 resti-

220 2582 380 2612 tuendum
407 2588 507 2615 esset.
548 2581 626 2614 Non
646 2591 759 2614 curam
781 2583 931 2614 delectus
959 2585 1118 2616 consules
1135 2586 1318 2624 habebant,
1345 2587 1402 2617 scd
1429 2586 1535 2627 ipsum

221 2641 385 2672 delectum
413 2644 593 2674 intentiore
619 2649 677 2674 aut
713 2645 904 2675 remissiore
932 2654 1022 2675 cura.
