1811 2925
235 124 311 156 Lib.
338 123 452 155 XXX.
904 125 981 160 348

235 260 331 285 sum
362 260 414 285 m.
443 259 480 283 u.
511 251 696 295 posset.
758 244 836 283 Sed
864 245 947 294 ipse
977 245 1265 291 animadvertit,
1298 259 1374 282 non
1405 247 1478 284 dici
1508 248 1647 284 Latine

236 324 552 366 conspectum
584 317 630 353 in
660 329 788 353 mare
816 329 887 365 pro
917 322 1196 366 prospectu3
1240 324 1277 353 et
1308 323 1437 354 tamen
1467 319 1647 354 substan-

234 389 355 425 tivum
395 401 479 425 cum
525 387 864 437 conspiciendi
911 387 1031 423 verbo
1069 387 1314 435 coniugatum
1344 389 1515 437 postulat
1545 402 1647 437 quae-

235 460 310 496 sita
340 460 527 496 orationis
559 459 809 496 concinnitas.
888 457 1139 496 scribendum
1171 465 1274 503 erat,
1303 472 1380 496 una
1408 459 1535 496 littera
1565 473 1647 496 mu-

234 537 333 567 tata:
365 538 408 567 et
437 532 654 580 praebere
684 531 788 579 ipse
819 527 1103 580 conspectui
1133 527 1476 567 circumfusum
1517 544 1648 568 mare

235 602 343 638 urbi
371 608 549 650 posset.
610 600 833 637 Subiectum
863 598 1083 647 conspectui
1113 611 1218 634 mare
1248 606 1341 637 erat.

357 672 455 721 Cap.
494 674 554 717 10,
589 675 607 707 7
642 671 705 719 (de
732 670 894 706 navibus
925 670 974 705 ad
1008 669 1161 707 Uticam
1200 683 1223 706 a
1253 670 1432 720 Scipione
1463 672 1648 709 adversus

235 742 610 792 Carthaginiensium
641 742 824 790 impetum
867 741 1095 786 instructis):
1143 741 1346 779 telorum
1376 743 1649 788 missilium,

234 821 283 851 ut
313 815 533 863 quamvis
564 814 709 862 longo
744 812 1011 849 certamine
1042 810 1350 858 sufficerent,
1378 814 1450 850 vis
1480 814 1648 862 ingens

236 886 536 935 congeritur.
602 886 657 923 Ut
705 884 855 920 dicatur
895 890 997 919 recte
1038 883 1269 931 quamvis
1309 883 1454 933 longo
1486 890 1649 921 certa-

235 956 357 993 mine
386 969 457 1005 pro
489 969 546 1003 eo,
578 956 681 1005 quod
713 961 788 991 est:
829 953 1019 990 etiamsi
1060 953 1252 1002 longum
1283 961 1530 991 certamen
1560 953 1650 991 fie-

234 1034 318 1073 ret,
349 1028 396 1064 de
427 1040 502 1077 quo
533 1027 777 1063 vehementer
802 1025 956 1070 dubito,
987 1031 1115 1061 tamen
1132 1037 1208 1061 non
1240 1025 1465 1062 crediderim
1496 1025 1650 1062 Livium

235 1104 313 1134 tam
351 1098 511 1135 moleste
557 1098 711 1141 dixisse,
761 1109 877 1144 quum
922 1095 1035 1132 facile
1083 1102 1119 1131 et
1166 1096 1360 1145 eleganter
1409 1102 1555 1146 posset:
1601 1103 1651 1132 ut

236 1169 456 1217 quamvis
497 1169 640 1218 longo
684 1167 936 1205 certamini
975 1165 1325 1212 sufficerentl).
1403 1167 1569 1204 Inferius
1612 1168 1650 1203 in

235 1241 309 1277 hoc
347 1240 471 1289 capite
514 1241 548 1285 (ξ
587 1241 677 1287 19)q
725 1238 789 1275 ubi
834 1251 985 1274 summa
1024 1243 1180 1274 eventus
1217 1237 1402 1286 longioris
1433 1239 1650 1275 certaminis

236 1311 428 1360 colligitur
459 1312 562 1356 (hoc
594 1311 803 1347 maxime
840 1309 976 1345 modo
1019 1309 1226 1345 lacerati
1258 1310 1450 1358 quidem
1488 1322 1651 1346 omnes

236 1382 443 1431 pontes),
474 1381 664 1431 particula
695 1380 885 1429 quidem
924 1387 1000 1416 tam
1032 1392 1151 1428 prave
1181 1381 1354 1429 ponitur.
1400 1393 1515 1429 quum
1547 1381 1652 1417 nulla

237 1453 396 1489 minima
426 1453 474 1489 sit
504 1464 622 1488 causa
651 1451 759 1488 verbi
785 1451 994 1487 lacerati
1033 1451 1086 1488 sic
1117 1451 1350 1497 extollendi,
1382 1458 1423 1488 ut
1470 1453 1649 1488 mendum

236 1523 480 1560 manifestum
529 1530 716 1559 teneatur.
791 1522 956 1559 Videtur
1006 1523 1138 1559 Livius
1175 1522 1391 1571 scripsisse:
1444 1523 1649 1559 lacerati

185 1608 193 1622 ἰ
236 1595 432 1630 tandem
471 1606 631 1630 omnes
669 1600 854 1642 pontes.
975 1594 1104 1630 Medio
1140 1594 1265 1642 capite
1306 1597 1339 1637 (ξ
1381 1594 1444 1640 15)
1489 1606 1651 1642 pravam

214 1666 484 1717 ¹¹¹scripturam:
516 1665 687 1700 deinde
717 1672 762 1700 et
792 1665 1249 1714 propugnatoribus
1290 1677 1480 1713 quoque
1525 1665 1651 1700 WVeis-

195 1772 198 1775 ,
237 1737 462 1773 senbornius
492 1736 656 1785 primum
687 1736 792 1772 inani
823 1736 1063 1773 distinctione
1094 1736 1190 1772 tueri
1221 1742 1403 1777 conatur,
1435 1736 1544 1784 quasi
1578 1736 1651 1772 alia

236 1808 284 1844 sit
314 1808 593 1844 contrariorum
610 1807 746 1843 relatio
765 1819 879 1854 quam
900 1820 983 1854 quae
999 1807 1036 1842 in
1058 1819 1133 1843 uno
1149 1813 1479 1855 propugnatorum
1497 1807 1651 1842 nomine

238 1884 389 1914 notetur
426 1878 615 1926 particula
646 1891 738 1926 quo
751 1890 862 1925 que,
912 1878 1047 1914 deinde
1091 1878 1267 1926 exemplo
1308 1877 1560 1913 incertissimo
1592 1877 1651 1912 vel

268 2110 298 2147 ¹)
338 2113 355 2152 ξ
385 2116 401 2142 5
431 2112 551 2142 venen]
588 2112 640 2142 tv.
684 2112 718 2142 in
760 2112 904 2143 cdissonc
943 2111 1227 2142 VVcnhnanniana
1278 2110 1456 2147 tenussset‚
1494 2109 1584 2149 quod
1618 2109 1653 2138 iu

333 2175 933 2215 {wune1nssufflnt2tabulasque
963 2172 1322 2213 superinstravin
1359 2178 1399 2201 ut
1425 2170 1652 2212 perviior-

334 2236 457 2266 dines
483 2241 639 2273 essent,
671 2236 761 2275 quod
789 2237 881 2277 ηηθ,
911 2236 1085 2267 rmfiffisin
1108 2233 1269 2265 Gronoffii
1307 2233 1542 2264 emendafflone
1570 2233 1654 2262 dua-

334 2297 396 2327 bus
421 2298 561 2334 voculis,
587 2298 715 2338 pridem
742 2298 956 2331 adnotat-am.
1005 2297 1093 2329 Nam
1113 2297 1202 2335 quod
1220 2306 1309 2327 nunc
1328 2296 1456 2336 posuit:
1476 2296 1536 2326 ita
1562 2304 1652 2324 cum

335 2363 411 2399 Uno
439 2359 499 2398 ut)
526 2360 718 2399 pcrviurn
747 2356 1653 2395 ordincn1secisset‚nuHan1lusswtnussafionss

335 2420 628 2461 probabihtaunn3
656 2432 717 2452 nec
742 2432 829 2452 unus
854 2421 936 2451 ordo
962 2420 1095 2460 pervius
1123 2419 1300 2451 sacnu1dus
1332 2425 1423 2459 erat,
1456 2418 1516 2449 sed
1557 2424 1654 2457 quat-

336 2488 428 2519 tum-3
453 2487 502 2513 tot
527 2483 614 2513 enim
642 2489 737 2514 erant
762 2483 895 2513 navium
922 2481 1013 2512 velut
1038 2491 1105 2512 uno
1131 2483 1217 2512 inter
1235 2493 1268 2513 sc
1283 2481 1419 2512 vinculo
1438 2480 1653 2519 inligatarum

336 2544 487 2582 ordines3
517 2545 746 2584 (inligatas
780 2545 868 2575 enim
903 2544 1117 2574 scribendum
1152 2554 1227 2574 cum
1254 2544 1443 2575 Kaestucro
1470 2540 1551 2574 est).
1599 2541 1653 2572 Ex

337 2607 673 2637 ordinesessent
700 2612 809 2637 ortum
837 2605 1205 2637 ordinefecisset.
1239 2606 1315 2636 dein
1349 2604 1557 2636 ordinem.
1584 2609 1654 2633 tum

336 2669 541 2708 pervium.
