1811 2925
837 124 910 160 421
1322 121 1395 152 Lib.
1420 120 1589 154 XXXVI.

166 248 438 292 bitabatur,
468 246 538 284 Ti.
573 244 860 295 Sempronio
892 246 1064 294 Longo
1101 243 1476 293 oppugnandam
1515 244 1590 280 de-

167 318 237 355 dit
268 318 533 367 regionem3
575 329 597 352 a
628 316 736 353 sinu
769 315 980 353 Maliaco
1020 320 1090 352 etc.
1168 315 1349 363 Apparet
1386 314 1423 350 in
1454 313 1589 350 illustri

168 389 344 438 exemplo
396 389 535 436 (eaque
586 387 669 436 ipsa
720 398 837 423 causa
884 385 975 422 mihi
1029 385 1101 422 fuit
1144 385 1218 422 loci
1261 384 1591 422 commemorandi

167 459 500 508 suspicionemque
531 458 715 494 incertam
746 469 822 492 non
851 456 1090 505 premendi),
1136 468 1252 504 quam
1296 455 1498 492 molestum
1530 455 1590 499 sit,

167 530 274 579 quod
303 542 427 577 neque
466 529 503 565 in
537 528 696 577 singulis
736 527 830 564 locis
861 526 1004 563 codicis
1034 526 1076 563 M
1107 526 1260 575 plenam
1292 526 1591 574 continuamque

168 600 398 649 scripturam
433 605 539 637 certa
569 599 643 635 fide
688 604 882 635 enotatam
927 598 1139 642 habemus,
1184 596 1384 642 indicatis,
1430 596 1463 633 si
1507 609 1591 644 quae

168 670 366 719 ambigua,
399 682 524 715 crasa,
555 682 674 718 supra
704 669 871 718 scripta,
916 674 1090 706 correcta
1120 667 1287 712 suerunt,
1319 679 1444 715 neque
1474 666 1591 703 totius

165 741 310 778 codicis
358 741 661 788 mendorumque
715 740 849 776 formae
904 740 1149 788 perspicuam
1204 737 1411 786 imaginem
1462 735 1591 774 animo

168 811 496 860 comprehendere
524 822 743 860 possumus.

311 880 407 931 Cap.
455 882 531 927 23,
600 883 643 917 10
706 880 769 929 (de
814 880 948 916 eadem
1003 879 1206 916 Heracleae
1266 878 1592 928 oppugnatione):

170 951 331 988 AEtoli
373 979 458 996 ...,
503 951 584 988 ubi
630 951 860 988 Romanis
908 951 1067 987 datum
1125 949 1350 998 receptui
1400 949 1592 998 signum

170 1027 327 1066 esset,
358 1020 492 1056 velut
525 1020 619 1069 ipsi
651 1033 841 1069 quoque
870 1020 958 1056 hoc
987 1020 1230 1065 revocati,
1269 1032 1356 1068 pro
1387 1031 1435 1056 se
1467 1020 1593 1067 quis-

170 1104 258 1140 que
303 1104 358 1127 ex
403 1091 712 1128 stationibus
758 1091 1093 1128 discedebant.
1165 1090 1256 1126 Non
1287 1091 1397 1135 hoc,
1442 1090 1593 1127 sedeo

169 1160 285 1197 scribi
317 1161 534 1209 oportebat,
566 1161 635 1197 etsi
666 1166 789 1198 totum
811 1174 1024 1211 pronomen
1056 1161 1192 1197 abesse
1223 1166 1389 1210 poterat.
1450 1161 1527 1197 Sed
1556 1161 1593 1196 in

170 1232 203 1268 B
237 1235 343 1276 (nam
375 1232 422 1268 de
452 1232 494 1268 M
524 1233 688 1279 tacetur)
720 1232 774 1268 sic
803 1231 997 1268 scribitur:
1029 1231 1167 1268 velut
1207 1243 1289 1280 spe
1326 1233 1414 1268 hac
1457 1245 1594 1268 revo-

170 1303 280 1339 cati.
342 1302 492 1351 Opinor
521 1302 658 1339 fuisse:
689 1303 821 1339 velut
851 1302 944 1351 ipsi
983 1303 1132 1339 etiam
1179 1302 1301 1351 (ipse
1334 1302 1416 1348 tia)
1456 1314 1595 1338 revo-

168 1370 326 1419 cati.¹)

286 1443 382 1493 Cap.
414 1445 479 1489 25,
513 1447 548 1482 7.
614 1442 760 1480 Consul
790 1444 988 1480 Romanus
1011 1443 1233 1492 Philippum
1253 1455 1383 1492 regem
1415 1442 1595 1479 Lamiam

173 1521 461 1563 oppugnantem
503 1520 540 1550 et
569 1513 616 1550 de
656 1514 849 1550 deditione
880 1526 964 1549 cum
998 1514 1201 1562 oppidanis
1234 1520 1409 1563 agentem
1442 1513 1490 1548 ab
1529 1525 1597 1561 op-

173 1585 411 1633 pugnatione
442 1583 626 1620 desistere
656 1584 782 1620 iussit:
826 1584 1007 1632 aequins
1055 1596 1160 1620 esse
1190 1585 1433 1621 Romanos
1477 1583 1596 1619 mili-

173 1662 270 1701 tes,
301 1655 380 1704 qni
412 1654 515 1691 acie
547 1654 863 1691 dimicassent
909 1666 1008 1691 cum
1041 1654 1246 1699 AEtolis,
1276 1653 1471 1702 praemia
1503 1653 1595 1689 vic—

175 1726 308 1762 toriae
341 1727 532 1763 habere.
607 1725 698 1761 Non
737 1730 885 1761 tantum
920 1737 1003 1761 cum
1036 1725 1194 1769 AEtolis,
1233 1724 1312 1770 sed,
1344 1724 1447 1772 quod
1480 1729 1596 1772 caput

173 1796 430 1832 dimicationis
471 1802 507 1831 et
548 1795 719 1832 victoriae
753 1801 856 1841 erat,
908 1808 991 1832 cum
1038 1794 1248 1833 Antiocho.
1330 1795 1376 1831 In
1425 1794 1469 1831 M
1513 1801 1596 1830 erat

175 1878 310 1914 quam
343 1866 556 1911 AEtolos,
594 1877 793 1915 perverse3
825 1866 990 1902 debebat-
1033 1866 1132 1901 enim
1164 1865 1238 1901 dici
1270 1878 1408 1913 quam
1441 1865 1593 1901 Mace-

174 1936 335 1972 donas.
408 1936 484 1974 Sed
527 1950 575 1974 ex
607 1949 729 1985 pravo
760 1935 825 1972 illo
847 1935 1115 1984 supplemento
1147 1936 1196 1972 ad
1228 1936 1459 1984 explendam
1491 1947 1595 1971 com-

170 2006 413 2055 parationem
446 2007 577 2044 addito
609 2014 734 2043 ortum
765 2006 935 2051 videtur,
976 2007 1079 2054 quod
1111 2006 1226 2043 ceteri
1256 2006 1409 2042 codices
1440 2006 1595 2045 habent,

175 2076 385 2125 Liviusque
415 2083 565 2114 tanturn
596 2076 812 2125 scripsisse:
857 2077 1037 2125 aequius
1070 2088 1193 2120 esse,
1245 2077 1486 2112 Romanos
1517 2075 1595 2112 mi-

172 2144 301 2190 lites,
335 2146 412 2194 qui
440 2147 545 2184 acie
576 2147 908 2191 dimicassent,
930 2146 1128 2194 praemia
1159 2146 1596 2183 victoriaehaberc.

200 2347 227 2387 ¹)
268 2350 304 2383 C.
334 2354 389 2389 24,
417 2354 435 2381 2
474 2352 635 2393 quoniam
673 2361 790 2382 eorum
819 2352 986 2382 codicum.
1023 2351 1080 2392 qui
1107 2356 1424 2391 exspectantes
1458 2351 1597 2389 habent,

269 2412 425 2453 princeps
445 2411 501 2451 (B)
519 2418 638 2453 aperto
654 2413 777 2444 mendo
795 2413 927 2444 iussit
956 2413 1090 2449 omittit,
1114 2414 1306 2453 sequendus
1329 2412 1376 2449 M,
1392 2412 1448 2453 qui
1475 2412 1596 2443 habet:

268 2474 330 2505 Ti.
379 2473 686 2514 Sempronium
725 2479 875 2505 tenere
912 2475 1112 2506 intentos
1144 2473 1312 2506 milites
1340 2475 1597 2514 signumque

269 2540 530 2576 exspectare
556 2535 691 2566 iussit
717 2537 853 2577 (ipsum,
878 2542 923 2574 ut,
936 2545 1038 2576 quum
1054 2536 1250 2577 accepisset,
1264 2545 1459 2577 procurrere
1477 2536 1598 2566 milites

268 2596 430 2636 iuberet).
488 2595 645 2628 Intentus
677 2602 710 2628 et
743 2604 881 2638 paratus
920 2602 1052 2630 tenetur
1085 2597 1202 2634 miles,
1252 2603 1456 2637 exspectans
1494 2598 1598 2628 teneri

265 2658 324 2688 vix
349 2664 438 2689 recte
473 2657 606 2689 dicitur.
