1811 2925
831 153 908 189 245
1311 151 1387 182 Lib.
1419 151 1535 182 XXII.

165 278 256 314 mis
288 278 345 324 (ut
375 277 554 326 proximo
585 276 734 325 eapite,
766 277 837 322 29,
882 278 903 313 4
935 276 972 312 in
1003 274 1116 312 PCM
1145 281 1215 311 eet.
1245 287 1316 324 pro
1351 275 1407 312 ab
1437 275 1575 311 nimis

166 355 224 385 est
253 349 312 385 ab
357 347 563 392 animis),
610 347 877 384 animadverso
908 359 1038 383 errore
1083 345 1242 382 alterum
1289 346 1460 395 (nimis)
1508 347 1574 383 ad-

167 420 285 456 ditum
330 426 410 464 est,
460 425 539 455 tum
583 418 765 468 (sortasse
806 418 843 454 in
878 418 927 466 P)
969 417 1106 466 copula
1148 417 1384 466 interposita.
1456 418 1576 455 Plura

166 497 255 527 sunt
284 489 322 526 in
352 490 386 526 P
421 490 598 539 exempla
625 490 751 526 mendi
782 490 834 526 sic
860 488 1041 533 correcti,
1094 500 1177 536 quae
1207 488 1349 537 duplex
1387 489 1576 538 scriptura

165 562 356 599 interdum
387 561 472 610 ipsa
501 561 538 597 in
570 561 666 597 alios
697 562 846 598 codices
878 560 1040 605 transiit,
1091 559 1279 595 interdum
1317 560 1440 597 solum
1470 573 1575 597 men-

167 633 274 678 dum3
304 632 492 669 interdum
527 643 649 668 novus
681 645 787 669 error
817 632 987 670 accessit.
1047 631 1134 668 Hoc
1164 630 1261 666 libro
1279 642 1310 668 c,
1333 632 1396 675 23,
1416 633 1437 667 6
1459 643 1575 679 quum

164 717 236 753 pro
270 704 533 741 Romanum
564 703 874 751 Poenumque
904 703 1067 752 primuni
1099 702 1163 745 (ob
1200 702 1358 748 duces)
1393 701 1575 751 scriptum

167 781 267 811 esset
296 776 554 819 Romanos,
585 780 665 810 tum
697 774 866 810 additum
902 787 971 810 um
1005 774 1377 821 (Romanosum),
1408 773 1445 809 in
1476 780 1576 809 cete-

165 847 240 888 ris,
288 846 391 894 quod
434 858 504 882 um
535 857 612 881 non
641 845 940 893 intelligebatur,
983 846 1123 881 mansit
1159 845 1280 882 solum
1312 846 1576 889 Roman0s;

168 918 299 963 XXI,
332 919 408 963 36,
449 919 470 953 2
506 930 576 966 pro
621 916 666 952 in
706 917 872 965 pedum
905 916 1087 964 scriptum
1121 917 1177 960 (in
1209 915 1297 965 CM,
1330 915 1511 963 quoniam
1543 915 1576 951 P

167 990 289 1031 deest)
320 988 367 1024 in
397 987 606 1037 peditus,
637 988 724 1024 dein
742 986 884 1023 factum
916 987 1307 1036 iupeditusdum;
1331 986 1495 1030 XXIII,
1517 988 1577 1029 17,

168 1063 189 1096 4
222 1071 293 1108 pro
327 1059 461 1095 uidet
490 1059 672 1107 scriptum
704 1064 760 1094 est
790 1058 920 1102 inde,
952 1064 1031 1094 tum
1075 1058 1246 1094 additum
1276 1058 1399 1106 ipsum
1431 1056 1577 1092 uidet.

167 1130 330 1175 XXIII,
364 1131 399 1175 9,
436 1132 476 1166 11
514 1142 628 1178 quum
661 1127 902 1165 scribendum
940 1134 1039 1164 esset
1069 1128 1364 1165 defectionis
1395 1128 1451 1164 ab
1476 1128 1576 1164 Ro-

165 1202 332 1246 manis,
362 1201 525 1250 primum
559 1201 725 1249 positum
757 1205 813 1236 est
843 1198 1122 1236 defectione
1153 1200 1226 1245 (ob
1259 1212 1362 1236 eum
1394 1199 1493 1235 male
1522 1199 1577 1235 in-

164 1272 396 1318 tellectum),
441 1272 577 1308 deinde
607 1272 646 1308 in
676 1271 852 1307 addendo
884 1270 955 1306 nis
986 1270 1039 1307 sie
1073 1271 1314 1315 aberratum,
1361 1276 1401 1306 ut
1445 1282 1578 1306 nasce-

166 1350 271 1380 retur
300 1342 811 1379 defectioneinissaab
853 1343 899 1379 R.
972 1342 1104 1389 Atque
1141 1342 1221 1377 haec
1252 1354 1328 1377 non
1358 1341 1395 1377 in
1430 1342 1462 1378 P
1494 1347 1580 1378 orta

167 1414 324 1464 (saltem
354 1427 431 1450 non
465 1414 636 1460 omnia),
679 1414 744 1450 sed
778 1413 814 1449 in
847 1412 1062 1460 antiquiore
1100 1412 1254 1455 codice,
1294 1411 1577 1461 apertissimum

167 1486 214 1522 iit
242 1486 280 1522 in
310 1485 420 1521 huius
450 1485 536 1521 libri
567 1498 599 1523 c.
633 1488 709 1529 41,
762 1487 801 1527 ῖς
850 1483 902 1520 ibi
941 1483 1040 1519 enim
1083 1495 1131 1518 ex
1181 1483 1383 1519 mediam
1432 1482 1575 1519 factum

168 1556 382 1593 aberrando
432 1562 468 1593 et
508 1555 733 1604 corrigendo
766 1554 920 1591 mediu
935 1568 971 1590 m
984 1566 1071 1598 a1n3
1115 1553 1251 1589 deinde
1281 1565 1403 1589 novus
1436 1552 1576 1597 scriba,

169 1639 284 1675 quum
315 1639 391 1662 non
421 1627 606 1671 haberet,
637 1627 727 1674 quid
757 1626 907 1675 syllaba
938 1638 1006 1661 am
1037 1624 1201 1668 faceret,
1234 1623 1371 1669 effecit,
1405 1624 1508 1673 quod
1537 1624 1575 1660 in

170 1697 203 1733 P
236 1704 313 1743 est,
344 1697 545 1734 medium
579 1711 772 1742 amnem,
821 1710 869 1732 ex
904 1708 980 1744 quo
1012 1696 1051 1731 in
1082 1694 1111 1731 C
1144 1708 1167 1731 a
1197 1708 1312 1732 manu
1348 1708 1435 1740 sec.7
1467 1695 1505 1731 in
1536 1695 1577 1731 M

169 1768 381 1816 ceterisque
412 1767 555 1805 factum
593 1769 793 1805 medium
844 1780 1027 1815 agmen.
1095 1766 1196 1803 Illud
1233 1767 1391 1812 mirum,
1434 1779 1510 1802 uno
1542 1772 1579 1802 et

170 1838 289 1875 altero
320 1838 405 1875 loco
435 1847 548 1876 rectae
577 1840 733 1888 syllabae
766 1838 1018 1888 postpositam
1053 1849 1240 1886 pravam,
1283 1844 1324 1873 ut
1354 1837 1391 1873 in
1431 1838 1505 1874 hoc
1534 1836 1578 1872 li-

169 1909 238 1945 bro
269 1921 301 1945 c.
335 1911 398 1954 35,
430 1913 451 1947 4
483 1911 612 1947 isius
642 1924 712 1960 pro
740 1911 779 1947 is
810 1916 847 1947 et
876 1909 1044 1951 XXIV,
1080 1910 1148 1951 16,
1188 1911 1208 1944 3
1244 1912 1409 1957 (pugna)
1441 1907 1578 1944 inex-

168 1993 224 2029 pe
240 1980 393 2017 ditior
433 1994 504 2030 pro
534 1981 824 2030 inpeditior,
867 1980 970 2028 quod
1000 1979 1180 2015 vocabuli
1210 1986 1420 2015 monstrum
1452 1978 1579 2015 Weis-

169 2051 396 2089 senbornius
431 2053 586 2089 retinuit.
615 2052 933 2102 comparavitque
963 2063 1048 2087 cum
1080 2063 1150 2095 eo,
1192 2051 1294 2099 quod
1338 2056 1393 2086 est
1435 2050 1578 2086 inex-

169 2123 479 2172 superabilis.
555 2125 708 2173 (Neque
747 2121 1208 2171 inexsuperabilior
1236 2122 1425 2170 reperitur
1455 2127 1492 2157 et
1521 2121 1580 2157 di-

170 2201 322 2237 cuntur,
352 2193 459 2230 verbi
492 2206 630 2240 causa,
671 2196 820 2244 Alpes
851 2192 1295 2241 inexsuperabiles,
1327 2205 1411 2241 quae
1444 2204 1578 2229 exsu-

168 2264 332 2311 perari
358 2277 434 2301 non
464 2273 642 2314 possunt3
671 2279 802 2315 pugna
831 2264 1062 2313 expedita
1091 2271 1127 2299 et
1156 2263 1375 2311 inpedita
1405 2270 1474 2308 est,
1504 2276 1581 2299 non

171 2357 456 2407 expeditur.)
516 2360 655 2397 Fuitne
685 2361 723 2397 in
753 2360 961 2408 archetypo
992 2346 1064 2427 iluss
1105 2347 1194 2426 legi?
1344 2358 1423 2396 Sub
1468 2359 1581 2395 finem

1069 2417 1078 2434 ἢ

171 2458 307 2507 capitis
351 2460 385 2507 (ξ
425 2462 511 2509 13),
545 2461 609 2498 ubi
650 2461 987 2498 Weissenbornius
1023 2460 1189 2497 fortasse
1226 2459 1469 2496 scribendum
1510 2459 1582 2496 ait:

171 2528 210 2565 si
240 2529 369 2566 iusta
407 2543 459 2569 ac
499 2532 695 2569 directa
732 2543 889 2581 pugna
933 2530 1118 2569 fuisset
1148 2532 1236 2581 (pro
1268 2531 1382 2568 acsi
1413 2529 1582 2578 recta),

170 2607 324 2648 poterat
354 2602 542 2639 adnotare
572 2615 656 2639 eam
695 2602 953 2639 coniecturam
993 2616 1015 2639 a
1056 2616 1116 2640 me
1158 2603 1259 2651 apud
1303 2601 1581 2651 Ingerslevium

168 2671 363 2719 proditam
398 2684 493 2712 esse.
565 2673 612 2709 Id
644 2673 696 2710 ibi
737 2686 812 2709 non
849 2685 1074 2722 posueram,
1118 2676 1136 2718 ξ
1185 2674 1229 2709 12
1267 2684 1425 2721 prorsus
1465 2671 1584 2708 inusi-
