1811 2925
826 134 903 170 409
1313 132 1389 164 Lib.
1418 132 1567 164 xxxv.

160 269 318 294 coram
351 262 394 293 et
435 286 472 295 ..
512 256 650 305 argui
679 262 848 305 posset
881 256 1017 292 vitiose
1047 255 1128 292 sine
1167 255 1356 304 particula
1397 256 1568 304 adiungi-

160 334 221 363 tur
249 326 320 363 illi:
369 327 445 374 qui
484 354 550 366 ...
588 326 792 372 diceret,
839 333 875 363 et
905 339 1025 376 prave
1068 327 1141 363 hoc
1181 326 1334 363 dicitur:
1366 332 1567 364 amotum

161 409 283 441 esse,
316 397 393 445 qui
424 410 494 441 ea,
539 410 638 445 quse
668 398 971 446 scripsisset,
1004 409 1216 446 praesens
1250 397 1453 438 diceret,
1485 409 1568 445 quae

160 468 343 505 orationis
375 468 500 505 forma
531 475 662 516 aperte
700 468 847 505 consilii
885 467 1201 516 significationem
1239 468 1382 504 habere
1421 468 1571 505 videtur

162 542 400 583 (amotum,
430 545 478 574 ut
508 537 691 575 alicubi
720 539 925 583 diceret3
957 539 1071 587 longe
1105 539 1204 575 enim
1246 538 1348 575 aliud
1379 545 1498 584 esset7
1539 539 1570 575 si

160 607 214 644 sie
244 609 491 646 scriberetur:
522 622 641 645 nunc
671 616 876 645 amotum
908 621 1032 655 esse,
1073 610 1151 658 qui
1188 610 1437 646 contraria
1466 622 1568 646 con-

161 679 253 715 suli
289 679 605 728 scripsisset).
688 680 825 728 Itaque
867 681 898 716 si
942 680 1079 716 horum
1110 681 1283 717 codicum
1313 681 1484 730 vestigiis
1513 681 1569 717 in-

160 749 370 786 sistendum
403 757 513 790 esset.
557 750 799 787 scribendum
845 751 978 787 saltem
1019 756 1118 787 erat:
1166 751 1245 799 qui
1285 780 1323 791 ..
1361 764 1571 801 praesens

162 822 326 862 dicere
371 826 415 861 et
459 834 662 870 arguere
705 834 863 858 coram
915 828 959 858 et
999 850 1034 859 ..
1083 822 1220 870 argui
1265 830 1451 872 posset-3
1502 822 1571 859 etsi

162 905 208 928 ne
239 893 292 929 sic
324 892 474 941 quidem
504 891 631 940 placet
659 892 739 929 haec
770 892 953 928 orationis
984 892 1155 928 relativae
1194 891 1336 929 forma:
1366 900 1571 930 amotum

163 975 288 1005 esse,
319 963 400 1011 qui
437 992 447 1000 .
466 992 474 1000 .
513 968 698 1010 posset,
730 974 806 1010 qua
834 968 1016 1010 tanquam
1047 962 1192 998 incerta
1221 975 1386 1010 persona
1414 977 1571 1014 genera·

162 1034 229 1070 tim
260 1034 506 1082 significatur,
537 1033 597 1068 cui
630 1032 897 1081 significationi
928 1033 1122 1069 contraria
1153 1040 1240 1069 sunt
1269 1034 1351 1071 illa:
1378 1048 1443 1080 ea,
1477 1048 1573 1084 quae

162 1105 460 1153 scripsisset.
530 1104 668 1151 Itaque
707 1103 942 1140 redeundum
983 1103 1136 1140 videtur
1177 1105 1225 1140 ad
1269 1107 1570 1153 praestantiorem

162 1175 303 1211 codicis
345 1175 387 1211 M
418 1174 704 1218 auctoritatem,
741 1174 779 1210 in
820 1186 895 1222 quo
933 1174 986 1210 sic
1030 1174 1213 1223 scriptum
1252 1183 1326 1212 est:
1367 1183 1570 1214 amotum

161 1256 266 1281 esse
295 1245 347 1281 de
377 1245 641 1290 industria,
683 1258 737 1281 ne
767 1258 839 1289 ea,
884 1258 982 1294 quae
1012 1245 1325 1294 scripsisset,
1366 1260 1575 1296 praesens

163 1315 348 1352 diceret
389 1322 467 1352 aut
497 1322 725 1364 argueret
755 1328 919 1352 coram
954 1323 1018 1361 et,
1068 1316 1250 1364 siquid
1280 1316 1391 1353 vani
1422 1316 1572 1353 affer-

161 1393 252 1430 ret5
283 1387 418 1435 argui
448 1393 615 1435 posset
660 1386 745 1433 (etsi
791 1392 937 1423 tantum
976 1399 1098 1435 usque
1140 1389 1188 1424 ad
1230 1382 1387 1424 coram
1418 1393 1573 1423 notatur

165 1457 306 1494 codicis
336 1458 557 1506 scriptura),
587 1457 869 1505 tenendumque
890 1458 1097 1506 aptissimae
1126 1458 1366 1495 diiunctionis
1396 1457 1574 1494 indicium

168 1528 267 1574 (aut
295 1526 558 1576 argum-003
602 1527 843 1563 scribendum
875 1534 931 1563 est
962 1529 1081 1564 enim:
1119 1542 1173 1565 ne
1203 1542 1268 1575 ea,
1301 1541 1398 1576 quae
1427 1528 1576 1577 scrip-

165 1598 335 1642 sisset,
368 1610 577 1646 praescns
609 1597 794 1633 diceret
831 1603 876 1638 ct
911 1606 994 1635 aut
1027 1606 1256 1648 argueret
1297 1612 1454 1636 coram
1485 1604 1575 1643 aut,

165 1669 204 1705 si
249 1682 285 1717 q.
331 1682 368 1705 v.
413 1682 472 1713 a.,
523 1668 660 1716 argui
704 1675 883 1716 posset.
942 1670 1074 1717 Atque
1116 1670 1215 1706 idem
1246 1671 1358 1707 video
1388 1671 1576 1720 placuisse

166 1738 361 1784 Creverio,
401 1740 472 1776 nisi
515 1739 617 1787 quod
660 1739 706 1774 de
745 1752 798 1775 ne
827 1739 1061 1776 restituendo
1092 1753 1167 1776 non
1199 1741 1395 1789 cogitavit.
1455 1741 1575 1791 Origo

163 1810 302 1858 prioris
340 1811 466 1847 mendi
496 1817 587 1847 nata
617 1817 673 1847 est
703 1822 750 1846 ex
779 1823 867 1846 nea
897 1823 966 1859 pro
1009 1823 1063 1846 ne
1095 1824 1148 1847 ea
1177 1812 1341 1860 scripto,
1383 1813 1518 1850 deinde
1552 1827 1573 1853 n

164 1881 319 1923 omisso,
351 1881 504 1917 alterius
536 1893 583 1916 ex
615 1887 658 1916 et
689 1888 778 1929 post
810 1881 997 1917 diceret
1028 1879 1234 1928 omisso.1)

275 1950 370 2000 Cap.
421 1953 491 1996 12,
536 1951 557 1988 8
600 1949 686 2000 (ubi
717 1951 966 1988 Damocritus
996 1952 1154 1988 AEtolus
1184 1953 1329 1989 Nabidi
1358 1954 1505 1998 suadet,
1535 1960 1574 1990 ut

165 2021 376 2056 maritimas
414 2021 617 2057 Laconicae
655 2022 829 2058 civitates
864 2022 965 2058 bello
997 2024 1234 2071 recuperet):
1270 2024 1464 2061 Nullum
1497 2037 1575 2060 ex-

164 2092 362 2128 ercitum
419 2092 682 2129 Romanum
735 2094 778 2129 in
825 2092 1014 2131 Graecia
1059 2106 1181 2139 esse5
1249 2107 1332 2132 nec
1375 2103 1576 2145 propter

165 2161 393 2210 Gythium
427 2168 506 2198 aut
538 2163 807 2200 maritimos
839 2164 963 2200 alios
997 2165 1222 2200 Laconas
1252 2165 1441 2214 dignam
1471 2178 1574 2202 cau-

164 2244 260 2268 sam
292 2233 661 2269 existimaturos
691 2234 953 2279 Romanos,
997 2248 1080 2271 cur
1120 2235 1338 2284 legiones
1375 2237 1420 2273 in
1451 2237 1574 2275 Grae-

165 2303 283 2339 ciam
316 2315 479 2340 rursus
511 2305 866 2341 transmittant.
928 2306 1186 2342 vitiosissime
1206 2306 1344 2343 dicitur
1373 2314 1576 2356 propter

164 2374 350 2421 aliquid
397 2374 588 2423 dignam
620 2388 811 2412 causam
843 2377 1128 2414 existimare
1161 2375 1228 2427 (ne
1259 2377 1389 2414 addito
1422 2378 1574 2426 quidem

191 2548 217 2590 ¹)
255 2551 339 2593 Cap.
367 2557 399 2589 3,
431 2557 442 2584 1
473 2554 608 2590 nescio,
644 2563 703 2584 cur
736 2563 803 2584 non
838 2552 893 2593 (ut
926 2555 958 2585 in
986 2554 1175 2594 codicibus)
1209 2555 1364 2586 dicantur
1391 2555 1574 2595 Ligures

257 2613 327 2645 XL
354 2614 554 2645 millibus
587 2614 804 2645 hominum
838 2614 962 2646 Pisas
988 2615 1208 2646 obsidere.
1272 2615 1353 2657 Cap.
1381 2620 1411 2654 5,
1446 2621 1485 2647 14
1511 2617 1574 2648 tol-

256 2675 395 2706 ]endum
422 2682 470 2707 est
500 2677 655 2708 codicum
683 2676 884 2707 auctoritate
912 2682 1015 2707 sunt
1040 2682 1116 2708 ante
1146 2677 1314 2708 amissa.
