1811 2925
783 178 859 214 285
1264 177 1480 209 Lib.XXIV.

116 301 182 337 sed
212 301 250 336 in
281 300 325 336 iis
356 312 532 348 quoque,
578 312 661 348 quae
701 303 719 343 ς’
753 302 772 335 4
807 306 843 335 ct
879 302 898 334 5
931 307 1163 347 sequuntur.
1208 303 1254 348 Q.
1293 300 1404 336 Fabii
1442 313 1527 336 sen-

114 372 271 408 tentiam
304 371 548 415 continentia,
579 371 690 419 plura
721 377 807 406 sunt.
836 376 924 418 post,
954 369 1074 418 Lipsii
1105 379 1141 405 ct
1171 371 1362 407 Gronovii
1399 384 1526 407 emen-

113 442 288 478 dationes
330 442 448 479 dubia
495 448 561 478 aut
606 446 804 488 corrupta:
855 452 944 476 nam
986 440 1150 489 primum
1193 442 1250 484 <ut
1295 442 1525 478 adiectivuni

113 512 268 548 libera
299 519 400 548 recte
431 512 586 560 adiungi
617 513 665 548 ad
698 511 908 547 arbitria
941 523 1081 559 agere
1119 512 1367 559 concedatur)
1400 513 1525 548 distri—

112 583 280 619 butionis
312 582 539 631 significatio
572 590 661 631 apta
694 595 768 618 non
801 582 949 617 videtur
981 581 1052 629 (de
1084 595 1281 630 quoque,
1315 584 1416 631 quod
1449 597 1524 619 non

112 653 211 689 idem
244 660 301 689 est
333 660 447 701 atque
478 654 532 690 de
563 652 894 701 unoquoque):
935 652 1002 688 sed
1051 653 1209 689 meliora
1256 667 1331 690 non
1362 654 1524 703 reperio.

112 724 261 760 Deinde
293 724 329 759 in
353 723 543 760 Gronovii
575 723 842 760 emendatione
876 734 951 758 non
981 730 1083 759 recte
1114 725 1194 759 haec
1226 732 1524 773 componuntur:

113 808 250 843 quum
287 795 404 830 illud
447 795 608 843 potius
647 821 759 836 ....,
801 793 845 828 id
892 805 981 828 non
1027 795 1259 842 cogitent:
1307 796 1379 832 hOC
1425 796 1523 832 enim

112 866 300 914 posterius
335 866 389 902 sic
420 866 569 909 dicitur,
601 864 708 912 quasi
740 864 950 912 praecedat:
996 865 1120 912 quod
1153 866 1356 902 maxime
1387 879 1523 915 agen-

112 937 215 973 dum
260 937 343 978 sit;
395 949 518 983 neque
579 942 681 971 recte
731 940 889 970 autem
951 934 1301 982 (documentum
1364 944 1522 974 autem

111 1007 272 1043 dicant
305 1006 454 1043 statui
489 1006 735 1053 oportere)
767 1018 837 1053 pro
869 1005 948 1040 sed
979 1015 1067 1052 post
1098 1019 1191 1041 uon
1223 1008 1390 1054 ponitur.
1445 1009 1522 1044 Ve-

110 1076 239 1112 niebat.
280 1077 315 1111 in
360 1084 540 1112 mentem:
583 1075 680 1123 qui,
726 1088 861 1123 quum
906 1074 1027 1110 illud
1074 1076 1244 1124 potius
1289 1079 1521 1126 agendum

109 1147 514 1194 cogitandumque
544 1146 621 1190 sit,
663 1173 753 1189 ...7
800 1158 852 1182 ne
892 1146 971 1194 qui
1015 1147 1137 1183 socii
1176 1149 1343 1196 populi
1374 1149 1522 1186 desci-

108 1226 243 1252 scant
274 1221 317 1257 ct
349 1222 397 1258 ut
427 1217 538 1256 novi
572 1216 910 1256 concilientur
951 1217 1001 1265 (P
1046 1225 1090 1254 et
1135 1232 1226 1254 non
1273 1220 1521 1267 uocitent),

107 1287 436 1324 documentum
496 1285 691 1337 [ctiam]
753 1287 914 1323 dicant
973 1289 1121 1325 statui
1173 1296 1404 1338 oportere
1453 1297 1520 1329 etc.

105 1357 206 1393 Tum
250 1361 268 1402 ξ
317 1361 338 1395 6
384 1358 468 1397 (ubi
515 1357 759 1394 continuatur
804 1358 915 1395 Fabii
946 1360 1149 1406 sententia)
1182 1360 1522 1397 WVeissenbornius

106 1440 154 1464 ex
184 1428 217 1464 P
244 1429 413 1477 scripsit:
460 1427 597 1475 Quod
643 1428 681 1464 si
713 1429 846 1465 abire
878 1431 932 1466 ab
963 1431 1190 1467 Romanis
1221 1430 1389 1473 liceat,
1421 1432 1520 1467 red-

105 1498 173 1534 ire
204 1499 260 1534 ad
292 1511 370 1535 eos
401 1512 491 1535 non
522 1499 690 1545 liceat,
724 1500 801 1547 qui
849 1500 985 1548 (vulgo
1020 1501 1108 1545 cui)
1157 1501 1346 1537 dubium
1396 1514 1518 1545 esse,

104 1568 215 1616 quin
250 1567 350 1616 (cod.
385 1576 515 1605 esset
545 1569 642 1617 qui)
690 1570 825 1605 brevi
869 1570 1149 1606 desiderata
1195 1572 1247 1619 (v
1281 1571 1361 1607 sine
1393 1572 1517 1607 varie-

104 1645 182 1675 tate
213 1639 417 1686 deserta)
451 1641 506 1676 ab
529 1640 677 1676 sociis
708 1641 920 1677 Romana
950 1653 1022 1676 res
1061 1641 1346 1678 foederibus
1378 1643 1518 1679 Puni-

105 1709 171 1745 cis
203 1710 300 1758 (cod.
332 1711 558 1759 punieiis)
591 1711 747 1747 omnia
787 1711 830 1747 in
862 1711 1013 1747 Italia
1054 1711 1219 1749 iuncta
1249 1714 1412 1751 visura
1443 1715 1514 1752 sit.

105 1780 180 1816 Sed
224 1793 346 1828 neque
393 1781 678 1817 desiderata
719 1794 793 1817 res
838 1783 1050 1818 Romana
1079 1795 1149 1831 pro
1182 1796 1247 1828 ea,
1292 1785 1350 1820 cui
1382 1785 1516 1821 adiuu-

101 1861 192 1898 gere
222 1862 262 1886 se
292 1852 424 1900 populi
453 1852 631 1900 cupiant,
659 1852 731 1888 dici
763 1852 840 1888 ullo
878 1853 992 1889 modo
1023 1866 1148 1901 neque
1179 1855 1300 1891 omitti
1332 1857 1516 1904 temporis

102 1921 309 1968 superioris
340 1922 567 1970 significatio
605 1928 757 1971 poterat
789 1922 1095 1969 (desiderata
1136 1931 1279 1961 antea
1306 1926 1367 1961 vel
1411 1927 1516 1962 hae-

102 1996 274 2036 tenus),
306 1999 343 2028 et
391 1993 487 2029 alius
534 1993 699 2029 debebat
743 2006 826 2030 esse
872 1994 966 2030 ordo
1009 1995 1214 2030 verborum
1257 1995 1386 2044 (quin
1420 1996 1514 2034 des,

102 2062 336 2099 hactenus
376 2094 411 2101 ..
451 2076 526 2100 res
564 2064 696 2100 brevi
728 2065 835 2111 cet.);
876 2078 964 2101 narn
1008 2066 1143 2101 brevi
1187 2067 1358 2114 praeponi
1405 2067 1518 2104 debet

101 2133 188 2168 voci
231 2134 479 2170 mutationem
521 2134 765 2182 significanti.
853 2136 915 2171 Ex
963 2135 1241 2173 desiderata
1273 2137 1513 2174 efficiendum

100 2203 252 2239 videtur
280 2216 357 2240 non
390 2204 593 2247 deserta,
624 2205 691 2241 sed
722 2205 992 2254 desperata.
1058 2207 1196 2254 Neque
1218 2214 1346 2244 tamen
1367 2209 1515 2254 celabo,

101 2273 193 2310 mihi
222 2280 345 2310 totum
382 2275 454 2311 hoc
485 2275 531 2310 de
574 2288 615 2311 re
655 2277 834 2312 Romana
879 2276 1007 2312 omnia
1052 2277 1087 2312 iu
1134 2278 1249 2313 Italia
1296 2278 1515 2315 foederibus

100 2344 256 2380 Punicis
298 2345 426 2382 iuncta
457 2346 587 2382 visura
629 2345 850 2394 displicere;
895 2358 955 2381 res
1003 2347 1100 2383 enim
1148 2349 1326 2385 Romana
1357 2350 1515 2398 antiquo

100 2425 170 2449 usu
217 2414 395 2462 loquendi
440 2416 533 2452 nihil
580 2416 724 2455 videt.
808 2417 968 2462 Vereor,
1013 2431 1060 2453 ne
1105 2432 1127 2454 a
1173 2419 1284 2456 Livio
1331 2420 1513 2468 scriptum

99 2482 230 2520 fuerit:
278 2482 391 2533 quin
440 2487 594 2531 brevi,
645 2487 914 2534 desperata
957 2501 979 2524 a
1024 2489 1171 2525 sociis
1216 2490 1432 2525 Romana
1461 2503 1514 2532 re,

99 2553 380 2591 foederibus
438 2557 633 2593 Punicis
686 2557 843 2593 omnia
891 2587 926 2594 ..
982 2558 1144 2595 iuncta
1198 2560 1349 2599 visuri
1404 2561 1513 2600 sint.

98 2623 198 2659 Illud
229 2637 303 2661 non
335 2626 490 2663 dubium
523 2634 590 2669 est,
624 2627 713 2675 quin
760 2633 860 2663 recte
911 2640 1031 2676 usque
1077 2630 1124 2665 ad
1160 2637 1330 2665 nostram
1362 2636 1513 2666 aetatem

99 2693 240 2731 editum
272 2696 319 2732 sit
352 2704 388 2732 et
421 2697 481 2733 hic
512 2706 546 2733 et
578 2710 609 2733 c.
642 2699 715 2740 ⁶26,
767 2703 807 2733 15:
856 2698 929 2734 cui
975 2699 1168 2736 dubium
1215 2711 1336 2741 esse,
1385 2701 1513 2748 idque,
