1811 2925
332 171 408 204 Lib.
427 171 562 202 XXIII.
967 172 1043 207 270

298 299 575 342 expugnate
613 291 784 328 Nolam
830 299 900 327 cet.
977 293 1148 329 Pravum
1191 305 1273 329 esse
1317 293 1437 329 enim
1468 291 1714 328 manifestum

304 371 373 409 est,
405 364 464 399 cui
495 376 541 399 ne
575 376 597 399 a
632 362 786 398 comicis
818 363 970 410 quidem
1003 364 1100 400 ullus
1139 364 1244 400 color
1274 365 1415 400 arcessi
1455 368 1601 412 potest;
1643 361 1713 397 sub

300 448 346 470 eo
377 435 497 470 latere
529 448 580 470 en
610 433 727 469 Valla
758 433 954 470 intellexit.
1015 435 1091 472 Sed
1118 434 1230 470 nimis
1260 434 1403 470 infinite
1424 434 1490 470 illa
1519 433 1713 469 dicuntur:

301 506 454 541 minor
489 516 563 540 res
594 511 684 548 θεῖς
716 504 883 540 debebat
911 504 1047 540 saltem
1078 504 1169 541 dici:
1209 505 1361 541 minor
1391 506 1486 541 haec
1517 516 1592 540 res
1625 509 1714 543 esu

299 589 370 613 nee
402 577 449 611 ab
481 576 539 611 his
584 582 685 610 reete
733 582 984 622 separantur,
1028 587 1112 622 quae
1142 583 1369 623 sequuntum
1413 588 1460 611 ex
1505 573 1715 611 coniunctis

303 647 402 682 enim
443 646 596 682 deinum
639 645 761 680 oritur
801 654 906 682 reeta
951 646 1158 681 sententia:
1201 646 1353 682 minor
1389 646 1483 681 haee
1514 658 1591 681 res
1623 651 1716 685 est„

302 718 347 753 in
379 729 471 764 qna
505 716 729 764 experiri
873 715 995 751 volo.
1061 716 1200 764 Itaque
1242 717 1414 753 adhibita
1454 716 1575 752 altera
1605 721 1716 763 parte

302 787 475 823 mendosi
507 786 606 821 illius
640 785 777 830 enini,
812 786 914 833 quod
945 786 1009 821 alii
1041 793 1107 821 aut
1136 787 1273 823 tollunt
1307 794 1370 823 aut
1402 788 1439 823 in
1476 799 1499 821 11
1513 798 1601 821 une
1633 798 1716 821 inu-

303 865 407 903 rant,
452 857 652 905 primaque
686 856 827 892 codicis
859 857 892 892 P
923 857 1113 905 Scriptura
1145 857 1438 906 fflicperiri),
1476 856 1717 893 efficiendum

304 929 471 964 videtur:
511 940 582 969 enq
629 927 673 962 in
717 927 900 963 minore
939 940 986 963 re
1018 928 1236 976 experiri
1266 928 1358 964 vim
1389 929 1718 975 virtutemque

302 999 429 1035 volo.
496 999 673 1043 (XXIV,
707 1000 743 1043 8Ἴ
793 1000 856 1034 13;
898 998 942 1033 in
977 998 1159 1034 minore
1191 1005 1234 1034 te
1265 999 1477 1046 experti,
1520 1000 1567 1036 T.
1602 997 1719 1034 Ota-

304 1070 405 1114 cili,
436 1083 484 1105 re
515 1070 705 1115 sumuS.)

417 1139 512 1188 Cap.
539 1143 602 1183 46,
636 1141 657 1175 9
690 1152 737 1174 ex
768 1140 839 1174 hae
870 1139 1043 1175 codicum
1074 1140 1281 1188 scriptura:
1315 1139 1562 1187 praesidiO,
1595 1140 1721 1187 quod

305 1224 386 1259 per
415 1210 621 1246 hiberna
656 1210 711 1245 ad
742 1209 998 1258 petendum
1028 1209 1182 1245 locum
1215 1210 1336 1245 sat-is
1382 1216 1529 1254 esset,
1568 1210 1722 1245 relie-

305 1288 351 1317 ἰο
380 1294 448 1317 nee
480 1280 705 1316 tuendum
746 1287 847 1316 reete
892 1279 991 1316 effici
1024 1280 1176 1315 videtur
1207 1292 1276 1316 nee
1316 1280 1594 1326 tenendum,
1636 1281 1721 1316 sed:

306 1353 363 1388 ad
394 1351 721 1399 optinendum.

417 1422 512 1470 Cap.
532 1424 594 1467 47,
612 1423 653 1458 8:
686 1421 926 1457 adiiciunt
946 1421 1140 1469 quidam
1163 1420 1364 1456 annales
1388 1449 1397 1459 .
1418 1451 1425 1458 .
1445 1449 1453 1458 .
1480 1420 1721 1469 (Claudium)

314 1523 323 1532 .
343 1491 590 1542 ..patenti
620 1491 830 1527 hostiurn
864 1498 1016 1539 portae
1049 1492 1291 1528 invectum
1316 1504 1400 1539 per
1425 1491 1627 1527 alteram
1650 1518 1660 1529 .
1680 1521 1687 1528 .
1709 1519 1717 1528 .

307 1565 544 1600 intactum
578 1562 808 1599 evasisse.
867 1562 993 1598 Video
1034 1562 1236 1607 adnotari,
1277 1561 1414 1609 saepius
1446 1561 1520 1597 diei
1560 1560 1726 1597 invehi

308 1641 502 1683 portam
538 1633 658 1681 (quod
688 1632 828 1668 falsum
860 1639 932 1677 θεῖς
973 1639 1115 1681 portu
1129 1646 1185 1677 ni,
1228 1634 1387 1668 urbem
1428 1631 1656 1675 invehimur,
1687 1630 1725 1666 in

312 1718 396 1753 qnae
433 1706 635 1749 intramus)
680 1709 747 1738 aut
790 1702 835 1738 in
879 1709 1082 1750 portam.
1155 1703 1232 1740 Sed
1279 1710 1315 1739 et
1360 1703 1407 1738 in
1452 1708 1644 1751 portam
1690 1708 1727 1737 et

311 1782 462 1823 portae
494 1773 699 1815 invehitur,
741 1774 805 1821 qui
835 1773 873 1809 in
905 1786 989 1809 eam
1022 1774 1132 1809 irruit
1162 1781 1199 1810 et
1231 1774 1418 1822 irrumpit³
1459 1781 1500 1808 ut
1530 1778 1727 1820 oppugnet

313 1846 468 1892 vimque
501 1844 620 1881 faciat
649 1846 806 1890 (stin-tzt
827 1844 897 1880 anf
923 1844 992 1879 das
1023 1844 1133 1880 Thor
1162 1844 1256 1891 los);
1289 1844 1352 1891 qui
1383 1857 1452 1892 per
1480 1849 1635 1891 portam
1664 1854 1726 1878 ur-

314 1917 401 1952 bem
434 1916 572 1959 intrat,
616 1921 658 1950 ut
687 1914 872 1951 Claudius
903 1913 1014 1957 feeit,
1053 1914 1084 1949 is
1126 1926 1208 1961 per
1246 1920 1435 1962 portani
1481 1919 1548 1949 aut
1584 1918 1727 1961 porta

312 1987 526 2030 invel1i1ur3
558 1992 594 2021 et
624 1986 696 2021 hoe
729 1984 905 2033 (porta)
945 1984 1096 2020 Livium
1128 1984 1325 2032 scripsisse
1354 1980 1508 2032 putO.¹)

342 2215 370 2258 ¹)
407 2218 448 2248 In
477 2218 553 2248 ioco
586 2219 689 2249 ducto
727 2228 771 2248 ex
802 2217 979 2258 proverbio
1016 2217 1049 2247 in
1081 2217 1099 2257 ἓ
1130 2219 1168 2246 10
1205 2217 1305 2247 valde
1338 2216 1456 2247 dubito
1492 2215 1532 2245 de
1564 2215 1729 2255 scriptura

407 2286 438 2309 et
482 2281 695 2310 enarratione
741 2281 938 2315 verborum·⁷
992 2288 1070 2308 nam
1114 2278 1204 2317 quod
1247 2278 1423 2308 demitte
1469 2276 1729 2316 (demiseris)

407 2341 568 2378 audiunt,
612 2351 732 2381 neque⁷
779 2342 904 2372 omisso
953 2339 1161 2380 imperativo,
1193 2339 1250 2369 sis
1287 2339 1366 2379 poni
1404 2338 1555 2379 potuisse
1599 2338 1730 2367 videtur

407 2402 527 2442 (quum
554 2402 738 2442 praesertim
766 2401 838 2431 haee
865 2400 1077 2431 familiariter
1112 2400 1272 2441 precandi
1310 2399 1420 2430 forma
1454 2410 1515 2441 per
1546 2409 1582 2430 se
1608 2407 1729 2439 parum

406 2470 485 2504 apta
521 2463 687 2504 proverbii
720 2463 876 2493 brevitati
920 2468 952 2493 et
992 2467 1158 2503 praeeepto
1192 2462 1246 2499 sit)
1287 2470 1348 2491 nec
1385 2461 1560 2491 minime
1597 2460 1631 2490 in
1672 2459 1730 2489 tali

409 2534 531 2563 genere
567 2525 712 2564 elliptiee
747 2524 874 2554 vitandi
913 2529 1003 2555 reete
1040 2534 1101 2564 pro
1141 2534 1187 2554 ne
1230 2523 1356 2553 dietum
1399 2532 1481 2553 esse.
1547 2521 1615 2553 Sed
1646 2519 1730 2550 nihil

408 2586 537 2623 melius,
565 2587 654 2627 quod
681 2584 831 2622 afferam,
858 2590 920 2617 est.
