1811 2925
233 110 308 142 Lib.
329 110 458 141 XLIV.
899 112 976 148 558

237 235 354 271 homo
386 233 556 282 alioquin
585 233 739 282 ignotus
753 262 763 278 ,
800 234 824 270 h
835 234 891 271 ab
904 234 978 270 uis
989 246 1006 270 s
1017 247 1037 270 e
1075 234 1224 272 dicitur.
1292 235 1418 272 Paulo
1454 242 1544 284 post
1581 248 1653 284 pro

231 319 258 355 g
269 319 288 342 e
298 319 322 341 n
332 312 376 342 te
404 305 519 353 longe
556 303 697 340 rectius
735 305 873 341 cohors
919 305 1148 354 appellatur.
1221 307 1304 342 Aut
1346 307 1416 343 sub
1460 306 1546 355 ipso
1587 306 1654 343 illo

234 377 387 413 nomine
416 387 596 412 numerus
626 375 748 411 latere
778 375 931 412 videtur
972 377 1021 424 (E
1033 390 1057 425 p
1067 377 1078 413 i
1087 391 1107 414 r
1116 390 1137 413 o
1147 383 1163 413 t
1172 390 1194 414 a
1205 390 1256 414 ru
1266 391 1303 414 m
1334 391 1360 426 q
1370 377 1448 414 uin
1457 389 1484 425 g
1493 390 1513 413 e
1522 390 1547 413 n
1556 384 1571 413 t
1581 390 1603 412 ο
1615 378 1652 421 s)

232 454 298 484 aut
331 447 518 484 excidisse
552 446 651 495 (qui
684 468 698 482 ³1<
730 459 787 482 ex
818 446 1135 495 Epirotarum
1171 455 1313 497 gente
1342 449 1583 497 habebat).

782 733 885 781 Lib.
915 733 1097 782 XLIV.

343 869 439 920 Cap.
473 872 508 916 2,
542 874 582 908 4:
630 871 664 908 P
673 884 692 907 r
701 877 755 907 aet
764 885 786 908 ο
796 885 816 908 r
825 885 845 908 e
894 871 956 919 (C.
997 873 1161 918 Marcio,
1207 872 1272 920 qui
1314 885 1339 909 a
1383 871 1568 910 Chalcide
1614 873 1653 910 in

233 941 477 978 Thessaliam
509 949 681 988 venerat,
712 949 752 979 nt
787 943 946 979 consilio
993 944 1039 980 de
1081 944 1181 981 bello
1224 944 1392 992 gerendo
1435 943 1651 992 interesset)

232 1013 255 1048 d
266 1012 278 1048 i
289 1013 373 1049 mis
385 1025 401 1049 s
413 1025 435 1048 o
448 1041 457 1058 ,
518 1026 537 1050 o
549 1026 570 1049 o
581 1026 632 1049 ns
643 1014 689 1049 ul
745 1014 811 1061 (Q.
858 1015 1029 1051 Marcius
1072 1015 1307 1065 Philippus),
1356 1028 1393 1051 m
1404 1021 1604 1051 enstruu
1615 1029 1652 1052 m

231 1083 364 1119 iusso
404 1084 563 1121 milite
607 1097 765 1122 secum
809 1084 959 1131 ferre,
1015 1086 1268 1134 profectus
1312 1086 1460 1123 decim
1474 1100 1496 1122 ο
1542 1093 1652 1135 post

231 1155 327 1201 die,
359 1168 499 1203 quam
530 1156 802 1193 exercitum
835 1162 1112 1206 acceperat,
1153 1164 1317 1193 castra
1361 1157 1526 1194 movit.
1585 1157 1653 1194 Ad

233 1239 271 1262 m
282 1239 301 1262 e
310 1239 334 1262 n
343 1238 360 1262 s
370 1232 411 1262 tr
421 1239 443 1262 u
453 1239 524 1263 um
556 1227 738 1264 Dukerus
768 1228 951 1264 adscribit
984 1227 1048 1264 ”fr
1057 1241 1080 1264 u
1090 1241 1127 1264 m
1138 1241 1158 1264 e
1167 1241 1190 1263 n
1200 1235 1215 1264 t
1225 1241 1248 1264 u
1258 1241 1296 1264 m
1325 1227 1489 1265 scilicet’'
1502 1255 1511 1273 ,
1558 1227 1652 1276 Lip-

231 1297 329 1332 sium
364 1304 400 1333 et
418 1298 633 1335 Scheelium
659 1305 836 1336 auctores
865 1299 998 1345 citans,
1021 1299 1060 1335 id
1082 1299 1251 1347 intelligi.
1301 1299 1386 1336 Nec
1410 1298 1586 1347 profecto
1612 1298 1651 1334 id

232 1368 389 1405 dubium
421 1375 478 1405 est
492 1382 500 1413 3
542 1370 609 1406 sed
641 1383 876 1418 quamquam
906 1370 1086 1419 frequens
1116 1376 1173 1406 est
1202 1377 1240 1406 et
1268 1369 1451 1406 frumenti
1480 1377 1518 1406 et
1547 1370 1651 1406 ciba—

232 1439 376 1475 riorum
421 1453 444 1475 a
485 1440 668 1477 militibus
698 1448 941 1490 portatorum
973 1441 1128 1486 mentio,
1173 1440 1317 1476 frustra
1346 1446 1477 1477 tamen
1508 1454 1652 1489 quaero,

234 1510 299 1557 qui
333 1510 387 1546 sie
429 1523 465 1546 m
476 1523 528 1547 en
539 1523 556 1547 s
566 1518 580 1547 t
593 1525 644 1548 ru
654 1525 727 1548 um
771 1511 910 1548 dixerit
947 1511 1027 1548 sine
1068 1512 1322 1550 substantivo.
1401 1512 1454 1560 (D
1464 1512 1477 1548 i
1487 1524 1511 1548 u
1521 1525 1539 1547 r
1548 1524 1572 1547 n
1584 1524 1607 1547 u
1617 1523 1654 1546 m

235 1594 257 1617 a
266 1593 285 1617 c
296 1593 315 1617 c
325 1581 336 1617 i
346 1594 370 1630 p
382 1594 401 1617 e
410 1595 429 1618 r
438 1595 458 1618 e
489 1582 535 1618 de
570 1582 691 1618 servis
704 1610 714 1628 7
755 1583 913 1631 proprio
955 1583 1087 1619 addito
1129 1583 1262 1629 verbo,
1309 1583 1498 1621 Senecam
1528 1582 1656 1619 dicere

233 1651 341 1701 scio.)
400 1652 539 1701 Itaque
569 1666 647 1689 non
682 1653 827 1698 dubim,
872 1654 963 1702 quin
993 1654 1120 1702 ipsum
1153 1654 1247 1690 illud
1276 1654 1508 1691 vocabulum
1539 1652 1603 1703 (fr
1612 1667 1654 1690 u-

234 1737 270 1759 m
284 1736 302 1760 e
311 1737 335 1759 n
346 1732 359 1759 t
369 1738 391 1760 u
402 1725 454 1771 m)
486 1730 575 1772 post
605 1737 642 1760 m
655 1737 674 1760 e
684 1737 707 1760 n
718 1737 734 1760 s
745 1731 759 1760 t
768 1739 787 1761 r
797 1738 819 1760 u
831 1738 900 1761 um
934 1725 1118 1761 exciderit
1148 1726 1197 1761 ob
1218 1725 1503 1762 similitudinem
1535 1724 1655 1774 sylla-

235 1795 371 1831 barum
402 1808 438 1831 m
450 1808 470 1831 e
479 1801 621 1831 ntum.
679 1795 781 1832 Illud
811 1809 924 1832 nemo
956 1796 1094 1845 attigit,
1129 1796 1220 1844 quid
1251 1803 1363 1842 esset,
1394 1797 1498 1845 quod
1519 1797 1655 1834 consul

234 1866 399 1913 primum
441 1879 465 1915 p
476 1879 528 1902 ro
538 1866 585 1902 fe
595 1879 614 1902 c
625 1873 637 1902 t
648 1880 671 1902 u
681 1879 698 1902 s
711 1895 720 1912 7
763 1867 899 1903 deinde
937 1867 1085 1903 decimo
1123 1867 1183 1903 die
1225 1880 1244 1904 c
1255 1880 1303 1903 as
1313 1873 1355 1904 tr
1366 1880 1389 1904 a
1436 1882 1473 1905 m
1487 1882 1509 1905 o
1520 1869 1594 1905 vis
1604 1880 1622 1904 s
1635 1881 1655 1905 e

237 1936 426 1973 diceretur
438 1950 446 1981 3
479 1949 550 1985 ego
580 1950 704 1985 nugas
735 1950 818 1974 esse
853 1938 957 1982 dico3
990 1951 1105 1974 unam
1128 1939 1226 1975 enim
1244 1952 1324 1975 rem
1342 1951 1436 1975 esse.
1481 1939 1656 1975 Tenetur

235 2008 589 2045 manifestissimum
610 2008 992 2057 interpretamentum
1023 2012 1063 2058 (p
1074 2023 1123 2046 ro
1134 2010 1178 2046 fe
1190 2023 1209 2046 c
1222 2016 1269 2046 tu
1279 2011 1312 2056 s)
1341 2009 1577 2058 adscriptum
1605 2009 1655 2045 ad

239 2078 261 2113 d
272 2092 292 2114 c
302 2079 342 2115 ci
353 2092 390 2114 m
402 2092 424 2115 o
445 2079 469 2115 d
480 2079 491 2115 i
502 2092 534 2124 e,
551 2091 628 2115 non
643 2079 927 2126 animadverso,
944 2080 1052 2128 sequi
1076 2094 1095 2117 c
1106 2094 1127 2117 a
1139 2086 1242 2117 stra
1268 2093 1305 2116 m
1316 2093 1337 2115 o
1348 2080 1392 2116 vi
1402 2086 1428 2118 t.
1438 2077 1471 2129 ¹)
1503 2080 1655 2117 Eodem

261 2290 290 2334 1)
328 2294 396 2324 Pro
422 2304 481 2331 eo,
521 2296 612 2336 quod
648 2297 801 2336 sequitui·
837 2296 870 2337 (ἓ
896 2296 948 2337 5);
994 2307 1137 2337 quum,
1175 2301 1454 2337 exponerent
1486 2297 1528 2326 in
1555 2305 1656 2326 con-

331 2355 452 2393 silio,
477 2357 705 2398 iussisset,
734 2359 923 2390 rectissime
950 2358 1140 2390 Gronovius
1168 2366 1200 2389 et
1228 2358 1405 2389 Creverius
1430 2367 1655 2399 exponere

331 2418 397 2457 legi
413 2418 601 2451 volucrunt.
638 2419 755 2460 Neque
770 2421 804 2451 in
822 2421 879 2451 tali
897 2432 931 2452 rc
950 2422 1021 2461 (ubi
1047 2432 1115 2453 non
1138 2422 1178 2452 de
1200 2422 1338 2452 decreto
1362 2419 1489 2460 agitur)
1518 2420 1654 2450 Livius:

331 2480 459 2511 iubeo
486 2480 625 2512 faciat
651 2483 743 2523 quis
771 2483 853 2513 dicit
882 2492 1002 2524 neque,
1037 2484 1062 2514 si
1090 2484 1137 2514 ita
1164 2484 1301 2521 diceret,
1326 2482 1386 2513 illo
1410 2482 1527 2512 ordine
1551 2482 1656 2513 verba

330 2543 510 2581 posuisset,
526 2549 572 2581 ut,
587 2545 690 2575 verbo
710 2550 984 2586 exponerent
1011 2545 1165 2576 subiecto
1182 2545 1357 2586 particulae
1375 2543 1509 2585 quum,
1524 2553 1657 2575 summa

332 2609 482 2634 oreretur
515 2606 731 2645 ambiguitas.
794 2607 847 2638 Dc
884 2606 1054 2647 frequenti
1087 2607 1121 2637 in
1148 2607 1214 2637 boc
1241 2606 1357 2637 codice
1383 2607 1504 2637 erroris
1531 2615 1656 2646 genere

333 2666 400 2696 dixi
428 2667 469 2697 ad
495 2666 606 2705 XLII,
634 2672 677 2698 24
703 2679 736 2709 p.
766 2672 853 2708 5193
888 2669 942 2699 hie
969 2669 1105 2709 quidem
1134 2668 1258 2709 ‹lnplcx
1288 2669 1421 2699 errandi
1447 2678 1551 2700 causa
1578 2668 1653 2706 suit,
