1811 2925
848 133 924 169 459
1333 132 1406 163 Lib.
1426 132 1594 164 XXXIX.

176 262 249 298 tur,
266 254 313 290 de
328 252 618 302 comprobando
636 252 984 302 permittendoque,
998 259 1049 295 ut,
1071 254 1174 301 quod
1194 254 1435 302 magistratui
1448 254 1560 291 alicui
1577 268 1598 291 e

177 324 325 373 republ.
360 335 444 360 esse
473 323 663 369 videatur,
694 323 824 364 faciat,
856 336 931 359 non
963 323 1188 372 dicitur—>7
1205 324 1271 360 sed
1287 326 1595 374 comprobationi

177 394 385 431 admodum
418 393 513 430 mire
542 395 615 430 hoc
649 394 910 442 subiungitur:
940 392 1069 429 Illud
1106 394 1384 442 agitabant,
1425 396 1493 432 uti
1525 408 1596 432 co-

176 464 310 500 lonia
339 463 574 512 Aquileia
620 465 952 501 deduceretur.
1029 465 1177 512 Aperte
1207 465 1306 500 enim
1351 464 1596 513 (pronomine

176 534 291 570 etiam
333 546 418 570 cum
450 535 620 583 pondere
650 536 759 571 initio
789 532 933 583 posito)
972 534 1232 582 significatur,
1275 542 1448 571 senatum
1481 536 1597 572 aliam

176 618 254 642 rem
294 605 431 641 Istrico
471 605 571 641 bello
605 604 909 654 praevertendam
960 604 1166 653 potiusque
1211 605 1356 641 consuli
1406 606 1595 653 agendam

177 674 381 711 censuisse.
458 675 582 723 quue
627 675 827 724 perspicue
871 676 1119 711 confirmatur
1162 675 1341 723 proximo
1385 675 1510 723 capite
1549 675 1599 724 (c.

177 748 241 789 56,
273 745 333 791 3):
374 746 430 785 Ex
473 745 617 785 lstria
660 746 714 783 M.
746 745 1006 781 Marcellus
1048 748 1334 789 revocatus,
1392 745 1597 781 dimisso

177 816 425 861 exercitu,
472 816 667 852 Romam
716 815 1023 851 comitiorum
1070 828 1217 851 causa
1260 815 1427 861 rediit3
1474 828 1597 863 neque

177 886 383 934 quicquam
415 886 462 921 de
493 886 630 922 Isti-ico
665 885 777 930 bello,
812 886 915 933 quod
945 887 1093 922 senatui
1124 886 1186 922 hic
1226 885 1416 934 placuisse
1448 885 1597 930 dieitur,

180 962 269 992 ante
301 963 496 999 narratur,
528 968 642 1003 quam
674 955 746 1004 ipsi
777 956 867 992 Istri
899 956 1326 1004 coloniamAquileiam
1359 956 1493 992 deduci
1510 969 1599 1005 pro—

180 1026 312 1062 hibent
343 1027 449 1072 (XL,
481 1026 561 1071 26).
627 1027 820 1074 Apparet,
851 1026 1000 1074 opinor,
1022 1025 1174 1062 Livium
1208 1026 1425 1074 scripsisse:
1455 1027 1508 1063 Id
1529 1040 1600 1063 se—

176 1096 312 1132 natui
342 1096 463 1137 haud
496 1095 694 1144 placuit.
754 1096 882 1133 Illud
913 1097 1197 1145 agitabant.
1230 1098 1299 1133 uti
1334 1093 1448 1144 eet.¹)

777 1392 878 1439 Lib.
915 1393 1022 1441 XL.

287 1539 383 1588 Cap.
417 1541 453 1584 8,
491 1543 536 1577 14
573 1541 626 1588 (in
659 1542 833 1578 oratione
867 1541 1037 1590 Philippi
1070 1542 1118 1578 ad
1149 1542 1287 1589 filios):
1318 1543 1415 1579 Iam
1456 1544 1596 1592 (posui,

174 1610 247 1646 hoc
279 1618 348 1654 est,
378 1612 701 1653 commemoravi)
739 1613 823 1648 hos
853 1613 1112 1649 Eumenem
1144 1612 1465 1661 Attalumque
1495 1614 1594 1650 fra-

174 1689 287 1725 tres,
319 1693 343 1716 a
373 1693 514 1728 quam
546 1681 742 1729 exiguis
772 1684 930 1726 rebus.
961 1695 1114 1732 prope
1151 1689 1201 1718 ut
1229 1684 1436 1731 puderet
1469 1684 1596 1733 regii

174 1750 407 1796 nominis,
450 1751 584 1796 mihi,
635 1752 884 1788 Antiocho
923 1759 967 1789 et
1007 1753 1211 1790 cuilibet
1248 1767 1411 1802 regum
1455 1755 1595 1791 huius

172 1821 332 1857 aetatis
375 1822 508 1858 nulla
548 1835 598 1858 re
638 1823 790 1871 magis
831 1835 968 1870 quam
1010 1823 1234 1861 fraterna
1264 1825 1595 1862 unanimitate

173 1903 372 1940 regnum
410 1905 569 1940 aequas
584 1905 643 1929 se.
717 1894 802 1930 Nec
844 1894 892 1929 ad
924 1899 1046 1930 totam
1092 1895 1277 1931 orationis
1318 1895 1486 1932 formam
1525 1908 1595 1932 nec

174 1961 223 1996 ad
255 1962 467 1999 subiectam
499 1963 729 2012 particulam
760 1970 808 2000 ut
837 1964 922 2000 ullis
948 1965 1134 2000 machinis
1153 1966 1439 2002 accommodari
1467 1972 1594 2015 potest

173 2032 464 2069 exclamationis
508 2033 575 2069 illa
622 2040 660 2069 et
689 2033 954 2071 admirationis
998 2036 1146 2083 figura,
1192 2048 1275 2083 quae
1310 2050 1387 2073 una
1419 2037 1594 2073 adhiberi

173 2102 302 2150 aliquo
340 2104 456 2139 modo
502 2103 654 2139 videtur
683 2116 798 2152 posse
838 2104 886 2140 ad
929 2117 1065 2152 quam
1106 2112 1193 2141 ante
1230 2108 1420 2156 exiguis
1451 2108 1593 2144 rebus

197 2330 230 2374 ¹)
265 2333 349 2376 Cap.
378 2337 432 2372 54,
463 2338 502 2365 12
529 2335 769 2375 expellendum
797 2344 872 2366 esse
899 2345 1038 2375 quam,
1067 2338 1156 2377 quod
1184 2337 1343 2377 Sigonius
1378 2348 1398 2368 a
1424 2338 1594 2368 sententia

267 2396 430 2426 aberrans
457 2396 598 2433 addidit,
625 2397 724 2427 ceteri
750 2402 877 2434 tenent,
902 2403 992 2427 recte
1017 2396 1196 2430 Creverius
1222 2398 1399 2430 intellexit.
1449 2397 1591 2428 Denun-

267 2456 420 2495 tiationi,
458 2463 494 2488 ut
521 2457 645 2488 Gallici
679 2457 795 2498 populi
833 2458 1084 2490 multitudinem
1120 2469 1217 2491 suam
1256 2460 1347 2490 domi
1383 2459 1591 2496 contineant,

266 2518 383 2548 addita
408 2519 629 2550 comminatio
656 2524 724 2549 est:
763 2519 903 2559 Alpes
924 2530 1058 2561 prope
1084 2521 1404 2562 insuperabilis
1430 2520 1536 2551 finis
1557 2521 1593 2550 in

267 2579 408 2610 medio
436 2586 510 2612 est.
557 2579 649 2611 Non
678 2581 830 2620 utique
856 2581 1013 2613 melius
1040 2582 1100 2612 iis
1120 2582 1205 2613 erit
1230 2582 1369 2620 (malum
1387 2582 1595 2622 habebunt),

267 2641 339 2680 qui
366 2650 438 2672 eas
463 2641 587 2682 primi
615 2641 798 2682 pervias
820 2641 1014 2673 fecerint.
