1811 2925
816 139 865 175 63
1359 138 1432 168 Lib.
1460 137 1503 168 ΙΙ.

137 274 446 310 unumquemque
500 274 547 297 ex
592 261 649 297 his
695 262 873 298 trecentis
923 274 1010 306 sex,
1060 260 1274 297 senioribus
1319 261 1553 297 iunioribus-

137 346 234 383 que,
308 332 482 369 onmibus
534 340 662 368 tamen
722 333 914 369 nobilibus
966 332 1077 377 viris,
1135 332 1370 368 senatorium
1425 332 1551 369 locum

136 405 232 441 tueri
264 404 448 453 potuisse.
482 409 533 448 ut,
565 403 596 439 si
626 416 701 439 non
733 403 892 439 militum
924 415 1075 451 agmen,
1107 403 1174 439 sed
1204 411 1359 440 senatus
1376 404 1438 441 ille
1460 404 1553 442 suis-

135 483 205 521 set,
236 475 329 511 nihil
358 475 561 523 quisquam
592 475 629 510 in
661 487 706 511 eo
738 475 785 510 ad
817 474 1041 522 dignitatem
1072 474 1323 522 requisiturus
1340 475 1451 520 foret,
1483 477 1552 513 mi-

134 548 242 584 litum
275 554 400 583 autem
433 559 586 581 manum
627 558 711 582 eam
742 546 879 589 fuisse,
927 558 1010 593 quae
1042 559 1090 581 ex
1120 546 1234 582 meris
1265 547 1425 583 ducibus
1464 560 1554 584 con-

136 626 240 655 stare
270 618 476 655 videretur.
555 619 687 664 Atque
730 618 827 653 hanc
874 617 1099 652 sententiam
1144 630 1167 652 a
1199 617 1309 653 Livio
1342 618 1554 667 Eutropius

138 690 297 739 sumpsit
330 691 383 735 (1.
430 687 513 737 14>2
564 688 644 736 qui
689 687 871 736 singuli
919 700 1198 736 magnorum
1245 689 1554 726 exercituum

138 762 284 798 duces
316 772 424 796 esse
455 760 706 797 deberent:
758 758 864 795 cuius
913 758 1128 795 imitatione
1169 759 1338 796 nondum
1381 760 1555 796 animad-

137 845 263 876 versa,
296 832 377 880 ipsa
409 845 469 867 me
500 831 573 867 loci
604 829 756 866 Liviani
787 829 1044 866 consideratio
1076 830 1153 874 bis,
1184 830 1313 866 multis
1346 831 1556 868 interiectis

139 904 259 947 annis„
291 902 499 945 admonuit,
531 908 571 937 ut
600 901 826 937 scriberem:
877 913 1076 948 quorum
1115 900 1352 937 neminem
1392 903 1556 939 ducem

139 986 404 1023 sperneres,
426 973 654 1021 egregius
687 972 989 1020 quibuslibet
1011 971 1313 1019 temporibus
1345 979 1554 1010 senatus.

138 1047 223 1082 Iani
261 1051 434 1093 apparet,
465 1044 615 1080 cui-illa
646 1043 952 1091 quibuslibet
982 1043 1289 1091 temporibus
1313 1042 1556 1092 addanturl).

139 1115 337 1163 (Senserat
368 1115 512 1163 aliquid
538 1115 648 1163 pravi
679 1115 835 1151 subesse
853 1113 1111 1161 Tanaquillus
1142 1114 1284 1157 Faber,
1315 1115 1431 1151 honio
1463 1128 1553 1151 acu—

138 1194 211 1229 tus,
243 1186 307 1235 qui
337 1199 407 1235 pro
438 1194 635 1222 senatus
667 1185 781 1222 scribi
797 1185 974 1221 voluerat
1004 1184 1272 1229 exercitus,
1293 1185 1557 1234 licenter-pro-

139 1257 252 1295 fecto.
317 1258 414 1294 Sunt
445 1257 619 1305 quaedam
652 1256 878 1293 coniecturae
907 1268 1034 1304 perse
1064 1268 1224 1305 prorsus
1240 1256 1505 1304 improbandae
1523 1263 1558 1293 et

139 1335 267 1363 tamen
299 1340 375 1363 non
407 1327 527 1375 inepti
555 1328 683 1364 iudicii
714 1327 888 1374 indices.)

251 1398 347 1447 Cap.
389 1401 461 1443 51,
508 1401 518 1434 l
563 1398 868 1435 emendationem
913 1412 936 1435 a
978 1412 1039 1435 me
1081 1399 1129 1434 ad
1171 1398 1249 1435 Cic.
1280 1398 1366 1434 Fin.
1404 1412 1441 1447 p.
1481 1400 1556 1435 537

138 1470 376 1519 propositam
409 1469 562 1517 (quum
605 1470 698 1505 haec
731 1476 935 1518 accepta
980 1470 1148 1506 clades
1187 1476 1256 1505 est
1299 1483 1370 1518 pro
1413 1472 1557 1519 esset)

138 1541 476 1577 Weissenbornius
508 1547 545 1575 et
564 1540 744 1577 Hertzius
775 1541 893 1577 secuti
924 1547 1024 1577 sunt.
1090 1541 1167 1577 Sed
1198 1541 1274 1577 alia
1295 1540 1387 1576 mihi
1416 1541 1454 1577 in
1486 1542 1560 1577 1100

141 1611 264 1660 capite
294 1611 434 1647 multos
464 1611 541 1647 iam
571 1623 693 1647 annos
724 1612 840 1647 haeret
868 1611 906 1647 in
939 1612 1066 1648 animo
1098 1612 1286 1660 suspicio,
1319 1624 1434 1660 quam
1464 1625 1559 1660 quo-

141 1682 243 1718 niam
282 1682 417 1719 sedare
454 1690 490 1719 et
518 1682 654 1719 eiicere
682 1695 758 1718 non
788 1682 908 1731 potui,
939 1695 1128 1731 promam,
1159 1683 1225 1718 sed
1256 1683 1460 1719 subtimide
1489 1695 1558 1719 nec

141 1758 182 1788 ut
212 1765 297 1788 cum
329 1754 475 1798 ceteris,
516 1766 611 1801 quas
641 1766 830 1801 proponQ
861 1754 1088 1790 coniecturis
1119 1766 1277 1802 prorsus
1308 1754 1442 1790 eodem
1472 1754 1558 1791 loco

140 1823 273 1859 haberi
293 1823 420 1862 velim.
472 1826 575 1862 Nam
598 1825 702 1873 quod
723 1828 740 1869 ξ
764 1827 786 1860 4
806 1824 988 1860 Veientes
1007 1825 1184 1861 dicuntur
1213 1825 1346 1860 velut
1369 1826 1426 1861 ab
1451 1838 1558 1862 arce

140 1894 358 1931 Ianiculi
406 1896 582 1944 passim
624 1895 667 1931 in
712 1896 976 1932 Romanum
1025 1908 1188 1944 agrum
1230 1895 1439 1944 impetus
1487 1896 1558 1931 de-

141 1965 290 2010 disse,
335 1966 384 2006 id,
417 1966 598 2015 quoniam
629 1978 764 2014 reapse
797 1966 902 2002 nulla
932 1966 1003 2002 fuit
1033 1966 1197 2003 Ianiculi
1227 1979 1316 2011 arx,
1361 1967 1557 2014 quomodo

141 2036 299 2085 intelligi
329 2038 486 2083 debeat,
533 2038 737 2074 obscurum
779 2050 857 2073 non
889 2043 958 2074 est.
1046 2038 1121 2075 Sed
1155 2050 1226 2086 pro
1261 2050 1318 2083 eo,
1351 2038 1454 2085 quod
1484 2044 1558 2074 est:

143 2108 199 2143 ab
238 2108 462 2144 Ianiculo
501 2108 633 2144 velut
674 2108 733 2144 ab
771 2120 902 2153 arce,
948 2109 1148 2145 dieaturne
1184 2108 1324 2144 velut
1361 2108 1416 2144 ab
1447 2120 1559 2144 arce

140 2179 354 2215 Ianiculi
399 2179 517 2227 (quod
560 2179 681 2227 magis
721 2179 876 2214 alterius
913 2179 987 2215 loci
1018 2192 1102 2215 curn
1144 2192 1232 2216 arce
1261 2178 1423 2216 Ianiculi
1454 2191 1557 2215 com—

141 2251 382 2298 parationem
431 2250 645 2298 significare
687 2249 879 2297 videtur),
928 2262 1004 2285 non
1051 2250 1190 2286 iniuria
1228 2250 1394 2286 dubitari
1444 2262 1558 2298 posse

142 2321 269 2357 credo.
348 2321 486 2368 Itaque
522 2321 727 2356 videndum
752 2327 867 2369 puto,
909 2334 955 2357 ne
986 2321 1118 2358 Livius
1157 2322 1230 2358 hoc
1259 2321 1344 2357 loco
1376 2320 1558 2369 loquendi

142 2391 267 2428 forma
307 2404 396 2428 usus
434 2391 481 2427 sit
522 2391 624 2440 apud
655 2391 815 2428 Graecos
845 2392 883 2428 in
922 2392 1112 2440 particula
1162 2385 1242 2438 οἷς,
1291 2385 1437 2443 ὥςπερ
1481 2393 1557 2428 fre-

166 2610 198 2655 1)
242 2615 339 2646 Hane
373 2616 644 2646 emendationem
681 2615 836 2646 Hertzius
873 2615 914 2645 ab
951 2614 1164 2655 Ingerslevio
1190 2621 1359 2655 sumptam
1397 2614 1431 2644 in
1459 2619 1556 2645 textu

235 2677 359 2717 posuit.
