1811 2925
313 145 533 178 Lib.XXVI.
936 149 1013 183 306

265 274 308 304 et
349 280 456 303 num
500 280 592 316 ope
631 281 792 305 eorum
840 267 885 303 in
927 268 1055 304 bello
1087 269 1247 305 forent
1287 270 1683 320 eadmunicipi0—-

265 351 363 373 rum
395 338 568 377 adiuti.
600 351 676 375 non
708 345 827 382 muto,
857 350 971 386 quam
1004 338 1107 384 olim,
1138 352 1253 387 quum
1276 340 1323 376 de
1352 339 1511 377 coloniis
1532 342 1678 378 Roma—

265 408 321 443 nis
365 407 558 456 disputavi
600 409 762 458 (Opusc.
794 410 868 446 Ac.
901 409 920 445 Ι
957 421 994 457 p.
1026 410 1104 445 239
1137 411 1259 456 non),
1296 411 1407 459 posui
1437 412 1678 457 sententiam,

264 491 338 514 nou
370 478 493 515 solum
526 479 646 516 altero
678 480 782 525 loco,
825 479 891 515 sed
921 485 1085 527 utroque
1123 479 1332 516 tollendum
1364 492 1447 517 esse
1484 482 1677 519 munici-

264 548 451 596 piorum
483 556 605 586 ortum
631 564 677 587 ex
709 563 731 586 n
744 563 812 586 um
846 562 932 598 ope
953 562 1112 585 eorum
1136 550 1478 597 (quemadmodum
1495 552 1676 598 XXVII,

268 620 338 663 11,
393 622 434 656 ll
484 620 541 656 bis
569 620 747 657 scribitur
783 632 965 669 pravum,
1015 619 1132 655 semel
1161 620 1349 668 rectum),
1398 627 1440 657 ut
1469 622 1677 663 scribatur:

263 701 362 725 cum
406 689 587 738 aliquis
627 691 870 727 sociorum
912 689 1077 726 Latini
1118 691 1326 726 nominis
1367 697 1414 727 et
1455 704 1558 727 num
1590 704 1676 741 ope

263 772 424 796 eorum
463 759 508 796 in
552 760 682 796 bello
728 759 892 796 forent
926 760 1094 796 adiuti.
1168 761 1271 797 Nam
1317 762 1421 809 quod
1470 761 1677 811 municipia

262 830 448 867 eiusmodi
480 830 688 879 significari
718 830 874 875 volunt,
913 842 996 878 quae
1037 830 1231 867 civitatem
1270 831 1351 868 sine
1388 830 1573 880 suffragio
1602 832 1675 868 ha-

262 901 430 942 buerint,
469 914 592 949 neque
630 901 708 937 ulla
754 906 811 937 est
852 899 889 935 in
931 901 1067 936 horum
1113 907 1327 950 temporum
1367 902 1529 938 historia
1562 901 1674 938 huius

261 971 410 1020 generis
441 971 759 1020 municipiorum,
788 982 872 1019 quae
906 970 1039 1006 Livius
1070 983 1259 1019 nusquam
1294 972 1449 1008 omnino
1487 985 1511 1008 a
1540 972 1674 1008 ceteris

261 1042 467 1090 cogitando
498 1042 751 1079 scribendove
782 1040 966 1077 secrevit.
1014 1049 1195 1088 separata
1226 1043 1366 1078 mentio
1397 1042 1674 1091 significatiove

260 1118 443 1160 tanquam
479 1112 614 1148 animis
645 1111 856 1158 studiisque
886 1124 910 1147 a
946 1111 1080 1148 ceteris
1110 1113 1365 1148 seiunctorum
1387 1112 1471 1161 (etsi
1489 1113 1674 1148 debuerat

260 1182 426 1219 fortasse
457 1182 589 1219 Livius
633 1182 680 1218 de
719 1182 793 1217 hoc
824 1181 962 1218 civium
993 1194 1132 1230 genere
1173 1182 1211 1218 in
1242 1181 1527 1230 Campanorum
1558 1181 1672 1217 rebus

260 1252 460 1300 cogit-are),
507 1265 630 1301 neque
682 1265 728 1288 ea
757 1251 870 1288 sociis
916 1257 952 1287 et
980 1251 1128 1288 Latinis
1172 1252 1352 1300 postponi
1397 1257 1575 1300 poterant
1607 1263 1673 1286 ne-

261 1335 333 1370 que
364 1322 574 1358 idnomen
606 1322 686 1358 sine
722 1321 913 1370 particula
950 1321 1062 1358 adiici
1099 1322 1341 1358 sociorum
1379 1321 1545 1358 Latini
1591 1333 1674 1357 no-

259 1394 398 1430 minis
429 1399 591 1441 receptae
628 1391 888 1440 appellationi.
949 1392 1000 1428 Et
1030 1392 1133 1427 solos
1160 1392 1286 1428 soc-ios
1316 1391 1533 1428 nominatos
1556 1390 1674 1427 fuisse

260 1464 437 1509 ostendit,
469 1464 572 1512 quod
602 1463 791 1511 sequitur:
823 1469 869 1498 ut
900 1463 1304 1499 sollicitarentur
1351 1491 1388 1500 ..
1426 1460 1669 1497 sociorum

259 1535 478 1571 fidelium
527 1533 684 1569 animi.
750 1533 849 1569 Livii
888 1534 1016 1570 animo
1047 1534 1085 1569 in
1115 1532 1277 1569 historia
1303 1532 1392 1570 belli
1425 1530 1673 1568 Hannibalici

259 1605 402 1641 nullum
432 1604 530 1640 inter
561 1603 663 1640 cives
697 1609 734 1639 et
763 1603 889 1639 socios
923 1605 1073 1640 tertium
1105 1616 1228 1652 genus
1260 1603 1455 1639 hominum
1497 1600 1672 1637 interiec-

258 1682 337 1711 tum
369 1674 592 1718 occurrisse,
623 1674 875 1710 certissimum
908 1680 976 1710 est.

370 1743 468 1793 Cap.
504 1747 548 1781 17
567 1772 575 1784 ,
621 1747 641 1780 5
674 1756 759 1792 sqq.
790 1743 1016 1780 Hasdrubal
1045 1743 1279 1779 Hamilcaris
1308 1742 1408 1779 filius
1438 1748 1618 1778 narratur
1649 1756 1672 1778 a

260 1816 303 1852 C.
332 1816 489 1852 Nerone
518 1815 556 1851 in
583 1814 682 1850 saltu
712 1814 843 1862 aliquo
874 1813 1041 1849 inclusus
1079 1813 1322 1861 promisisse,
1362 1812 1395 1848 si
1431 1812 1519 1849 inde
1559 1813 1671 1849 emis-

259 1899 322 1922 sus
354 1886 465 1931 foret,
496 1898 537 1921 se
568 1885 778 1921 exercitum
812 1897 861 1920 ex
893 1883 1085 1932 Hispania
1118 1883 1421 1931 deportaturum.
1476 1882 1556 1929 (Sic
1571 1882 1669 1918 enim

260 1957 517 1993 scribendum:
545 1955 653 1991 inde
698 1955 907 1991 emissus
937 1966 1027 2002 pro:
1059 1953 1167 1989 inde
1208 1953 1412 1996 missus.)
1472 1953 1574 1988 Tum
1617 1952 1671 1988 sic

260 2027 436 2064 scribitur
467 2026 519 2072 (in
551 2026 583 2062 P
616 2031 653 2062 et
683 2025 817 2062 ceteris
848 2025 971 2068 codd„
1002 2024 1171 2073 exceptis
1200 2023 1333 2072 paucis
1363 2021 1670 2071 recentissimis):

261 2098 405 2145 Quam
451 2109 545 2132 rem
593 2108 692 2132 cum
738 2096 850 2131 laeto
889 2094 1046 2130 animo
1086 2094 1331 2130 Romanus
1370 2093 1671 2142 accepisset,

262 2168 389 2204 diem
420 2172 668 2215 posterum
700 2164 951 2201 Hannibal
988 2163 1255 2211 conloquio
1288 2163 1477 2211 petivit,
1498 2170 1547 2199 ut
1576 2164 1672 2200 Ro-

262 2251 379 2274 mam
419 2237 555 2284 leges
602 2236 1038 2272 conscriberentur
1082 2234 1136 2269 de
1183 2232 1436 2269 tradendis
1478 2233 1681 2270 arcibusv

262 2307 446 2344 urbium
477 2312 546 2343 cet.
618 2306 730 2353 Quod
755 2305 870 2352 vulgo
902 2304 1108 2347 edebatur,
1138 2304 1267 2339 nescio
1298 2316 1321 2339 a
1351 2315 1426 2351 quo
1458 2308 1672 2339 correctore

261 2378 473 2413 inventum:
510 2375 715 2412 Romani
754 2404 792 2413 ..
831 2374 1232 2417 conscriberent,
1275 2371 1478 2407 manifesto
1509 2384 1671 2419 pravum

263 2454 330 2492 est,
363 2446 541 2494 quoniam
574 2445 799 2482 Hasdrubal
828 2458 904 2481 non
938 2445 1029 2480 solis
1059 2442 1244 2480 Romanis
1276 2441 1360 2487 (vel
1390 2441 1516 2489 potius
1547 2442 1671 2478 Nero-

263 2520 317 2566 ni)
353 2519 550 2555 arbitrium
581 2517 683 2565 leges
714 2512 1246 2562 conscribendipermissurus
1262 2517 1365 2554 erat3
1395 2511 1526 2558 itaque
1549 2511 1672 2547 lVeis-

263 2589 486 2626 senbornius
517 2587 598 2624 tolli
627 2589 824 2624 Romam
857 2583 997 2628 voluit,
1028 2583 1131 2630 quod
1162 2581 1262 2617 unde
1292 2587 1416 2617 ortum
1453 2580 1512 2624 sit,
1560 2593 1672 2616 nemo

263 2659 411 2695 dixerit.
457 2657 709 2694 Scribendum
741 2661 841 2691 erat:
873 2660 920 2689 ut
955 2664 1112 2692 corum
1142 2652 1275 2699 leges
1300 2650 1671 2687 conscriberen-
