1811 2925
768 135 842 171 207

103 265 138 295 et
170 269 285 294 voces
319 257 368 294 ad
399 256 598 306 proximus
629 269 741 301 casu,
785 269 947 305 genere,
987 267 1146 291 numero
1178 255 1518 291 accommodantur

103 330 163 375 (ut
192 328 354 372 XXIII,
398 328 461 371 33,
507 328 573 363 12:
615 340 713 364 cum
747 327 923 374 quibus
954 325 1149 374 regibus
1183 337 1252 373 pro
1284 336 1382 360 eum
1414 324 1517 372 qui-

104 401 188 436 bus
219 399 339 447 regi,
379 398 444 434 ubi
490 398 632 434 inutilis
671 404 707 433 et
743 398 947 433 verborum
980 396 1113 432 ordine
1143 408 1266 444 prava
1303 401 1358 431 cst
1390 395 1518 431 lVeis-

104 469 296 506 senbornii
327 469 558 513 coniectura,
604 469 808 512 XXVIII,
851 468 914 512 33,
955 469 1022 504 16:
1054 466 1108 502 ad
1140 473 1322 514 partem
1354 477 1519 515 pugnae

105 539 413 588 capessendae
461 553 531 588 pro
571 534 939 588 capessendam,
979 536 1119 579 XXX,
1152 536 1225 579 32,
1265 537 1307 571 2:
1347 536 1520 584 quibus

106 611 322 646 advcrsae
359 622 526 659 pugnae
571 609 770 646 fortuna
817 608 995 645 fuisset
1038 620 1107 656 pro
1153 606 1380 649 adversa,
1417 612 1458 641 ut
1488 605 1520 644 Ι.

106 681 330 718 Perizonius
362 688 398 717 et
437 681 617 717 Dukcrus
658 679 899 716 scribendum
943 678 1141 721 viderunt3
1186 675 1522 713 lVeissenbornius

106 764 236 800 pravae
258 751 455 800 scripturae
478 758 590 787 rectae
613 750 747 786 formae
770 750 948 798 exempla
970 756 1156 797 tanquam
1185 747 1323 783 similia
1345 746 1522 795 apponit;

107 823 248 864 XXII,
289 823 355 866 12,
402 822 423 857 2
456 821 702 856 detineret
746 833 816 868 pro
862 820 1157 864 detinerent,
1205 818 1307 867 quod
1353 816 1525 865 sequitur

109 892 446 942 oppugnaret),
490 899 525 927 ct
557 891 692 927 littcrae
734 898 769 926 ct
811 890 969 939 syllaba}
1011 890 1114 926 omni
1155 902 1294 937 genere
1334 888 1447 924 etiam
1485 887 1523 923 in

109 963 234 999 verbis
266 962 473 998 notissimis
502 968 768 1010 permutantur
809 968 846 996 et
876 959 1161 996 confunduntur
1199 962 1255 1005 (ut
1287 958 1428 998 XXII,
1461 959 1524 995 23.

110 1036 131 1069 9
174 1030 1273 1080 caucalcgiquaeratratectainstituiseserant,
1331 1041 1378 1064 ex
1425 1041 1524 1075 quo.

109 1105 230 1140 altera
273 1116 389 1139 manu
419 1103 456 1139 in
489 1104 520 1139 Ρ
551 1109 765 1151 praeeunte,
813 1102 851 1137 in
883 1100 958 1137 CM
1004 1100 1139 1136 ceteris
1180 1107 1340 1136 ortum:·
1373 1110 1526 1147 pauca

109 1175 205 1223 legi
237 1187 329 1222 qua.
359 1180 460 1210 erat
491 1180 620 1209 tecta
649 1172 844 1208 institui
879 1177 1136 1207 senserant
1157 1184 1246 1219 pro:
1276 1182 1428 1219 pauca
1458 1182 1525 1205 re-

110 1245 325 1293 liquerat
354 1250 503 1289 tecta,
534 1244 579 1280 in
610 1243 808 1279 stativis
839 1247 997 1286 erant,
1031 1242 1133 1289 quod
1162 1241 1385 1279 Gronovius
1419 1240 1527 1276 resti-

110 1313 245 1363 tuit.).¹)
296 1316 342 1352 In
368 1328 443 1363 quo
472 1315 563 1351 illud
583 1315 785 1363 diligenter
815 1313 1198 1349 animadvertendum
1232 1319 1299 1357 est,
1329 1311 1526 1348 librarium

111 1399 188 1422 non
217 1398 321 1430 raro,
349 1386 452 1432 dum,
484 1386 634 1422 omissis
664 1386 877 1422 litterarum
910 1384 1086 1420 ductibus
1115 1390 1152 1419 ct
1183 1383 1278 1419 aciei
1308 1382 1528 1426 intentione,

111 1457 275 1505 speciem
320 1457 447 1492 animo
487 1457 656 1493 oblatam
700 1456 827 1492 Latini
862 1455 969 1491 verbi
1009 1460 1253 1501 sequeretur,
1294 1453 1408 1489 etiam
1440 1465 1525 1488 cum

112 1527 346 1576 syllabarum
377 1527 612 1564 detractione
643 1532 681 1562 et
707 1525 933 1569 adiectione,
966 1537 1011 1561 ea
1042 1523 1226 1567 effecisse,
1259 1535 1341 1570 quae
1364 1529 1525 1558 mentem

114 1611 137 1633 a
167 1610 258 1633 vero
288 1597 402 1645 longe
435 1598 629 1634 abducant
659 1603 696 1632 et
727 1609 811 1644 quae
842 1608 918 1631 non
958 1595 1038 1631 sine
1068 1595 1179 1643 gravi
1220 1600 1254 1630 et
1296 1593 1418 1629 libera
1448 1605 1527 1629 me-

114 1668 237 1704 dicina
281 1667 474 1716 corrigas,
518 1668 630 1715 quale
669 1667 737 1710 (ne
779 1679 892 1702 vero
937 1672 973 1702 et
1002 1665 1186 1715 praemii
1225 1677 1273 1700 ex
1305 1663 1412 1699 initio
1443 1662 1529 1698 libri

115 1740 243 1776 XXII
273 1751 592 1783 commemorem,
637 1750 721 1785 quae
764 1737 893 1774 facilia
923 1741 1030 1780 sunt)
1071 1742 1127 1771 est
1158 1736 1197 1771 in
1229 1735 1370 1779 XXII,
1414 1735 1473 1778 16,
1506 1735 1528 1769 4

116 1811 319 1846 fortunae
350 1809 501 1845 minas
531 1821 652 1844 saxa
691 1821 761 1856 pro
803 1807 1069 1844 Formiana
1106 1818 1242 1850 saxa,
1287 1803 1529 1840 emendatum

117 1893 139 1916 a
177 1880 368 1917 Sabellico
414 1879 497 1918 (ubi
535 1893 663 1924 error,
709 1879 904 1927 geminato
945 1890 985 1922 s,
1038 1876 1164 1924 coepit
1196 1889 1218 1911 a
1262 1874 1446 1911 mianas
1491 1873 1529 1908 in

118 1951 267 1986 minas
308 1957 476 1994 mutato,
517 1950 654 1986 deinde
686 1950 763 1985 iam
803 1947 1099 1996 interpolatione
1144 1946 1193 1981 ad
1225 1957 1392 1981 errorem
1425 1954 1532 1979 acce-

119 2021 241 2065 dente,
273 2033 321 2056 ex
351 2020 426 2056 for
454 2019 598 2056 factum
629 2025 687 2055 est
716 2018 943 2062 fortunae)
989 2023 1025 2053 et
1056 2016 1179 2052 minus
1221 2016 1382 2059 mirum,
1431 2013 1533 2062 quod

119 2098 246 2127 tamen
276 2092 460 2127 hactenus
489 2090 643 2135 fefellit,
688 2090 837 2133 XXII,
875 2092 943 2133 14,
989 2091 1030 2124 Η
1074 2099 1203 2122 arma
1233 2098 1303 2134 pro
1336 2084 1535 2123 armari,

121 2168 157 2198 ct
190 2162 338 2198 maiora
369 2161 683 2209 difficilioraque,
729 2174 812 2209 quae
842 2160 906 2196 lib.
941 2157 1101 2201 XXIV,
1134 2159 1198 2200 45,
1232 2158 1252 2192 3
1286 2162 1322 2191 et
1354 2158 1375 2191 4
1408 2166 1535 2190 emen-

122 2232 222 2268 dabo
255 2231 391 2280 (polli
422 2231 520 2268 VII
548 2232 696 2268 virali
730 2231 946 2268 iudicioe
977 2240 1066 2276 pro:
1096 2226 1413 2275 polliceatur,
1446 2224 1536 2260 ali-

123 2302 243 2338 unde
274 2309 373 2348 etc.),
404 2302 557 2350 aliaque
588 2302 799 2350 permulta,
836 2299 1011 2348 quaedam
1047 2298 1264 2334 etiamnunc
1299 2294 1536 2332 emendatio-

123 2386 207 2409 nem
241 2373 513 2421 exspectantia.
574 2373 651 2410 Sed
683 2372 776 2408 satis
816 2378 896 2414 est,
939 2370 1097 2418 opinor,
1137 2368 1218 2403 haec
1256 2366 1432 2402 universe
1473 2366 1537 2401 de-

125 2450 371 2481 monstrasse.
433 2443 507 2480 Illa
544 2450 672 2480 tamen
707 2441 895 2478 addenda.
959 2438 1179 2476 Verborum
1218 2436 1538 2485 transpositiones

125 2512 330 2549 manifesto
360 2526 502 2562 pravas
532 2514 569 2549 in
600 2513 731 2549 codice
766 2513 799 2548 P
830 2511 944 2560 longe
973 2508 1253 2557 frequentiores
1285 2519 1387 2548 esse,
1424 2518 1538 2554 quam

126 2582 165 2618 in
194 2582 326 2631 primae
352 2583 505 2620 decadis
536 2584 745 2631 archetypo
776 2581 929 2625 fuerint,
960 2580 1159 2616 ostendam
1192 2578 1241 2615 ad
1273 2578 1414 2622 XXII,
1447 2578 1482 2613 2.
1505 2578 1540 2614 6.

155 2739 186 2782 ¹)
219 2742 364 2774 Prorsus
390 2742 460 2773 sinc
487 2750 589 2771 causa
617 2745 650 2770 ct
673 2749 775 2780 prave
802 2738 856 2770 W.
887 2738 996 2768 haud
1031 2745 1171 2777 pauca
1197 2734 1343 2776 scripsit.
