1811 2925
819 139 895 175 623
1361 137 1435 168 Lib.
1454 137 1564 170 XLV.

154 263 295 300 codicis
341 264 502 312 vestigia
561 264 654 301 satis
695 274 817 311 prope
867 261 1014 298 accedit
1079 261 1266 298 correctio
1316 267 1353 297 et
1409 273 1566 309 popu-

152 334 185 370 li
233 334 434 371 Romani
482 336 583 372 dona
626 335 662 371 h.
703 333 726 368 l.
769 332 892 368 minus
939 332 1141 368 commode
1187 331 1455 380 appellantur,
1502 331 1567 367 ubi

154 404 397 453 imperatoris
428 406 552 442 exitus
583 411 621 441 et
650 403 793 440 reditus
831 409 1116 451 comparantur,
1149 402 1187 438 in
1209 414 1285 450 qua
1310 401 1567 450 comparatio-

153 487 201 511 ne
230 475 368 523 ipsiuS‚
415 483 455 512 ut
483 482 594 517 vota,
641 475 695 511 ita
726 475 829 511 dona
860 480 959 509 sunt.
1026 473 1134 510 Idem
1166 485 1274 509 error
1302 472 1363 508 hic
1392 478 1567 509 versatus

154 553 223 590 est,
254 558 329 593 quo
360 558 390 582 c.
428 549 487 591 14,
521 548 542 583 3
566 559 615 582 ex
643 559 732 595 pro
763 544 908 581 factum
938 551 995 580 est
1024 557 1088 592 pr.
1150 543 1284 580 Livius
1315 544 1413 580 enim
1446 543 1568 591 scrip—

153 623 275 652 serat:
309 617 483 653 merita
513 617 638 653 dona
667 620 874 668 portans
906 615 1047 660 redit3
1083 614 1172 659 (nisi
1203 615 1286 662 quis
1318 627 1367 651 ex
1398 627 1484 662 que
1513 612 1568 650 ef-

152 688 265 724 ficere
294 699 390 736 prae
423 687 515 731 vult,
544 694 586 723 ut·
614 687 663 723 sit
690 686 1027 735 praep01·tans).
1102 685 1178 722 Sed
1227 692 1402 734 superest
1430 685 1569 733 pusilla

154 770 233 804 res;
263 771 352 794 nam
378 764 659 807 perpetrato
691 757 857 793 eodem
888 769 958 805 pro
988 769 1040 792 eo
1072 756 1209 792 vitiose
1241 757 1380 793 dicitur
1411 760 1479 801 (—
1504 768 1569 792 ne-

156 841 229 877 que
259 829 357 865 enim
390 828 595 877 quicquam
629 827 732 864 aliud
763 828 809 863 de
839 827 939 863 bello
971 834 1096 863 actum
1128 827 1310 876 praeeedit
1326 832 1407 872 -—-)‚
1439 835 1476 863 et
1504 840 1569 864 ne-

156 900 322 937 cessario
352 906 538 948 praeterea
567 903 725 947 propter
767 899 968 946 repetitum
1008 897 1045 933 in
1077 899 1273 934 sententiis
1313 899 1412 934 inter
1442 910 1482 934 se
1511 911 1570 935 re—

155 970 241 1006 latis
273 969 453 1019 Capitolii
483 982 621 1005 nomen
667 968 857 1004 eohaerent
890 969 989 1004 haee:
1039 969 1204 1005 eodem
1240 970 1283 1005 in
1317 968 1569 1018 Capitolio

157 1041 211 1089 (in
243 1054 318 1089 quo
349 1047 441 1077 vota
470 1037 742 1088 nuncupavit.);
781 1039 1023 1075 scribendum
1063 1046 1119 1075 est
1151 1039 1285 1087 igitur:
1318 1047 1571 1089 perpetra-

154 1118 202 1148 to
234 1124 309 1156 eo,
341 1112 504 1147 eodem
535 1110 579 1145 in
613 1108 883 1158 Capitolio.
946 1109 1153 1157 Sequitur,
1186 1112 1369 1158 quoniam
1400 1112 1437 1147 in
1469 1114 1487 1156 ξ
1522 1113 1569 1148 12

155 1187 192 1217 et
227 1183 272 1218 13
303 1181 396 1217 nihil
424 1193 534 1217 novae
565 1180 840 1217 emendationis
873 1178 992 1216 affero
1005 1177 1061 1225 ¹),
1103 1181 1351 1218 manifestum
1392 1183 1571 1220 mendum

154 1252 194 1288 in
230 1255 248 1297 ξ
289 1254 352 1288 14:
399 1253 498 1288 Rex
546 1250 871 1288 Macedonum
923 1252 1132 1287 Perseus
1179 1265 1279 1289 eum
1326 1253 1498 1290 liberis
1528 1259 1574 1290 et

154 1323 295 1359 turba
343 1322 447 1358 alia
477 1321 812 1370 captivorum,
861 1322 1018 1371 spolia
1052 1323 1397 1370 Macedonum,
1448 1324 1573 1361 citra

156 1393 343 1430 flumen
373 1391 737 1440 relinquentur?
795 1393 931 1441 Inepte
962 1393 1059 1429 enim
1092 1400 1277 1442 tanquam
1297 1407 1416 1444 grave
1439 1401 1476 1432 et
1494 1408 1572 1432 non

159 1463 355 1500 ferendum
387 1470 720 1507 commemoratur,
752 1463 876 1499 eitra
906 1464 1048 1500 flumen
1086 1464 1261 1513 captivos
1293 1472 1330 1502 et
1359 1466 1484 1515 spolia
1512 1479 1571 1502 re-

159 1534 299 1583 linqui3
339 1534 461 1583 magis
502 1534 550 1570 ad
588 1534 643 1570 rei
680 1533 946 1582 indignitatem
978 1536 1268 1572 monstrandam
1301 1538 1574 1574 accommoda-

160 1613 238 1641 tum
271 1611 388 1649 esset,
417 1605 448 1641 si
478 1611 583 1641 trans
612 1605 753 1641 flumen
791 1605 925 1641 relicta
956 1613 992 1641 et
1022 1607 1182 1654 propius
1214 1608 1413 1644 admoveri
1442 1607 1573 1656 prohi-

160 1675 240 1711 bita
269 1675 492 1714 dicerentur.
550 1676 597 1712 In
627 1675 758 1712 codiee
788 1683 845 1712 est
873 1677 1006 1713 circa
1036 1672 1270 1715 fluminis.
1321 1677 1573 1716 Scribendum

188 1923 216 1966 1)
257 1926 396 1959 selectis
422 1935 454 1960 et
481 1931 668 1962 coniunctis
695 1930 844 1973 Grynaei‚
874 1931 1046 1970 (honorii,
1066 1932 1254 1973 Kreyssigii
1281 1933 1574 1965 emendationibus

256 1988 327 2019 haec
353 1990 480 2022 videtur
505 1991 613 2023 forma
635 1993 706 2024 eius
731 1993 798 2024 loci
827 1993 1022 2025 efficienda:
1051 1993 1209 2025 Omnes
1238 1995 1343 2026 illas
1368 1996 1573 2027 victimas

256 2060 359 2090 quas
384 2053 677 2085 traducendas
703 2055 744 2085 in
771 2055 987 2096 triumpho
1013 2055 1184 2086 locavit
1205 2055 1383 2096 (fortasse2
1411 2058 1491 2088 iam
1516 2057 1574 2088 lo-

257 2113 399 2152 eavit),
425 2113 537 2146 alias
563 2115 652 2146 alio
684 2117 883 2147 credente
904 2123 1108 2150 mactate.
1136 2117 1391 2156 Quid?i1!as
1420 2120 1574 2161 epulas

257 2180 449 2210 senatus,
468 2185 555 2216 quae
649 2177 691 2207 in
718 2176 948 2220 Capitolio
974 2179 1175 2221 eduntur,
1195 2180 1255 2221 (-——
1284 2186 1423 2211 utrum
1441 2181 1576 2211 homi-

258 2244 348 2266 num
367 2236 613 2278 voluptatis
641 2248 775 2271 causa
797 2250 847 2271 an
868 2241 1047 2272 deorum
1065 2241 1576 2282 hominumque?—)aue-

258 2303 348 2328 tore
374 2298 488 2330 Serv.
515 2297 651 2331 Galba
676 2302 904 2333 turbaturi
930 2303 1063 2334 estis?
1099 2303 1220 2335 Restat
1245 2304 1411 2334 dubitatio
1448 2304 1575 2336 inillis

257 2357 371 2390 alias
396 2359 481 2391 alio
508 2362 697 2393 caedente
723 2363 813 2404 (cod.
842 2365 1007 2405 dente).
1049 2365 1182 2396 Ironiea
1202 2366 1260 2396 illa
1275 2365 1424 2396 hortatio
1451 2365 1575 2405 (mac-

258 2420 364 2458 tate)
391 2421 461 2452 tolli
487 2431 552 2453 non
579 2424 706 2457 debuit.
771 2425 1013 2457 Dedit-avit
1045 2437 1106 2467 pro
1133 2428 1373 2458 vindicavit
1398 2427 1459 2463 (sic
1485 2427 1573 2458 enim

259 2480 346 2513 cod..
369 2482 425 2512 ubi
451 2482 619 2515 locavit
643 2487 738 2527 posui
770 2497 846 2518 cum
876 2487 1069 2528 Gronovio)
1097 2488 1222 2520 frustra
1240 2489 1456 2530 Kreyssigius
1481 2499 1574 2520 com-

257 2543 439 2574 mendavit.
489 2544 536 2576 Ut
563 2547 734 2586 potuerint
759 2549 902 2580 victimae
929 2549 1140 2581 traducendo
1166 2560 1234 2581 non
1262 2551 1370 2582 solum
1399 2560 1575 2582 eonsecra-

257 2605 294 2636 ri.
321 2605 379 2636 sed
406 2606 507 2637 etiam
535 2607 683 2639 dedicari
710 2610 785 2648 dici,
812 2611 964 2642 nondum
995 2620 1051 2642 eas
1076 2611 1204 2643 Paulus
1233 2613 1439 2643 traduxerat.
1491 2612 1576 2652 Agi-

256 2670 321 2704 tur,
347 2672 384 2697 ut
409 2668 586 2700 traducere
610 2669 720 2701 liceat.
