1811 2925
174 123 248 154 Lib.
276 123 389 153 xxx.
843 123 920 158 360

175 245 360 281 bellorum
391 243 656 280 interdictione
699 243 776 279 otio
821 256 890 279 suo
926 243 1140 279 consultum
1182 248 1383 291 putare11t3
1427 255 1497 291 pro
1529 255 1594 278 ex-

175 315 291 351 ternis
323 315 421 350 enim
452 313 562 350 bellis
593 313 761 349 internas
792 314 924 350 turbas
945 312 1144 349 saevituras
1173 325 1267 350 esse.
1333 314 1471 361 Itaque
1501 313 1594 348 scri-

176 386 341 421 bendum
372 396 454 420 esse
486 383 583 419 dixi:
615 396 699 420 nee
731 390 822 428 est,
855 396 937 419 cur
965 394 1051 418 vos
1082 382 1180 418 otio
1211 389 1375 419 vestro
1407 373 1594 419 consill-

174 462 271 491 tum
312 455 367 490 ab
410 454 640 490 Romanis
681 455 907 492 credatis.
979 454 1041 489 Ae
1082 452 1429 498 Weissenbornius‚
1478 465 1595 501 quum

174 526 213 562 in
244 524 408 561 editione
439 525 711 560 Teubneriana
748 525 975 573 scripsisset,
1018 519 1157 567 ’'idem‚
1189 524 1291 571 quod
1335 537 1405 572 ego
1445 524 1595 569 vellem,

176 596 349 632 codicum
380 595 543 631 lectione
582 596 727 631 maiore
760 595 876 632 etiam
916 594 954 630 vi
991 589 1178 629 indiearf’
1219 595 1341 641 (quod
1382 595 1495 643 quale
1536 595 1596 635 sit,

175 680 223 703 ne
252 680 321 716 per
350 667 527 702 umbram
559 665 713 713 quidem
743 665 950 713 intelligo),
991 671 1129 712 postea
1159 664 1295 700 edidit:
1334 678 1417 702 nee
1448 678 1597 702 causa

177 746 268 782 est,
300 750 381 773 <zur
421 748 509 772 vos
551 736 653 772 otio
695 742 860 771 vestro
903 747 934 773 ο.
967 747 990 770 a
1020 736 1066 773 R.
1106 747 1160 779 c.‚
1200 735 1348 771 adiecto
1391 736 1440 771 ad
1471 748 1596 772 meam

178 807 483 844 emendationem
515 807 706 843 vocabulo
739 818 902 850 causa,
947 805 1085 849 credo,
1126 811 1167 841 ut
1203 805 1362 854 propius
1399 806 1596 842 accederet

178 879 228 914 ad
269 890 468 914 necesse
508 883 598 919 est;
662 889 733 925 ego
787 877 861 913 hoe
899 888 1024 924 prava
1067 875 1334 912 coniunctione
1389 875 1598 923 (necest),

179 949 265 985 dein
295 948 554 996 geminatione
596 948 809 984 litterarum
858 953 981 982 ortum
1024 957 1107 982 esse
1137 952 1243 994 puto,
1275 946 1599 993 quemadmodum

179 1032 210 1055 c.
245 1021 308 1061 30,
341 1021 376 1059 9,
408 1031 525 1066 quum
557 1032 605 1055 ex
635 1032 721 1055 nec
753 1030 857 1054 esse
887 1017 1031 1052 factum
1058 1022 1157 1052 esset
1180 1028 1396 1061 necesse,
1428 1017 1599 1053 additum

180 1096 236 1126 est
278 1089 383 1125 fuit.
461 1089 536 1126 Sed
577 1096 706 1126 tamen
752 1088 849 1123 adeo
890 1099 966 1123 non
1008 1086 1166 1122 firmiter
1204 1087 1267 1121 W.
1298 1099 1431 1122 verum
1468 1086 1600 1129 tenuit,

179 1167 232 1204 ut,
264 1160 438 1208 relapsus
473 1160 520 1196 ad
553 1159 734 1199 odium,
779 1158 931 1194 Livium
963 1157 1128 1193 fortasse
1157 1157 1354 1205 scripsisse
1387 1156 1600 1204 suspicare-

178 1236 258 1266 tur:
303 1242 387 1266 nec
433 1242 579 1266 eausa
624 1238 713 1273 est,
760 1228 873 1276 quin
918 1228 1039 1263 odio.
1113 1227 1215 1274 Quid
1263 1227 1332 1262 erit
1374 1226 1490 1274 igitur
1516 1226 1601 1269 hoc,

178 1302 419 1337 Romanos
455 1299 772 1335 consuluisse
804 1298 913 1334 odio
947 1296 1458 1344 Carthaginiensium?
