<?xml version="1.0" encoding="UTF-8"?>
<!DOCTYPE html PUBLIC "-//W3C//DTD XHTML 1.0 Transitional//EN"
    "http://www.w3.org/TR/xhtml1/DTD/xhtml1-transitional.dtd">
<html xmlns="http://www.w3.org/1999/xhtml" xml:lang="en" lang="en">
 <head>
  <title>
</title>
<meta http-equiv="Content-Type" content="text/html;charset=utf-8" />
  <meta name='ocr-system' content='tesseract 3.04.00' />
  <meta name='ocr-capabilities' content='ocr_page ocr_carea ocr_par ocr_line ocrx_word'/>
</head>
<body>
  <div class='ocr_page' id='page_1' title='image "./emendationeslivi00madvuoft_0261.png"; bbox 0 0 1811 2925; ppageno 0'>
   <div class='ocr_carea' id='block_1_1' title="bbox 822 150 1518 190">
    <p class='ocr_par' dir='ltr' id='par_1_1' title="bbox 822 150 1518 190">
     <span class='ocr_line' id='line_1_1' title="bbox 822 150 1518 190; baseline -0.014 0"><span class='ocrx_word' id='word_1_1' title='bbox 822 155 899 190; x_wconf 83' lang='lat'>255</span> <span class='ocrx_word' id='word_1_2' title='bbox 1303 151 1377 183; x_wconf 91' lang='lat' dir='ltr'><strong>Lib.</strong></span> <span class='ocrx_word' id='word_1_3' title='bbox 1404 150 1518 181; x_wconf 89' lang='lat' dir='ltr'>XXII.</span> 
     </span>
    </p>
   </div>
   <div class='ocr_carea' id='block_1_2' title="bbox 151 275 1567 2245">
    <p class='ocr_par' dir='ltr' id='par_1_2' title="bbox 151 275 1567 2245">
     <span class='ocr_line' id='line_1_2' title="bbox 158 275 1566 328; baseline -0.003 -13"><span class='ocrx_word' id='word_1_4' title='bbox 158 285 289 328; x_wconf 82' lang='lat' dir='ltr'>aperte</span> <span class='ocrx_word' id='word_1_5' title='bbox 319 278 501 327; x_wconf 73' lang='lat' dir='ltr'>postulat,</span> <span class='ocrx_word' id='word_1_6' title='bbox 530 284 583 323; x_wconf 74' lang='lat' dir='ltr'>ut,</span> <span class='ocrx_word' id='word_1_7' title='bbox 614 276 936 325; x_wconf 87' lang='lat' dir='ltr'>quemadmodum</span> <span class='ocrx_word' id='word_1_8' title='bbox 976 275 1013 312; x_wconf 89' lang='lat' dir='ltr'>in</span> <span class='ocrx_word' id='word_1_9' title='bbox 1045 275 1165 312; x_wconf 88' lang='lat' dir='ltr'>altero</span> <span class='ocrx_word' id='word_1_10' title='bbox 1196 275 1237 311; x_wconf 86' lang='lat' dir='ltr'>fit</span> <span class='ocrx_word' id='word_1_11' title='bbox 1267 275 1438 312; x_wconf 87' lang='lat' dir='ltr'>membro</span> <span class='ocrx_word' id='word_1_12' title='bbox 1471 276 1566 321; x_wconf 87' lang='lat' dir='ltr'>(aut</span> 
     </span>
     <span class='ocr_line' id='line_1_3' title="bbox 156 346 1564 396; baseline -0.004 -9"><span class='ocrx_word' id='word_1_13' title='bbox 156 362 247 386; x_wconf 89' lang='lat' dir='ltr'>non</span> <span class='ocrx_word' id='word_1_14' title='bbox 267 350 488 386; x_wconf 82' lang='lat' dir='ltr'>invidere</span> <span class='ocrx_word' id='word_1_15' title='bbox 520 361 599 386; x_wconf 89' lang='lat' dir='ltr'>eos</span> <span class='ocrx_word' id='word_1_16' title='bbox 630 361 769 396; x_wconf 87' lang='lat' dir='ltr'>quum</span> <span class='ocrx_word' id='word_1_17' title='bbox 792 347 1125 384; x_wconf 83' lang='lat' dir='ltr'>incolumitati</span> <span class='ocrx_word' id='word_1_18' title='bbox 1146 353 1238 382; x_wconf 87' lang='lat' dir='ltr'>tum</span> <span class='ocrx_word' id='word_1_19' title='bbox 1262 346 1432 395; x_wconf 68' lang='lat' dir='ltr'>gloriae</span> <span class='ocrx_word' id='word_1_20' title='bbox 1460 346 1564 383; x_wconf 92' lang='lat' dir='ltr'>illo-</span> 
     </span>
     <span class='ocr_line' id='line_1_4' title="bbox 156 416 1565 469; baseline -0.003 -11"><span class='ocrx_word' id='word_1_21' title='bbox 156 434 254 458; x_wconf 87' lang='lat' dir='ltr'>rum</span> <span class='ocrx_word' id='word_1_22' title='bbox 402 433 539 469; x_wconf 88' lang='lat' dir='ltr'>quum</span> <span class='ocrx_word' id='word_1_23' title='bbox 583 423 699 463; x_wconf 55' lang='lat' dir='ltr'>cet.).,</span> <span class='ocrx_word' id='word_1_24' title='bbox 742 426 910 468; x_wconf 85' lang='lat' dir='ltr'>ponatur</span> <span class='ocrx_word' id='word_1_25' title='bbox 958 430 1027 466; x_wconf 88' lang='lat' dir='ltr'>per</span> <span class='ocrx_word' id='word_1_26' title='bbox 1071 416 1231 453; x_wconf 81' lang='lat' dir='ltr'>ironiam</span> <span class='ocrx_word' id='word_1_27' title='bbox 1281 416 1363 463; x_wconf 80' lang='lat' dir='ltr'>(sed</span> <span class='ocrx_word' id='word_1_28' title='bbox 1412 417 1449 453; x_wconf 88' lang='lat' dir='ltr'>in</span> <span class='ocrx_word' id='word_1_29' title='bbox 1492 418 1565 454; x_wconf 88' lang='lat' dir='ltr'>hoc</span> 
     </span>
     <span class='ocr_line' id='line_1_5' title="bbox 157 487 1564 538; baseline -0.003 -9"><span class='ocrx_word' id='word_1_30' title='bbox 157 492 329 529; x_wconf 89' lang='lat' dir='ltr'>membro</span> <span class='ocrx_word' id='word_1_31' title='bbox 360 490 609 537; x_wconf 76' lang='lat' dir='ltr'>affirmative)</span> <span class='ocrx_word' id='word_1_32' title='bbox 644 490 810 538; x_wconf 63' lang='lat' dir='ltr'>aliquid,</span> <span class='ocrx_word' id='word_1_33' title='bbox 852 490 890 526; x_wconf 89' lang='lat' dir='ltr'>in</span> <span class='ocrx_word' id='word_1_34' title='bbox 921 502 996 538; x_wconf 87' lang='lat' dir='ltr'>quo</span> <span class='ocrx_word' id='word_1_35' title='bbox 1028 487 1092 524; x_wconf 84' lang='lat' dir='ltr'>illa</span> <span class='ocrx_word' id='word_1_36' title='bbox 1123 487 1274 524; x_wconf 80' lang='lat' dir='ltr'>bonitas</span> <span class='ocrx_word' id='word_1_37' title='bbox 1308 494 1344 524; x_wconf 87' lang='lat' dir='ltr'>et</span> <span class='ocrx_word' id='word_1_38' title='bbox 1374 488 1466 524; x_wconf 87' lang='lat' dir='ltr'>fides</span> <span class='ocrx_word' id='word_1_39' title='bbox 1497 501 1564 537; x_wconf 86' lang='lat' dir='ltr'>ap-</span> 
     </span>
     <span class='ocr_line' id='line_1_6' title="bbox 155 558 1566 611; baseline -0.001 -13"><span class='ocrx_word' id='word_1_40' title='bbox 155 568 303 611; x_wconf 71' lang='lat' dir='ltr'>pareat,</span> <span class='ocrx_word' id='word_1_41' title='bbox 348 562 483 598; x_wconf 86' lang='lat' dir='ltr'>deinde</span> <span class='ocrx_word' id='word_1_42' title='bbox 522 563 560 599; x_wconf 92' lang='lat' dir='ltr'>id</span> <span class='ocrx_word' id='word_1_43' title='bbox 601 563 748 611; x_wconf 77' lang='lat' dir='ltr'>ipsum,</span> <span class='ocrx_word' id='word_1_44' title='bbox 791 561 941 598; x_wconf 84' lang='lat' dir='ltr'>adiecta</span> <span class='ocrx_word' id='word_1_45' title='bbox 971 559 1160 596; x_wconf 84' lang='lat' dir='ltr'>sententia</span> <span class='ocrx_word' id='word_1_46' title='bbox 1190 558 1372 599; x_wconf 72' lang='lat' dir='ltr'>relativa,</span> <span class='ocrx_word' id='word_1_47' title='bbox 1409 559 1566 596; x_wconf 83' lang='lat' dir='ltr'>tollatur</span> 
     </span>
     <span class='ocr_line' id='line_1_7' title="bbox 157 629 1564 679; baseline -0.003 -8"><span class='ocrx_word' id='word_1_48' title='bbox 157 641 193 671; x_wconf 86' lang='lat' dir='ltr'>et</span> <span class='ocrx_word' id='word_1_49' title='bbox 223 639 426 670; x_wconf 82' lang='lat' dir='ltr'><strong>evertatur.</strong></span> <span class='ocrx_word' id='word_1_50' title='bbox 486 633 749 671; x_wconf 78' lang='lat' dir='ltr'>Certissimam</span> <span class='ocrx_word' id='word_1_51' title='bbox 792 632 1019 669; x_wconf 81' lang='lat' dir='ltr'>medicinam</span> <span class='ocrx_word' id='word_1_52' title='bbox 1058 629 1227 678; x_wconf 83' lang='lat' dir='ltr'>graviori</span> <span class='ocrx_word' id='word_1_53' title='bbox 1264 630 1432 666; x_wconf 78' lang='lat' dir='ltr'>vulneris</span> <span class='ocrx_word' id='word_1_54' title='bbox 1464 631 1564 679; x_wconf 87' lang='lat' dir='ltr'>parti</span> 
     </span>
     <span class='ocr_line' id='line_1_8' title="bbox 156 701 1564 750; baseline -0.002 -9"><span class='ocrx_word' id='word_1_55' title='bbox 156 718 231 742; x_wconf 90' lang='lat' dir='ltr'>uua</span> <span class='ocrx_word' id='word_1_56' title='bbox 273 705 399 741; x_wconf 86' lang='lat' dir='ltr'>littera</span> <span class='ocrx_word' id='word_1_57' title='bbox 446 705 576 741; x_wconf 81' lang='lat' dir='ltr'>addita</span> <span class='ocrx_word' id='word_1_58' title='bbox 625 703 778 740; x_wconf 82' lang='lat' dir='ltr'>afferet:</span> <span class='ocrx_word' id='word_1_59' title='bbox 829 702 939 740; x_wconf 76' lang='lat' dir='ltr'>Nisi</span> <span class='ocrx_word' id='word_1_60' title='bbox 988 702 1093 750; x_wconf 84' lang='lat' dir='ltr'>quis</span> <span class='ocrx_word' id='word_1_61' title='bbox 1143 701 1339 738; x_wconf 87' lang='lat' dir='ltr'>credere</span> <span class='ocrx_word' id='word_1_62' title='bbox 1382 708 1564 750; x_wconf 79' lang='lat' dir='ltr'>potest,</span> 
     </span>
     <span class='ocr_line' id='line_1_9' title="bbox 153 773 1564 824; baseline -0.005 -7"><span class='ocrx_word' id='word_1_63' title='bbox 153 777 339 817; x_wconf 79' lang='lat' dir='ltr'>favisse</span> <span class='ocrx_word' id='word_1_64' title='bbox 371 775 748 824; x_wconf 64' lang='lat' dir='ltr'>erumpentibus,</span> <span class='ocrx_word' id='word_1_65' title='bbox 781 774 871 823; x_wconf 50' lang='lat' dir='ltr'>qui7</span> <span class='ocrx_word' id='word_1_66' title='bbox 894 786 948 810; x_wconf 89' lang='lat' dir='ltr'>ne</span> <span class='ocrx_word' id='word_1_67' title='bbox 971 777 1290 821; x_wconf 51' lang='lat' dir='ltr'>erumperenn</span> <span class='ocrx_word' id='word_1_68' title='bbox 1323 773 1564 810; x_wconf 83' lang='lat' dir='ltr'>obsistere</span> 
     </span>
     <span class='ocr_line' id='line_1_10' title="bbox 155 843 1564 892; baseline -0.004 -7"><span class='ocrx_word' id='word_1_69' title='bbox 155 848 321 886; x_wconf 86' lang='lat' dir='ltr'>conati</span> <span class='ocrx_word' id='word_1_70' title='bbox 351 852 477 891; x_wconf 68' lang='lat' dir='ltr'>sunt,</span> <span class='ocrx_word' id='word_1_71' title='bbox 528 853 607 882; x_wconf 83' lang='lat' dir='ltr'>aut</span> <span class='ocrx_word' id='word_1_72' title='bbox 645 858 734 882; x_wconf 91' lang='lat' dir='ltr'>non</span> <span class='ocrx_word' id='word_1_73' title='bbox 775 845 998 881; x_wconf 77' lang='lat' dir='ltr'>invidere</span> <span class='ocrx_word' id='word_1_74' title='bbox 1036 851 1106 880; x_wconf 88' lang='lat' dir='ltr'>etc.</span> <span class='ocrx_word' id='word_1_75' title='bbox 1178 844 1239 880; x_wconf 75' lang='lat' dir='ltr'>Ne</span> <span class='ocrx_word' id='word_1_76' title='bbox 1278 843 1370 879; x_wconf 90' lang='lat' dir='ltr'>illud</span> <span class='ocrx_word' id='word_1_77' title='bbox 1412 844 1564 892; x_wconf 87' lang='lat' dir='ltr'>quidem</span> 
     </span>
     <span class='ocr_line' id='line_1_11' title="bbox 155 913 1565 968; baseline -0.003 -12"><span class='ocrx_word' id='word_1_78' title='bbox 155 919 258 957; x_wconf 87' lang='lat' dir='ltr'>credi</span> <span class='ocrx_word' id='word_1_79' title='bbox 300 930 413 968; x_wconf 81' lang='lat' dir='ltr'>posse</span> <span class='ocrx_word' id='word_1_80' title='bbox 443 918 666 965; x_wconf 79' lang='lat' dir='ltr'>Torquatus</span> <span class='ocrx_word' id='word_1_81' title='bbox 698 916 810 961; x_wconf 72' lang='lat' dir='ltr'>dicit,</span> <span class='ocrx_word' id='word_1_82' title='bbox 854 916 925 952; x_wconf 85' lang='lat' dir='ltr'>hos</span> <span class='ocrx_word' id='word_1_83' title='bbox 956 915 1142 959; x_wconf 75' lang='lat' dir='ltr'>homines,</span> <span class='ocrx_word' id='word_1_84' title='bbox 1174 913 1277 962; x_wconf 90' lang='lat' dir='ltr'>quod</span> <span class='ocrx_word' id='word_1_85' title='bbox 1309 915 1496 951; x_wconf 88' lang='lat' dir='ltr'>bonorum</span> <span class='ocrx_word' id='word_1_86' title='bbox 1528 922 1565 952; x_wconf 85' lang='lat' dir='ltr'>et</span> 
     </span>
     <span class='ocr_line' id='line_1_12' title="bbox 156 985 1564 1034; baseline -0.005 -7"><span class='ocrx_word' id='word_1_87' title='bbox 156 998 191 1028; x_wconf 87' lang='lat' dir='ltr'>et</span> <span class='ocrx_word' id='word_1_88' title='bbox 223 990 391 1027; x_wconf 86' lang='lat' dir='ltr'>fidelium</span> <span class='ocrx_word' id='word_1_89' title='bbox 423 988 561 1025; x_wconf 84' lang='lat' dir='ltr'>civium</span> <span class='ocrx_word' id='word_1_90' title='bbox 593 987 706 1023; x_wconf 82' lang='lat' dir='ltr'>fuerit</span> <span class='ocrx_word' id='word_1_91' title='bbox 737 987 872 1034; x_wconf 57' lang='lat' dir='ltr'>sitque,</span> <span class='ocrx_word' id='word_1_92' title='bbox 905 986 1054 1022; x_wconf 83' lang='lat' dir='ltr'>etiamsi</span> <span class='ocrx_word' id='word_1_93' title='bbox 1083 998 1160 1021; x_wconf 91' lang='lat' dir='ltr'>non</span> <span class='ocrx_word' id='word_1_94' title='bbox 1177 985 1346 1029; x_wconf 69' lang='lat' dir='ltr'>fortium,</span> <span class='ocrx_word' id='word_1_95' title='bbox 1377 991 1443 1021; x_wconf 85' lang='lat' dir='ltr'>aut</span> <span class='ocrx_word' id='word_1_96' title='bbox 1472 991 1564 1021; x_wconf 88' lang='lat' dir='ltr'>vota</span> 
     </span>
     <span class='ocr_line' id='line_1_13' title="bbox 153 1055 1565 1109; baseline -0.005 -11"><span class='ocrx_word' id='word_1_97' title='bbox 153 1061 290 1098; x_wconf 82' lang='lat' dir='ltr'>fecisse</span> <span class='ocrx_word' id='word_1_98' title='bbox 320 1073 392 1109; x_wconf 90' lang='lat' dir='ltr'>pro</span> <span class='ocrx_word' id='word_1_99' title='bbox 425 1059 708 1107; x_wconf 81' lang='lat' dir='ltr'>erumpentibus</span> <span class='ocrx_word' id='word_1_100' title='bbox 747 1064 783 1093; x_wconf 88' lang='lat' dir='ltr'>et</span> <span class='ocrx_word' id='word_1_101' title='bbox 816 1057 958 1093; x_wconf 84' lang='lat' dir='ltr'>favisse</span> <span class='ocrx_word' id='word_1_102' title='bbox 999 1057 1089 1093; x_wconf 88' lang='lat' dir='ltr'>forti</span> <span class='ocrx_word' id='word_1_103' title='bbox 1123 1056 1302 1101; x_wconf 67' lang='lat' dir='ltr'>consilio,</span> <span class='ocrx_word' id='word_1_104' title='bbox 1347 1055 1452 1092; x_wconf 78' lang='lat' dir='ltr'>cuius</span> <span class='ocrx_word' id='word_1_105' title='bbox 1492 1056 1565 1104; x_wconf 84' lang='lat' dir='ltr'>ipsi</span> 
     </span>
     <span class='ocr_line' id='line_1_14' title="bbox 156 1127 1564 1182; baseline -0.004 -14"><span class='ocrx_word' id='word_1_106' title='bbox 156 1132 361 1182; x_wconf 70' lang='lat' dir='ltr'>participes</span> <span class='ocrx_word' id='word_1_107' title='bbox 392 1141 474 1167; x_wconf 77' lang='lat' dir='ltr'>esse</span> <span class='ocrx_word' id='word_1_108' title='bbox 506 1141 581 1164; x_wconf 89' lang='lat' dir='ltr'>non</span> <span class='ocrx_word' id='word_1_109' title='bbox 615 1129 811 1169; x_wconf 74' lang='lat' dir='ltr'>auderent,</span> <span class='ocrx_word' id='word_1_110' title='bbox 854 1136 917 1164; x_wconf 82' lang='lat' dir='ltr'>aut</span> <span class='ocrx_word' id='word_1_111' title='bbox 953 1142 1052 1165; x_wconf 84' lang='lat' dir='ltr'>nunc</span> <span class='ocrx_word' id='word_1_112' title='bbox 1082 1128 1343 1165; x_wconf 81' lang='lat' dir='ltr'>incolumitate</span> <span class='ocrx_word' id='word_1_113' title='bbox 1374 1134 1410 1163; x_wconf 86' lang='lat' dir='ltr'>et</span> <span class='ocrx_word' id='word_1_114' title='bbox 1439 1127 1564 1176; x_wconf 85' lang='lat' dir='ltr'>gloria</span> 
     </span>
     <span class='ocr_line' id='line_1_15' title="bbox 154 1198 1564 1251; baseline -0.004 -11"><span class='ocrx_word' id='word_1_115' title='bbox 154 1216 284 1240; x_wconf 85' lang='lat' dir='ltr'>eorum</span> <span class='ocrx_word' id='word_1_116' title='bbox 318 1202 497 1251; x_wconf 82' lang='lat' dir='ltr'>gaudere.</span> <span class='ocrx_word' id='word_1_117' title='bbox 556 1200 768 1249; x_wconf 61' lang='lat' dir='ltr'>Aptissima</span> <span class='ocrx_word' id='word_1_118' title='bbox 808 1200 908 1236; x_wconf 86' lang='lat' dir='ltr'>inter</span> <span class='ocrx_word' id='word_1_119' title='bbox 948 1213 988 1237; x_wconf 89' lang='lat' dir='ltr'>se</span> <span class='ocrx_word' id='word_1_120' title='bbox 1029 1200 1263 1250; x_wconf 81' lang='lat' dir='ltr'>respondent</span> <span class='ocrx_word' id='word_1_121' title='bbox 1304 1198 1488 1235; x_wconf 80' lang='lat' dir='ltr'>favisse</span> <span class='ocrx_word' id='word_1_122' title='bbox 1527 1204 1564 1235; x_wconf 86' lang='lat' dir='ltr'>et.</span> 
     </span>
     <span class='ocr_line' id='line_1_16' title="bbox 151 1270 1563 1321; baseline -0.003 -11"><span class='ocrx_word' id='word_1_123' title='bbox 151 1287 242 1310; x_wconf 91' lang='lat' dir='ltr'>non</span> <span class='ocrx_word' id='word_1_124' title='bbox 272 1273 502 1310; x_wconf 84' lang='lat' dir='ltr'>invidere.</span> <span class='ocrx_word' id='word_1_125' title='bbox 581 1271 656 1309; x_wconf 74' lang='lat' dir='ltr'>Sed</span> <span class='ocrx_word' id='word_1_126' title='bbox 698 1279 846 1316; x_wconf 67' lang='lat' dir='ltr'>tamen,</span> <span class='ocrx_word' id='word_1_127' title='bbox 890 1271 1021 1308; x_wconf 86' lang='lat' dir='ltr'>addito</span> <span class='ocrx_word' id='word_1_128' title='bbox 1065 1284 1106 1317; x_wconf 72' lang='lat' dir='ltr'>a,</span> <span class='ocrx_word' id='word_1_129' title='bbox 1152 1278 1350 1321; x_wconf 68' lang='lat' dir='ltr'>praeterea,</span> <span class='ocrx_word' id='word_1_130' title='bbox 1394 1270 1496 1319; x_wconf 91' lang='lat' dir='ltr'>quod</span> <span class='ocrx_word' id='word_1_131' title='bbox 1524 1270 1563 1306; x_wconf 89' lang='lat' dir='ltr'>in</span> 
     </span>
     <span class='ocr_line' id='line_1_17' title="bbox 153 1341 1564 1389; baseline -0.004 -8"><span class='ocrx_word' id='word_1_132' title='bbox 153 1343 346 1381; x_wconf 83' lang='lat' dir='ltr'>codicibus</span> <span class='ocrx_word' id='word_1_133' title='bbox 395 1343 573 1380; x_wconf 80' lang='lat' dir='ltr'>scribitur</span> <span class='ocrx_word' id='word_1_134' title='bbox 614 1342 768 1379; x_wconf 85' lang='lat' dir='ltr'>fuisse</span> <span class='ocrx_word' id='word_1_135' title='bbox 814 1349 885 1389; x_wconf 75' lang='lat' dir='ltr'>ut7</span> <span class='ocrx_word' id='word_1_136' title='bbox 932 1356 979 1379; x_wconf 82' lang='lat' dir='ltr'>ex</span> <span class='ocrx_word' id='word_1_137' title='bbox 1026 1356 1070 1380; x_wconf 88' lang='lat' dir='ltr'>eo</span> <span class='ocrx_word' id='word_1_138' title='bbox 1116 1342 1348 1386; x_wconf 81' lang='lat' dir='ltr'>faciendum,</span> <span class='ocrx_word' id='word_1_139' title='bbox 1393 1341 1564 1377; x_wconf 85' lang='lat' dir='ltr'>adhibita</span> 
     </span>
     <span class='ocr_line' id='line_1_18' title="bbox 152 1412 1563 1464; baseline -0.002 -13"><span class='ocrx_word' id='word_1_140' title='bbox 152 1414 450 1464; x_wconf 79' lang='lat' dir='ltr'>transpositione</span> <span class='ocrx_word' id='word_1_141' title='bbox 481 1415 545 1463; x_wconf 87' lang='lat' dir='ltr'>&lt;de</span> <span class='ocrx_word' id='word_1_142' title='bbox 577 1427 652 1463; x_wconf 89' lang='lat' dir='ltr'>qua</span> <span class='ocrx_word' id='word_1_143' title='bbox 683 1414 762 1450; x_wconf 83' lang='lat' dir='ltr'>dixi</span> <span class='ocrx_word' id='word_1_144' title='bbox 803 1415 851 1450; x_wconf 82' lang='lat' dir='ltr'>ad</span> <span class='ocrx_word' id='word_1_145' title='bbox 881 1414 994 1450; x_wconf 82' lang='lat' dir='ltr'>huius</span> <span class='ocrx_word' id='word_1_146' title='bbox 1024 1414 1110 1451; x_wconf 91' lang='lat' dir='ltr'>libri</span> <span class='ocrx_word' id='word_1_147' title='bbox 1142 1427 1173 1452; x_wconf 79' lang='lat' dir='ltr'>c.</span> <span class='ocrx_word' id='word_1_148' title='bbox 1207 1415 1244 1459; x_wconf 84' lang='lat'>2,</span> <span class='ocrx_word' id='word_1_149' title='bbox 1278 1415 1338 1456; x_wconf 87' lang='lat'>6):</span> <span class='ocrx_word' id='word_1_150' title='bbox 1379 1419 1460 1449; x_wconf 82' lang='lat' dir='ltr'>aut</span> <span class='ocrx_word' id='word_1_151' title='bbox 1488 1412 1563 1449; x_wconf 86' lang='lat' dir='ltr'>fa-</span> 
     </span>
     <span class='ocr_line' id='line_1_19' title="bbox 153 1483 1566 1535; baseline -0.001 -13"><span class='ocrx_word' id='word_1_152' title='bbox 153 1486 301 1530; x_wconf 80' lang='lat' dir='ltr'>visse;</span> <span class='ocrx_word' id='word_1_153' title='bbox 341 1498 464 1534; x_wconf 90' lang='lat' dir='ltr'>neque</span> <span class='ocrx_word' id='word_1_154' title='bbox 503 1486 600 1521; x_wconf 85' lang='lat' dir='ltr'>enim</span> <span class='ocrx_word' id='word_1_155' title='bbox 642 1492 744 1521; x_wconf 85' lang='lat' dir='ltr'>recte</span> <span class='ocrx_word' id='word_1_156' title='bbox 786 1486 895 1522; x_wconf 79' lang='lat' dir='ltr'>abest</span> <span class='ocrx_word' id='word_1_157' title='bbox 934 1485 1125 1535; x_wconf 86' lang='lat' dir='ltr'>particula</span> <span class='ocrx_word' id='word_1_158' title='bbox 1156 1483 1386 1520; x_wconf 79' lang='lat' dir='ltr'>disiunctiva</span> <span class='ocrx_word' id='word_1_159' title='bbox 1426 1484 1463 1520; x_wconf 90' lang='lat' dir='ltr'>in</span> <span class='ocrx_word' id='word_1_160' title='bbox 1493 1484 1566 1520; x_wconf 84' lang='lat' dir='ltr'>hae</span> 
     </span>
     <span class='ocr_line' id='line_1_20' title="bbox 152 1554 1565 1606; baseline -0.002 -13"><span class='ocrx_word' id='word_1_161' title='bbox 152 1557 314 1593; x_wconf 87' lang='lat' dir='ltr'>duarum</span> <span class='ocrx_word' id='word_1_162' title='bbox 344 1570 471 1593; x_wconf 87' lang='lat' dir='ltr'>rerum</span> <span class='ocrx_word' id='word_1_163' title='bbox 505 1556 673 1605; x_wconf 84' lang='lat' dir='ltr'>diligenti</span> <span class='ocrx_word' id='word_1_164' title='bbox 705 1557 974 1606; x_wconf 75' lang='lat' dir='ltr'>separatione,</span> <span class='ocrx_word' id='word_1_165' title='bbox 1014 1562 1056 1592; x_wconf 86' lang='lat' dir='ltr'>ut</span> <span class='ocrx_word' id='word_1_166' title='bbox 1086 1562 1290 1603; x_wconf 86' lang='lat' dir='ltr'>utrumque</span> <span class='ocrx_word' id='word_1_167' title='bbox 1323 1567 1392 1604; x_wconf 88' lang='lat' dir='ltr'>per</span> <span class='ocrx_word' id='word_1_168' title='bbox 1423 1567 1463 1591; x_wconf 78' lang='lat' dir='ltr'>se</span> <span class='ocrx_word' id='word_1_169' title='bbox 1493 1554 1565 1591; x_wconf 94' lang='lat' dir='ltr'>tol-</span> 
     </span>
     <span class='ocr_line' id='line_1_21' title="bbox 154 1625 1565 1676; baseline -0.002 -12"><span class='ocrx_word' id='word_1_170' title='bbox 154 1628 264 1664; x_wconf 80' lang='lat' dir='ltr'>latur.</span> <span class='ocrx_word' id='word_1_171' title='bbox 330 1628 384 1666; x_wconf 79' lang='lat' dir='ltr'>Ut</span> <span class='ocrx_word' id='word_1_172' title='bbox 416 1629 477 1665; x_wconf 87' lang='lat' dir='ltr'>hie</span> <span class='ocrx_word' id='word_1_173' title='bbox 509 1627 661 1664; x_wconf 86' lang='lat' dir='ltr'>fuisse</span> <span class='ocrx_word' id='word_1_174' title='bbox 695 1640 766 1676; x_wconf 83' lang='lat' dir='ltr'>pro</span> <span class='ocrx_word' id='word_1_175' title='bbox 798 1627 1004 1673; x_wconf 68' lang='lat' dir='ltr'>favisse,</span> <span class='ocrx_word' id='word_1_176' title='bbox 1047 1627 1100 1663; x_wconf 84' lang='lat' dir='ltr'>sie</span> <span class='ocrx_word' id='word_1_177' title='bbox 1137 1626 1290 1663; x_wconf 73' lang='lat' dir='ltr'>fuerit</span> <span class='ocrx_word' id='word_1_178' title='bbox 1328 1639 1398 1675; x_wconf 86' lang='lat' dir='ltr'>pro</span> <span class='ocrx_word' id='word_1_179' title='bbox 1429 1625 1565 1662; x_wconf 84' lang='lat' dir='ltr'>fave-</span> 
     </span>
     <span class='ocr_line' id='line_1_22' title="bbox 153 1696 1565 1747; baseline -0.003 -12"><span class='ocrx_word' id='word_1_180' title='bbox 153 1699 216 1735; x_wconf 88' lang='lat' dir='ltr'>rit</span> <span class='ocrx_word' id='word_1_181' title='bbox 245 1699 423 1736; x_wconf 79' lang='lat' dir='ltr'>scribitur</span> <span class='ocrx_word' id='word_1_182' title='bbox 450 1699 527 1743; x_wconf 68' lang='grc' dir='ltr'>ΙΙΙ,</span> <span class='ocrx_word' id='word_1_183' title='bbox 559 1701 622 1744; x_wconf 73' lang='lat'>45,</span> <span class='ocrx_word' id='word_1_184' title='bbox 656 1702 667 1735; x_wconf 96' lang='lat' dir='ltr'>l</span> <span class='ocrx_word' id='word_1_185' title='bbox 709 1698 746 1735; x_wconf 91' lang='lat' dir='ltr'>in</span> <span class='ocrx_word' id='word_1_186' title='bbox 773 1700 815 1736; x_wconf 84' lang='lat' dir='ltr'>M</span> <span class='ocrx_word' id='word_1_187' title='bbox 846 1706 883 1736; x_wconf 85' lang='lat' dir='ltr'>et</span> <span class='ocrx_word' id='word_1_188' title='bbox 913 1699 1010 1742; x_wconf 66' lang='lat' dir='ltr'>aliis„</span> <span class='ocrx_word' id='word_1_189' title='bbox 1042 1697 1219 1734; x_wconf 84' lang='lat' dir='ltr'>fuimus</span> <span class='ocrx_word' id='word_1_190' title='bbox 1249 1710 1320 1747; x_wconf 90' lang='lat' dir='ltr'>pro</span> <span class='ocrx_word' id='word_1_191' title='bbox 1354 1696 1565 1733; x_wconf 82' lang='lat' dir='ltr'>favimus</span> 
     </span>
     <span class='ocr_line' id='line_1_23' title="bbox 154 1766 1566 1818; baseline -0.002 -12"><span class='ocrx_word' id='word_1_192' title='bbox 154 1770 282 1815; x_wconf 76' lang='lat' dir='ltr'>XLV,</span> <span class='ocrx_word' id='word_1_193' title='bbox 314 1770 377 1814; x_wconf 71' lang='lat'>22,</span> <span class='ocrx_word' id='word_1_194' title='bbox 416 1773 462 1807; x_wconf 89' lang='lat'>10</span> <span class='ocrx_word' id='word_1_195' title='bbox 494 1770 531 1806; x_wconf 89' lang='lat' dir='ltr'>in</span> <span class='ocrx_word' id='word_1_196' title='bbox 563 1767 779 1817; x_wconf 70' lang='lat' dir='ltr'>Vindob.¹)</span> <span class='ocrx_word' id='word_1_197' title='bbox 850 1771 1052 1807; x_wconf 82' lang='lat' dir='ltr'>Postremo</span> <span class='ocrx_word' id='word_1_198' title='bbox 1085 1770 1170 1806; x_wconf 81' lang='lat' dir='ltr'>loco</span> <span class='ocrx_word' id='word_1_199' title='bbox 1208 1781 1351 1818; x_wconf 87' lang='lat' dir='ltr'>ponam</span> <span class='ocrx_word' id='word_1_200' title='bbox 1381 1780 1461 1804; x_wconf 88' lang='lat' dir='ltr'>rem</span> <span class='ocrx_word' id='word_1_201' title='bbox 1496 1766 1566 1803; x_wconf 91' lang='lat' dir='ltr'>mi-</span> 
     </span>
     <span class='ocr_line' id='line_1_24' title="bbox 152 1838 1566 1887; baseline -0.002 -10"><span class='ocrx_word' id='word_1_202' title='bbox 152 1841 294 1877; x_wconf 88' lang='lat' dir='ltr'>nimam</span> <span class='ocrx_word' id='word_1_203' title='bbox 340 1841 407 1877; x_wconf 87' lang='lat' dir='ltr'>sed</span> <span class='ocrx_word' id='word_1_204' title='bbox 456 1849 611 1887; x_wconf 63' lang='lat' dir='ltr'>certam,</span> <span class='ocrx_word' id='word_1_205' title='bbox 659 1843 759 1886; x_wconf 73' lang='lat'>§26</span> <span class='ocrx_word' id='word_1_206' title='bbox 802 1841 956 1878; x_wconf 89' lang='lat' dir='ltr'>Livium</span> <span class='ocrx_word' id='word_1_207' title='bbox 999 1840 1037 1877; x_wconf 91' lang='lat' dir='ltr'>in</span> <span class='ocrx_word' id='word_1_208' title='bbox 1081 1842 1154 1877; x_wconf 83' lang='lat' dir='ltr'>hac</span> <span class='ocrx_word' id='word_1_209' title='bbox 1203 1839 1387 1878; x_wconf 89' lang='lat' dir='ltr'>orationis</span> <span class='ocrx_word' id='word_1_210' title='bbox 1422 1838 1566 1876; x_wconf 86' lang='lat' dir='ltr'>forma:</span> 
     </span>
     <span class='ocr_line' id='line_1_25' title="bbox 153 1911 1566 1961; baseline -0.002 -12"><span class='ocrx_word' id='word_1_211' title='bbox 153 1925 289 1961; x_wconf 88' lang='lat' dir='ltr'>quum</span> <span class='ocrx_word' id='word_1_212' title='bbox 317 1925 565 1961; x_wconf 85' lang='lat' dir='ltr'>erumpere</span> <span class='ocrx_word' id='word_1_213' title='bbox 595 1912 772 1949; x_wconf 84' lang='lat' dir='ltr'>castris</span> <span class='ocrx_word' id='word_1_214' title='bbox 805 1919 1019 1961; x_wconf 79' lang='lat' dir='ltr'>oportet,</span> <span class='ocrx_word' id='word_1_215' title='bbox 1064 1911 1358 1950; x_wconf 82' lang='lat' dir='ltr'>cunctamini</span> <span class='ocrx_word' id='word_1_216' title='bbox 1387 1923 1439 1947; x_wconf 86' lang='lat' dir='ltr'>ae</span> <span class='ocrx_word' id='word_1_217' title='bbox 1469 1922 1566 1946; x_wconf 89' lang='lat' dir='ltr'>ma-</span> 
     </span>
     <span class='ocr_line' id='line_1_26' title="bbox 152 1983 1567 2032; baseline -0.003 -12"><span class='ocrx_word' id='word_1_218' title='bbox 152 1983 298 2030; x_wconf 79' lang='lat' dir='ltr'>netis,</span> <span class='ocrx_word' id='word_1_219' title='bbox 339 1997 476 2032; x_wconf 88' lang='lat' dir='ltr'>quum</span> <span class='ocrx_word' id='word_1_220' title='bbox 517 1997 727 2029; x_wconf 63' lang='lat' dir='ltr'>manere,</span> <span class='ocrx_word' id='word_1_221' title='bbox 779 1990 942 2020; x_wconf 85' lang='lat' dir='ltr'>castra</span> <span class='ocrx_word' id='word_1_222' title='bbox 982 1984 1135 2021; x_wconf 82' lang='lat' dir='ltr'>tutari</span> <span class='ocrx_word' id='word_1_223' title='bbox 1186 1983 1335 2020; x_wconf 82' lang='lat' dir='ltr'>armis</span> <span class='ocrx_word' id='word_1_224' title='bbox 1370 1992 1567 2018; x_wconf 85' lang='lat' dir='ltr'>neeesse</span> 
     </span>
     <span class='ocr_line' id='line_1_27' title="bbox 153 2053 1566 2104; baseline -0.001 -14"><span class='ocrx_word' id='word_1_225' title='bbox 153 2060 245 2100; x_wconf 83' lang='lat' dir='ltr'>est,</span> <span class='ocrx_word' id='word_1_226' title='bbox 292 2059 336 2091; x_wconf 84' lang='lat' dir='ltr'>et</span> <span class='ocrx_word' id='word_1_227' title='bbox 376 2061 543 2092; x_wconf 83' lang='lat' dir='ltr'>castra</span> <span class='ocrx_word' id='word_1_228' title='bbox 584 2062 628 2091; x_wconf 90' lang='lat' dir='ltr'>et</span> <span class='ocrx_word' id='word_1_229' title='bbox 666 2068 796 2092; x_wconf 88' lang='lat' dir='ltr'>arma</span> <span class='ocrx_word' id='word_1_230' title='bbox 840 2062 881 2091; x_wconf 88' lang='lat' dir='ltr'>et</span> <span class='ocrx_word' id='word_1_231' title='bbox 912 2067 996 2092; x_wconf 84' lang='lat' dir='ltr'>vos</span> <span class='ocrx_word' id='word_1_232' title='bbox 1026 2055 1160 2104; x_wconf 86' lang='lat' dir='ltr'>ipsos</span> <span class='ocrx_word' id='word_1_233' title='bbox 1187 2054 1388 2091; x_wconf 87' lang='lat' dir='ltr'>traditis</span> <span class='ocrx_word' id='word_1_234' title='bbox 1418 2053 1566 2098; x_wconf 72' lang='lat' dir='ltr'>hosti,</span> 
     </span>
     <span class='ocr_line' id='line_1_28' title="bbox 152 2121 1567 2175; baseline -0.001 -13"><span class='ocrx_word' id='word_1_235' title='bbox 152 2138 230 2162; x_wconf 89' lang='lat' dir='ltr'>non</span> <span class='ocrx_word' id='word_1_236' title='bbox 275 2138 385 2162; x_wconf 86' lang='lat' dir='ltr'>usum</span> <span class='ocrx_word' id='word_1_237' title='bbox 423 2138 505 2162; x_wconf 84' lang='lat' dir='ltr'>esse</span> <span class='ocrx_word' id='word_1_238' title='bbox 551 2125 737 2175; x_wconf 84' lang='lat' dir='ltr'>asyndeto</span> <span class='ocrx_word' id='word_1_239' title='bbox 781 2126 818 2162; x_wconf 93' lang='lat' dir='ltr'>in</span> <span class='ocrx_word' id='word_1_240' title='bbox 859 2126 982 2162; x_wconf 86' lang='lat' dir='ltr'>altera</span> <span class='ocrx_word' id='word_1_241' title='bbox 1021 2121 1189 2175; x_wconf 80' lang='lat' dir='ltr'>prot-asi,</span> <span class='ocrx_word' id='word_1_242' title='bbox 1242 2126 1309 2162; x_wconf 85' lang='lat' dir='ltr'>sed</span> <span class='ocrx_word' id='word_1_243' title='bbox 1352 2124 1567 2173; x_wconf 84' lang='lat' dir='ltr'>scripsisse:</span> 
     </span>
     <span class='ocr_line' id='line_1_29' title="bbox 154 2196 1454 2245; baseline -0.002 -12"><span class='ocrx_word' id='word_1_244' title='bbox 154 2208 293 2244; x_wconf 91' lang='lat' dir='ltr'>quum</span> <span class='ocrx_word' id='word_1_245' title='bbox 324 2209 518 2233; x_wconf 86' lang='lat' dir='ltr'>manere</span> <span class='ocrx_word' id='word_1_246' title='bbox 549 2203 592 2233; x_wconf 88' lang='lat' dir='ltr'>et</span> <span class='ocrx_word' id='word_1_247' title='bbox 622 2204 787 2233; x_wconf 84' lang='lat' dir='ltr'>castra</span> <span class='ocrx_word' id='word_1_248' title='bbox 816 2197 983 2234; x_wconf 86' lang='lat' dir='ltr'>tutari.</span> <span class='ocrx_word' id='word_1_249' title='bbox 1043 2197 1104 2233; x_wconf 87' lang='lat' dir='ltr'>Et</span> <span class='ocrx_word' id='word_1_250' title='bbox 1134 2196 1275 2233; x_wconf 83' lang='lat' dir='ltr'>excidit</span> <span class='ocrx_word' id='word_1_251' title='bbox 1303 2202 1391 2245; x_wconf 88' lang='lat' dir='ltr'>post</span> <span class='ocrx_word' id='word_1_252' title='bbox 1421 2208 1454 2236; x_wconf 80' lang='lat' dir='ltr'>e.</span> 
     </span>
    </p>
   </div>
   <div class='ocr_carea' id='block_1_3' title="bbox 179 2411 1568 2580">
    <p class='ocr_par' dir='ltr' id='par_1_3' title="bbox 179 2411 1568 2580">
     <span class='ocr_line' id='line_1_30' title="bbox 179 2411 1568 2457; baseline -0.001 -11"><span class='ocrx_word' id='word_1_253' title='bbox 179 2411 212 2456; x_wconf 78' lang='lat'>1)</span> <span class='ocrx_word' id='word_1_254' title='bbox 245 2414 326 2446; x_wconf 85' lang='lat' dir='ltr'>Haec</span> <span class='ocrx_word' id='word_1_255' title='bbox 353 2424 487 2457; x_wconf 86' lang='lat' dir='ltr'>quoque</span> <span class='ocrx_word' id='word_1_256' title='bbox 511 2416 702 2446; x_wconf 85' lang='lat' dir='ltr'>emendatio</span> <span class='ocrx_word' id='word_1_257' title='bbox 729 2415 818 2456; x_wconf 84' lang='lat' dir='ltr'>apud</span> <span class='ocrx_word' id='word_1_258' title='bbox 845 2414 1087 2455; x_wconf 82' lang='lat' dir='ltr'>Ingerslevium</span> <span class='ocrx_word' id='word_1_259' title='bbox 1114 2415 1148 2445; x_wconf 91' lang='lat' dir='ltr'>in</span> <span class='ocrx_word' id='word_1_260' title='bbox 1175 2419 1336 2446; x_wconf 87' lang='lat' dir='ltr'>contextu</span> <span class='ocrx_word' id='word_1_261' title='bbox 1363 2415 1476 2456; x_wconf 86' lang='lat' dir='ltr'>posita</span> <span class='ocrx_word' id='word_1_262' title='bbox 1499 2419 1568 2453; x_wconf 69' lang='grc' dir='ltr'>θεῖς</span> 
     </span>
     <span class='ocr_line' id='line_1_31' title="bbox 248 2476 1566 2519; baseline -0.001 -12"><span class='ocrx_word' id='word_1_263' title='bbox 248 2476 424 2510; x_wconf 83' lang='lat' dir='ltr'>adnotatio</span> <span class='ocrx_word' id='word_1_264' title='bbox 447 2478 539 2519; x_wconf 87' lang='lat' dir='ltr'>prius</span> <span class='ocrx_word' id='word_1_265' title='bbox 565 2478 690 2519; x_wconf 84' lang='lat' dir='ltr'>scripta</span> <span class='ocrx_word' id='word_1_266' title='bbox 714 2477 848 2508; x_wconf 80' lang='lat' dir='ltr'>mansit.</span> <span class='ocrx_word' id='word_1_267' title='bbox 899 2476 1086 2510; x_wconf 86' lang='lat' dir='ltr'>Infeliciter</span> <span class='ocrx_word' id='word_1_268' title='bbox 1118 2478 1231 2509; x_wconf 89' lang='lat' dir='ltr'>locum</span> <span class='ocrx_word' id='word_1_269' title='bbox 1259 2477 1399 2508; x_wconf 84' lang='lat' dir='ltr'>tentavit</span> <span class='ocrx_word' id='word_1_270' title='bbox 1424 2476 1566 2508; x_wconf 82' lang='lat' dir='ltr'>Wexius</span> 
     </span>
     <span class='ocr_line' id='line_1_32' title="bbox 250 2527 1465 2580; baseline 0 -11"><span class='ocrx_word' id='word_1_271' title='bbox 250 2537 338 2570; x_wconf 83' lang='lat' dir='ltr'>Mus.</span> <span class='ocrx_word' id='word_1_272' title='bbox 365 2539 430 2572; x_wconf 84' lang='lat' dir='ltr'>Rh.</span> <span class='ocrx_word' id='word_1_273' title='bbox 456 2539 522 2570; x_wconf 75' lang='lat' dir='ltr'>vol.</span> <span class='ocrx_word' id='word_1_274' title='bbox 551 2539 598 2580; x_wconf 84' lang='lat' dir='ltr'>(n.</span> <span class='ocrx_word' id='word_1_275' title='bbox 626 2539 668 2578; x_wconf 83' lang='lat' dir='ltr'>s.)</span> <span class='ocrx_word' id='word_1_276' title='bbox 696 2538 767 2569; x_wconf 83' lang='lat' dir='ltr'>XII</span> <span class='ocrx_word' id='word_1_277' title='bbox 793 2549 828 2580; x_wconf 85' lang='lat' dir='ltr'>p.</span> <span class='ocrx_word' id='word_1_278' title='bbox 859 2541 933 2570; x_wconf 81' lang='lat'>632.</span> <span class='ocrx_word' id='word_1_279' title='bbox 1460 2527 1465 2529; x_wconf 83' lang='grc'><strong>’</strong></span> 
     </span>
    </p>
   </div>
  </div>
 </body>
</html>
