1811 2925
770 127 847 164 289
1252 125 1325 157 Lib.
1352 125 1468 158 xxv,

103 249 315 286 lentinos
346 250 432 296 dici,
463 251 527 299 qui
559 257 646 287 ante
679 249 882 298 significati
912 261 989 285 non
1019 254 1158 294 essent,
1190 248 1393 285 eRubenii
1425 261 1514 285 con-

103 319 249 356 iectura
279 319 481 357 Gronovio
514 321 680 370 probata
709 332 831 368 nuper
862 318 1044 367 scriptum
1079 324 1153 354 est:
1195 318 1419 366 Ipsorum
1452 318 1514 354 in-

105 390 243 426 terim
275 402 327 426 ae
359 390 734 428 Salentinorum.
825 388 902 426 Sed
939 388 1239 425 Tarentinorum
1281 388 1394 424 nullae
1435 388 1517 425 fue-

103 466 191 497 runt
220 461 334 497 urbes
368 467 506 509 praeter
536 462 766 504 Tarentum3
809 459 1124 509 (Sallentinorum
1165 457 1331 494 fortasse
1370 459 1518 507 aliquot

103 531 323 567 Tarentinis
354 531 593 580 paruerunt).
669 533 873 575 Praeterea,
913 529 1152 578 praecedente
1195 529 1239 565 in
1277 540 1392 576 agro
1431 530 1517 565 Ta-

104 601 309 644 rentino,
349 601 624 638 subiiciendum
668 608 814 637 tantum
857 606 940 636 erat
980 599 1112 635 urbis
1143 598 1409 648 potiundae,
1442 612 1517 635 non

106 671 323 708 addendum
366 673 760 708 Tarentinorum.
829 670 906 708 Sed
945 671 984 706 in
1024 670 1057 706 P
1101 670 1279 706 scribitur
1323 669 1368 705 in
1401 682 1518 718 agro

106 741 364 780 talentino.
432 742 648 791 Scripserat
678 742 794 790 igitur
825 741 977 777 Livius:
1022 741 1072 778 H.
1112 741 1155 777 in
1194 752 1308 788 agro
1351 740 1514 777 Salen-

106 812 208 847 tino
240 818 453 848 {estatem
485 811 810 861 consiimpsit‚
853 823 937 859 spe
976 841 1012 848 ..
1054 811 1190 847 urbis
1230 811 1518 847 Tarentino-

106 894 205 917 rum
249 882 324 927 (cui
354 882 384 917 is
416 894 508 929 ager
550 881 696 917 vicinus
737 880 834 929 erat)
879 881 1141 930 potiundae.
1202 882 1423 931 Ipsorum
1454 885 1519 921 in-

106 952 245 988 terim
279 952 398 1000 (apud
431 963 526 999 quos
556 951 730 999 sedebat)
776 951 1145 988 Salentinorum
1187 959 1256 987 cet.
1336 952 1432 1002 Cap.
1485 956 1519 997 S,

112 1022 156 1056 12
204 1021 319 1056 tridui
361 1021 463 1056 viam
500 1033 523 1056 a
564 1022 735 1058 Tarento
773 1020 973 1058 Hannibal
1014 1020 1157 1057 afuisse
1187 1022 1335 1062 dieitur,
1395 1024 1520 1060 Paulo

105 1097 194 1140 post
224 1092 259 1137 (ξ
292 1093 331 1137 6)
361 1091 557 1139 geminata
587 1092 713 1128 littera
754 1093 776 1131 d
807 1091 1048 1129 scribendum
1080 1098 1194 1140 puto:
1243 1092 1379 1140 Quod
1422 1094 1520 1130 diu-

105 1162 204 1198 tius
248 1161 538 1197 trahebatur
577 1162 755 1199 bellum
801 1169 845 1198 et¹
885 1161 1153 1198 variabant
1191 1164 1412 1200 secundae
1448 1165 1520 1200 ad-

105 1244 354 1280 versaeque
399 1244 474 1268 res
519 1263 554 1270 ..
602 1233 787 1269 animos
832 1232 1075 1268 hominum
1126 1239 1196 1269 eet.
1279 1234 1383 1270 Nam
1431 1247 1520 1283 quo

105 1314 191 1339 cum
225 1302 488 1339 variabant
519 1302 697 1351 coniungi
728 1314 806 1338 non
832 1302 984 1338 videtur
1013 1315 1136 1351 posse.
1149 1300 1180 1350 ¹)

226 1371 322 1421 Cap.
359 1376 394 1418 6,
427 1374 448 1408 2
491 1373 545 1419 (in
577 1372 750 1409 oratione
793 1372 956 1409 militum
989 1371 1247 1410 Cannensium
1282 1376 1385 1423 apud
1416 1376 1522 1412 Mar-

108 1442 281 1488 cellum):
312 1441 572 1479 Consulem
605 1449 668 1487 te,
699 1443 753 1479 M.
786 1443 1041 1487 Marcelle,
1081 1443 1124 1479 in
1165 1444 1363 1481 Italiam
1399 1445 1521 1485 adis-

108 1524 288 1557 semUS‚
320 1525 459 1561 quum
489 1514 691 1562 primum
724 1513 778 1548 (le
808 1513 949 1548 nobis
978 1513 1188 1551 ..triste
1210 1514 1249 1552 S.
1270 1514 1313 1555 C.
1336 1515 1521 1552 factum

111 1589 197 1619 est.
271 1584 325 1619 In
372 1584 572 1620 Italiam
604 1583 941 1619 Weissenbornius
989 1596 1034 1619 eo
1079 1584 1194 1620 modo
1226 1585 1368 1622 dietum
1399 1592 1521 1634 putat,

111 1665 187 1701 quo
219 1654 373 1690 dieitur:
405 1656 563 1703 Arpos
593 1654 639 1690 in
669 1653 898 1702 Apuliam
925 1653 1092 1690 venire
1123 1660 1160 1690 et
1189 1655 1338 1693 similia.
1399 1656 1522 1704 Atqui

110 1730 203 1767 tum,
235 1736 350 1771 quum
383 1723 422 1761 S.
455 1723 497 1760 C.
531 1725 577 1761 de
608 1723 821 1761 Cannensis
853 1725 1042 1761 exereitus
1074 1725 1244 1773 reliquiis
1282 1726 1320 1761 in
1352 1726 1520 1763 Siciliam

111 1794 304 1830 mittendis
349 1793 494 1830 factum
539 1801 595 1831 est
641 1795 820 1841 (XXIII,
868 1796 931 1837 25,
979 1796 1031 1842 2).
1078 1795 1215 1831 milites
1256 1796 1311 1832 illi
1340 1796 1378 1832 in
1408 1797 1524 1833 Italia

112 1871 221 1900 erant
240 1877 308 1900 nee
328 1871 507 1913 poterant
536 1865 580 1900 in
610 1865 808 1901 Italiam
835 1865 1005 1901 venire
1036 1872 1101 1901 aut
1130 1866 1342 1913 aliquem
1375 1867 1522 1905 adire.

112 1933 363 1971 Seribendum
394 1934 523 1983 itaque
553 1935 596 1971 in
625 1936 787 1972 Italia.
850 1935 960 1985 (vid.
993 1936 1042 1972 ad
1072 1936 1237 1984 XXIII,
1272 1938 1307 1980 3,
1340 1933 1438 1983 3.)‘²)

224 2004 319 2053 Cap.
357 2006 392 2050 8,
425 2007 446 2042 8
478 2005 536 2054 (in
571 2005 857 2042 condicionibus
888 2007 1075 2055 prodendi
1096 2005 1307 2042 Hannibali
1324 2006 1524 2055 Tarenti):

111 2075 310 2123 prodita
340 2076 572 2123 praesidia
602 2076 1083 2124 Carthaginiensium
1113 2076 1228 2112 fore.
1295 2077 1524 2114 Praesidium

112 2143 487 2192 Carthaginiensium
530 2146 635 2191 fieri,
695 2159 810 2194 quum
864 2146 1006 2194 captivi
1061 2146 1346 2194 significentur,
1404 2148 1524 2185 inusi-

113 2220 191 2250 tate
223 2215 296 2251 dici
330 2215 392 2250 W.
432 2217 568 2262 sensit3
618 2217 857 2253 manifestius
903 2217 1016 2252 etiam
1064 2217 1190 2253 mendi
1232 2218 1411 2255 indicium
1456 2226 1524 2264 est,

115 2284 217 2332 quod
247 2287 477 2333 praesidia
509 2287 702 2330 dicuntum
744 2299 833 2322 nam
866 2299 981 2322 unum
1013 2294 1106 2325 erat.
1169 2288 1216 2324 In
1253 2289 1287 2324 P
1320 2295 1376 2325 est
1421 2301 1524 2338 pro-

139 2515 172 2558 ¹)
207 2517 244 2549 C.
273 2523 303 2551 4.
333 2521 348 2550 7
376 2529 436 2560 pro
462 2525 559 2550 acta
592 2519 806 2550 scribendum
837 2528 910 2550 esse
937 2526 1117 2561 accepta
1149 2521 1219 2551 dixi
1248 2520 1372 2561 Opusc.
1404 2523 1464 2552 Ac.
1491 2522 1523 2551 11

208 2590 239 2620 p.
268 2583 333 2611 362
364 2586 565 2621 secutusque
592 2586 642 2610 est
668 2579 722 2611 W.
774 2581 892 2621 Itaque
918 2580 1002 2611 nihil
1029 2581 1127 2612 addo.

137 2637 171 2681 ²)
206 2642 224 2680 ἓ
251 2641 270 2673 9
296 2642 491 2682 simpliciter
517 2642 761 2672 restituendum
789 2642 959 2673 saevitis.

153 2712 295 2735 summu
318 2712 442 2735 amm-u.
465 2712 537 2735 Lm.
1215 2721 1253 2749 19
