<?xml version="1.0" encoding="UTF-8"?>
<!DOCTYPE html PUBLIC "-//W3C//DTD XHTML 1.0 Transitional//EN"
    "http://www.w3.org/TR/xhtml1/DTD/xhtml1-transitional.dtd">
<html xmlns="http://www.w3.org/1999/xhtml" xml:lang="en" lang="en">
 <head>
  <title>
</title>
<meta http-equiv="Content-Type" content="text/html;charset=utf-8" />
  <meta name='ocr-system' content='tesseract 3.04.00' />
  <meta name='ocr-capabilities' content='ocr_page ocr_carea ocr_par ocr_line ocrx_word'/>
</head>
<body>
  <div class='ocr_page' id='page_1' title='image "./emendationeslivi00madvuoft_0351.png"; bbox 0 0 1811 2925; ppageno 0'>
   <div class='ocr_carea' id='block_1_1' title="bbox 828 151 1570 188">
    <p class='ocr_par' dir='ltr' id='par_1_1' title="bbox 828 151 1570 188">
     <span class='ocr_line' id='line_1_1' title="bbox 828 151 1570 188; baseline -0.011 0"><span class='ocrx_word' id='word_1_1' title='bbox 828 152 875 188; x_wconf 82' lang='grc'>34</span> <span class='ocrx_word' id='word_1_2' title='bbox 884 153 905 187; x_wconf 87' lang='grc'><strong>5</strong></span> <span class='ocrx_word' id='word_1_3' title='bbox 1354 151 1428 182; x_wconf 88' lang='lat' dir='ltr'>Lib.</span> <span class='ocrx_word' id='word_1_4' title='bbox 1459 151 1570 182; x_wconf 88' lang='lat' dir='ltr'>XXX.</span> 
     </span>
    </p>
   </div>
   <div class='ocr_carea' id='block_1_2' title="bbox 163 272 1571 955">
    <p class='ocr_par' dir='ltr' id='par_1_2' title="bbox 163 272 1571 955">
     <span class='ocr_line' id='line_1_2' title="bbox 166 272 1570 324; baseline 0 -13"><span class='ocrx_word' id='word_1_5' title='bbox 166 273 344 324; x_wconf 87' lang='lat' dir='ltr'>populo</span> <span class='ocrx_word' id='word_1_6' title='bbox 374 273 566 315; x_wconf 43' lang='lat' dir='ltr'>iratum2</span> <span class='ocrx_word' id='word_1_7' title='bbox 605 272 728 320; x_wconf 89' lang='lat' dir='ltr'>quod</span> <span class='ocrx_word' id='word_1_8' title='bbox 770 272 938 321; x_wconf 91' lang='lat' dir='ltr'>iniquo</span> <span class='ocrx_word' id='word_1_9' title='bbox 971 273 1151 310; x_wconf 84' lang='lat' dir='ltr'>iudicio</span> <span class='ocrx_word' id='word_1_10' title='bbox 1184 275 1419 322; x_wconf 86' lang='lat' dir='ltr'>quondam</span> <span class='ocrx_word' id='word_1_11' title='bbox 1449 275 1570 311; x_wconf 85' lang='lat' dir='ltr'>dam-</span> 
     </span>
     <span class='ocr_line' id='line_1_3' title="bbox 165 343 1570 392; baseline 0.001 -11"><span class='ocrx_word' id='word_1_12' title='bbox 165 351 306 382; x_wconf 84' lang='lat' dir='ltr'>natus</span> <span class='ocrx_word' id='word_1_13' title='bbox 347 350 492 388; x_wconf 82' lang='lat' dir='ltr'>esset3</span> <span class='ocrx_word' id='word_1_14' title='bbox 535 349 579 379; x_wconf 85' lang='lat' dir='ltr'>et</span> <span class='ocrx_word' id='word_1_15' title='bbox 621 343 666 379; x_wconf 87' lang='lat' dir='ltr'>in</span> <span class='ocrx_word' id='word_1_16' title='bbox 711 343 870 392; x_wconf 84' lang='lat' dir='ltr'>pretio</span> <span class='ocrx_word' id='word_1_17' title='bbox 915 344 1036 381; x_wconf 87' lang='lat' dir='ltr'>salis</span> <span class='ocrx_word' id='word_1_18' title='bbox 1086 345 1291 381; x_wconf 82' lang='lat' dir='ltr'><strong>maxime</strong></span> <span class='ocrx_word' id='word_1_19' title='bbox 1340 351 1570 382; x_wconf 84' lang='lat' dir='ltr'>oneratas</span> 
     </span>
     <span class='ocr_line' id='line_1_4' title="bbox 164 414 1570 462; baseline 0.002 -11"><span class='ocrx_word' id='word_1_20' title='bbox 164 415 341 458; x_wconf 71' lang='lat' dir='ltr'>tribus,</span> <span class='ocrx_word' id='word_1_21' title='bbox 389 427 586 462; x_wconf 89' lang='lat' dir='ltr'>quarum</span> <span class='ocrx_word' id='word_1_22' title='bbox 629 426 778 462; x_wconf 85' lang='lat' dir='ltr'>opera</span> <span class='ocrx_word' id='word_1_23' title='bbox 821 414 1076 450; x_wconf 85' lang='lat' dir='ltr'>damnatus</span> <span class='ocrx_word' id='word_1_24' title='bbox 1121 421 1243 458; x_wconf 68' lang='lat' dir='ltr'>erat,</span> <span class='ocrx_word' id='word_1_25' title='bbox 1289 416 1570 455; x_wconf 77' lang='lat' dir='ltr'>credebant.</span> 
     </span>
     <span class='ocr_line' id='line_1_5' title="bbox 164 484 1570 533; baseline 0.001 -11"><span class='ocrx_word' id='word_1_26' title='bbox 164 493 375 523; x_wconf 85' lang='lat' dir='ltr'>extremum</span> <span class='ocrx_word' id='word_1_27' title='bbox 414 486 572 522; x_wconf 86' lang='lat' dir='ltr'>verbum</span> <span class='ocrx_word' id='word_1_28' title='bbox 613 497 636 520; x_wconf 84' lang='lat' dir='ltr'><strong>a</strong></span> <span class='ocrx_word' id='word_1_29' title='bbox 676 485 787 521; x_wconf 79' lang='lat' dir='ltr'>Livio</span> <span class='ocrx_word' id='word_1_30' title='bbox 835 497 911 521; x_wconf 91' lang='lat' dir='ltr'>non</span> <span class='ocrx_word' id='word_1_31' title='bbox 955 496 1038 521; x_wconf 88' lang='lat' dir='ltr'>esse</span> <span class='ocrx_word' id='word_1_32' title='bbox 1069 484 1260 533; x_wconf 82' lang='lat' dir='ltr'>suspicor3</span> <span class='ocrx_word' id='word_1_33' title='bbox 1297 492 1398 522; x_wconf 87' lang='lat' dir='ltr'>certe</span> <span class='ocrx_word' id='word_1_34' title='bbox 1426 487 1570 524; x_wconf 86' lang='lat' dir='ltr'>incom-</span> 
     </span>
     <span class='ocr_line' id='line_1_6' title="bbox 164 554 1571 605; baseline 0.002 -12"><span class='ocrx_word' id='word_1_35' title='bbox 164 556 386 594; x_wconf 86' lang='lat' dir='ltr'>modissime</span> <span class='ocrx_word' id='word_1_36' title='bbox 422 556 637 605; x_wconf 81' lang='lat' dir='ltr'>geminatur</span> <span class='ocrx_word' id='word_1_37' title='bbox 685 554 828 603; x_wconf 76' lang='lat' dir='ltr'>(satis</span> <span class='ocrx_word' id='word_1_38' title='bbox 867 556 1130 592; x_wconf 83' lang='lat' dir='ltr'>eredebant</span> <span class='ocrx_word' id='word_1_39' title='bbox 1175 586 1211 593; x_wconf 89' lang='lat'>..</span> <span class='ocrx_word' id='word_1_40' title='bbox 1253 562 1296 592; x_wconf 88' lang='lat' dir='ltr'>et</span> <span class='ocrx_word' id='word_1_41' title='bbox 1333 587 1369 594; x_wconf 91' lang='lat'>..</span> <span class='ocrx_word' id='word_1_42' title='bbox 1413 559 1571 596; x_wconf 86' lang='lat' dir='ltr'>crede-</span> 
     </span>
     <span class='ocr_line' id='line_1_7' title="bbox 163 626 1569 669; baseline 0.001 -5"><span class='ocrx_word' id='word_1_43' title='bbox 163 628 308 667; x_wconf 85' lang='lat' dir='ltr'>bant).</span> <span class='ocrx_word' id='word_1_44' title='bbox 379 628 582 663; x_wconf 80' lang='lat' dir='ltr'>Postremo</span> <span class='ocrx_word' id='word_1_45' title='bbox 627 629 644 669; x_wconf 66' lang='grc' dir='ltr'>ξ</span> <span class='ocrx_word' id='word_1_46' title='bbox 683 626 751 662; x_wconf 81' lang='lat'>12.</span> <span class='ocrx_word' id='word_1_47' title='bbox 797 626 863 662; x_wconf 91' lang='lat' dir='ltr'>ubi</span> <span class='ocrx_word' id='word_1_48' title='bbox 892 626 945 663; x_wconf 85' lang='lat' dir='ltr'>sic</span> <span class='ocrx_word' id='word_1_49' title='bbox 975 626 1170 662; x_wconf 82' lang='lat' dir='ltr'>scribitur:</span> <span class='ocrx_word' id='word_1_50' title='bbox 1215 627 1340 664; x_wconf 86' lang='lat' dir='ltr'>inter</span> <span class='ocrx_word' id='word_1_51' title='bbox 1381 630 1569 666; x_wconf 87' lang='lat' dir='ltr'>nomina</span> 
     </span>
     <span class='ocr_line' id='line_1_8' title="bbox 163 696 1570 749; baseline 0.002 -15"><span class='ocrx_word' id='word_1_52' title='bbox 163 710 352 741; x_wconf 85' lang='lat' dir='ltr'>eorum,</span> <span class='ocrx_word' id='word_1_53' title='bbox 401 709 518 745; x_wconf 89' lang='lat' dir='ltr'>quos</span> <span class='ocrx_word' id='word_1_54' title='bbox 555 696 754 732; x_wconf 85' lang='lat' dir='ltr'>aerarios</span> <span class='ocrx_word' id='word_1_55' title='bbox 798 696 1135 745; x_wconf 65' lang='lat' dir='ltr'>relinquebat,</span> <span class='ocrx_word' id='word_1_56' title='bbox 1187 697 1318 734; x_wconf 83' lang='lat' dir='ltr'>dedit</span> <span class='ocrx_word' id='word_1_57' title='bbox 1365 699 1570 749; x_wconf 87' lang='lat' dir='ltr'>collegae</span> 
     </span>
     <span class='ocr_line' id='line_1_9' title="bbox 163 768 1569 816; baseline 0.002 -12"><span class='ocrx_word' id='word_1_58' title='bbox 163 781 349 805; x_wconf 86' lang='lat' dir='ltr'>nomen.</span> <span class='ocrx_word' id='word_1_59' title='bbox 393 768 599 804; x_wconf 76' lang='lat' dir='ltr'>videndum</span> <span class='ocrx_word' id='word_1_60' title='bbox 629 773 734 816; x_wconf 66' lang='lat' dir='ltr'>puto,</span> <span class='ocrx_word' id='word_1_61' title='bbox 775 780 822 803; x_wconf 85' lang='lat' dir='ltr'>ne</span> <span class='ocrx_word' id='word_1_62' title='bbox 850 780 983 804; x_wconf 84' lang='lat' dir='ltr'>verum</span> <span class='ocrx_word' id='word_1_63' title='bbox 1014 768 1063 804; x_wconf 84' lang='lat' dir='ltr'>sit</span> <span class='ocrx_word' id='word_1_64' title='bbox 1093 768 1262 813; x_wconf 88' lang='lat' dir='ltr'>edidit;</span> <span class='ocrx_word' id='word_1_65' title='bbox 1307 769 1345 805; x_wconf 89' lang='lat' dir='ltr'>id</span> <span class='ocrx_word' id='word_1_66' title='bbox 1391 770 1489 806; x_wconf 88' lang='lat' dir='ltr'>enim</span> <span class='ocrx_word' id='word_1_67' title='bbox 1531 771 1569 807; x_wconf 90' lang='lat' dir='ltr'>in</span> 
     </span>
     <span class='ocr_line' id='line_1_10' title="bbox 163 838 1570 887; baseline 0.002 -13"><span class='ocrx_word' id='word_1_68' title='bbox 163 839 230 875; x_wconf 84' lang='lat' dir='ltr'>tali</span> <span class='ocrx_word' id='word_1_69' title='bbox 260 838 423 875; x_wconf 85' lang='lat' dir='ltr'>hominis</span> <span class='ocrx_word' id='word_1_70' title='bbox 461 838 720 875; x_wconf 85' lang='lat' dir='ltr'>nominatione</span> <span class='ocrx_word' id='word_1_71' title='bbox 751 845 817 874; x_wconf 80' lang='lat' dir='ltr'>aut</span> <span class='ocrx_word' id='word_1_72' title='bbox 847 839 985 875; x_wconf 79' lang='lat' dir='ltr'>indicio</span> <span class='ocrx_word' id='word_1_73' title='bbox 1016 839 1070 875; x_wconf 88' lang='lat' dir='ltr'>rei</span> <span class='ocrx_word' id='word_1_74' title='bbox 1100 839 1296 887; x_wconf 90' lang='lat' dir='ltr'>proprium</span> <span class='ocrx_word' id='word_1_75' title='bbox 1328 852 1465 876; x_wconf 91' lang='lat' dir='ltr'>nomen</span> <span class='ocrx_word' id='word_1_76' title='bbox 1497 849 1570 886; x_wconf 80' lang='lat' dir='ltr'>est3</span> 
     </span>
     <span class='ocr_line' id='line_1_11' title="bbox 163 908 964 955; baseline 0.002 -11"><span class='ocrx_word' id='word_1_77' title='bbox 163 910 275 945; x_wconf 87' lang='lat' dir='ltr'>dare</span> <span class='ocrx_word' id='word_1_78' title='bbox 308 921 474 946; x_wconf 90' lang='lat' dir='ltr'>nomen</span> <span class='ocrx_word' id='word_1_79' title='bbox 507 912 646 955; x_wconf 71' lang='lat' dir='ltr'>(suum)</span> <span class='ocrx_word' id='word_1_80' title='bbox 677 908 787 945; x_wconf 85' lang='lat' dir='ltr'>aliter</span> <span class='ocrx_word' id='word_1_81' title='bbox 816 909 964 947; x_wconf 85' lang='lat' dir='ltr'>dieitur.</span> 
     </span>
    </p>
   </div>
   <div class='ocr_carea' id='block_1_3' title="bbox 672 1204 1053 1269">
    <p class='ocr_par' dir='ltr' id='par_1_3' title="bbox 672 1204 1053 1269">
     <span class='ocr_line' id='line_1_12' title="bbox 672 1204 1053 1269; baseline 0.005 -18"><span class='ocrx_word' id='word_1_82' title='bbox 672 1204 774 1253; x_wconf 87' lang='lat' dir='ltr'>Lib.</span> <span class='ocrx_word' id='word_1_83' title='bbox 818 1205 990 1253; x_wconf 84' lang='lat' dir='ltr'>XXX.</span> <span class='ocrx_word' id='word_1_84' title='bbox 1017 1207 1053 1269; x_wconf 76' lang='lat'>¹)</span> 
     </span>
    </p>
   </div>
   <div class='ocr_carea' id='block_1_4' title="bbox 157 1342 1569 1747">
    <p class='ocr_par' dir='ltr' id='par_1_4' title="bbox 157 1342 1569 1747">
     <span class='ocr_line' id='line_1_13' title="bbox 269 1342 1566 1396; baseline 0.005 -16"><span class='ocrx_word' id='word_1_85' title='bbox 269 1342 364 1392; x_wconf 82' lang='lat' dir='ltr'>Cap.</span> <span class='ocrx_word' id='word_1_86' title='bbox 400 1347 434 1380; x_wconf 72' lang='lat'>4.</span> <span class='ocrx_word' id='word_1_87' title='bbox 479 1357 499 1380; x_wconf 78' lang='lat' dir='ltr'>o</span> <span class='ocrx_word' id='word_1_88' title='bbox 543 1344 625 1382; x_wconf 77' lang='lat' dir='ltr'>(ubi</span> <span class='ocrx_word' id='word_1_89' title='bbox 667 1343 881 1392; x_wconf 82' lang='lat' dir='ltr'>legatorum</span> <span class='ocrx_word' id='word_1_90' title='bbox 913 1344 1178 1380; x_wconf 86' lang='lat' dir='ltr'>Rornanorum</span> <span class='ocrx_word' id='word_1_91' title='bbox 1218 1346 1320 1392; x_wconf 83' lang='lat' dir='ltr'>apud</span> <span class='ocrx_word' id='word_1_92' title='bbox 1352 1346 1566 1396; x_wconf 74' lang='lat' dir='ltr'>Syphacem</span> 
     </span>
     <span class='ocr_line' id='line_1_14' title="bbox 157 1414 1565 1463; baseline 0.005 -14"><span class='ocrx_word' id='word_1_93' title='bbox 157 1425 285 1462; x_wconf 82' lang='lat' dir='ltr'>regem</span> <span class='ocrx_word' id='word_1_94' title='bbox 317 1415 440 1451; x_wconf 85' lang='lat' dir='ltr'>oratio</span> <span class='ocrx_word' id='word_1_95' title='bbox 485 1414 711 1461; x_wconf 80' lang='lat' dir='ltr'>indicatur):</span> <span class='ocrx_word' id='word_1_96' title='bbox 751 1414 986 1459; x_wconf 65' lang='lat' dir='ltr'>Proinde„</span> <span class='ocrx_word' id='word_1_97' title='bbox 1026 1426 1106 1450; x_wconf 86' lang='lat' dir='ltr'>seu</span> <span class='ocrx_word' id='word_1_98' title='bbox 1144 1415 1238 1463; x_wconf 87' lang='lat' dir='ltr'>ipsi</span> <span class='ocrx_word' id='word_1_99' title='bbox 1281 1422 1443 1453; x_wconf 78' lang='lat' dir='ltr'>staret</span> <span class='ocrx_word' id='word_1_100' title='bbox 1477 1419 1565 1456; x_wconf 84' lang='lat' dir='ltr'>iam</span> 
     </span>
     <span class='ocr_line' id='line_1_15' title="bbox 158 1485 1567 1538; baseline 0.004 -18"><span class='ocrx_word' id='word_1_101' title='bbox 158 1486 401 1522; x_wconf 80' lang='lat' dir='ltr'>sent-entia</span> <span class='ocrx_word' id='word_1_102' title='bbox 443 1498 523 1522; x_wconf 87' lang='lat' dir='ltr'>seu</span> <span class='ocrx_word' id='word_1_103' title='bbox 565 1485 886 1522; x_wconf 80' lang='lat' dir='ltr'>consulendus</span> <span class='ocrx_word' id='word_1_104' title='bbox 912 1485 1198 1521; x_wconf 86' lang='lat' dir='ltr'>Hasdrubal</span> <span class='ocrx_word' id='word_1_105' title='bbox 1230 1492 1274 1522; x_wconf 84' lang='lat' dir='ltr'>et</span> <span class='ocrx_word' id='word_1_106' title='bbox 1304 1486 1567 1538; x_wconf 79' lang='lat' dir='ltr'>Carthagi-</span> 
     </span>
     <span class='ocr_line' id='line_1_16' title="bbox 157 1554 1569 1608; baseline 0.004 -18"><span class='ocrx_word' id='word_1_107' title='bbox 157 1554 353 1591; x_wconf 86' lang='lat' dir='ltr'>nienses</span> <span class='ocrx_word' id='word_1_108' title='bbox 384 1563 562 1601; x_wconf 70' lang='lat' dir='ltr'>essent7</span> <span class='ocrx_word' id='word_1_109' title='bbox 618 1556 902 1592; x_wconf 78' lang='lat' dir='ltr'>consuleret.</span> <span class='ocrx_word' id='word_1_110' title='bbox 962 1556 1076 1603; x_wconf 84' lang='lat' dir='ltr'>Quod</span> <span class='ocrx_word' id='word_1_111' title='bbox 1106 1570 1176 1605; x_wconf 88' lang='lat' dir='ltr'>pro</span> <span class='ocrx_word' id='word_1_112' title='bbox 1223 1558 1385 1606; x_wconf 81' lang='lat' dir='ltr'>apodosi</span> <span class='ocrx_word' id='word_1_113' title='bbox 1414 1560 1569 1608; x_wconf 84' lang='lat' dir='ltr'>ponitur</span> 
     </span>
     <span class='ocr_line' id='line_1_17' title="bbox 159 1625 1567 1677; baseline 0.006 -18"><span class='ocrx_word' id='word_1_114' title='bbox 159 1625 456 1664; x_wconf 81' lang='lat' dir='ltr'>consuleret.</span> <span class='ocrx_word' id='word_1_115' title='bbox 502 1627 609 1663; x_wconf 85' lang='lat' dir='ltr'>alteri</span> <span class='ocrx_word' id='word_1_116' title='bbox 654 1633 800 1663; x_wconf 67' lang='lat' dir='ltr'>tantum</span> <span class='ocrx_word' id='word_1_117' title='bbox 846 1627 1059 1663; x_wconf 81' lang='lat' dir='ltr'>condicioni</span> <span class='ocrx_word' id='word_1_118' title='bbox 1090 1629 1335 1677; x_wconf 75' lang='lat' dir='ltr'>respondere.</span> <span class='ocrx_word' id='word_1_119' title='bbox 1365 1630 1413 1666; x_wconf 88' lang='lat' dir='ltr'>ab</span> <span class='ocrx_word' id='word_1_120' title='bbox 1445 1631 1567 1668; x_wconf 80' lang='lat' dir='ltr'>altera</span> 
     </span>
     <span class='ocr_line' id='line_1_18' title="bbox 159 1694 1564 1747; baseline 0.006 -17"><span class='ocrx_word' id='word_1_121' title='bbox 159 1694 256 1738; x_wconf 82' lang='lat' dir='ltr'>(seu</span> <span class='ocrx_word' id='word_1_122' title='bbox 286 1696 383 1744; x_wconf 88' lang='lat' dir='ltr'>ipsi</span> <span class='ocrx_word' id='word_1_123' title='bbox 414 1697 438 1733; x_wconf 85' lang='lat' dir='ltr'>i.</span> <span class='ocrx_word' id='word_1_124' title='bbox 469 1706 522 1735; x_wconf 84' lang='lat' dir='ltr'>st.</span> <span class='ocrx_word' id='word_1_125' title='bbox 555 1698 602 1745; x_wconf 83' lang='lat' dir='ltr'>s.)</span> <span class='ocrx_word' id='word_1_126' title='bbox 650 1710 806 1747; x_wconf 83' lang='lat' dir='ltr'>prorsus</span> <span class='ocrx_word' id='word_1_127' title='bbox 854 1699 1018 1735; x_wconf 84' lang='lat' dir='ltr'>alienum</span> <span class='ocrx_word' id='word_1_128' title='bbox 1060 1710 1161 1741; x_wconf 60' lang='lat' dir='ltr'>esse„</span> <span class='ocrx_word' id='word_1_129' title='bbox 1208 1699 1564 1739; x_wconf 74' lang='lat' dir='ltr'>Weissenbornium</span> 
     </span>
    </p>
   </div>
   <div class='ocr_carea' id='block_1_5' title="bbox 182 1938 1566 2728">
    <p class='ocr_par' dir='ltr' id='par_1_5' title="bbox 182 1938 1566 2728">
     <span class='ocr_line' id='line_1_19' title="bbox 182 1938 1566 1989; baseline 0.005 -17"><span class='ocrx_word' id='word_1_130' title='bbox 182 1938 212 1981; x_wconf 81' lang='lat'>¹)</span> <span class='ocrx_word' id='word_1_131' title='bbox 251 1941 289 1972; x_wconf 90' lang='lat' dir='ltr'>In</span> <span class='ocrx_word' id='word_1_132' title='bbox 315 1942 379 1972; x_wconf 89' lang='lat' dir='ltr'>hoc</span> <span class='ocrx_word' id='word_1_133' title='bbox 407 1942 492 1975; x_wconf 73' lang='lat' dir='ltr'>libro</span> <span class='ocrx_word' id='word_1_134' title='bbox 519 1945 628 1975; x_wconf 90' lang='lat' dir='ltr'>minus</span> <span class='ocrx_word' id='word_1_135' title='bbox 653 1944 751 1985; x_wconf 86' lang='lat' dir='ltr'>plene</span> <span class='ocrx_word' id='word_1_136' title='bbox 778 1951 930 1976; x_wconf 81' lang='lat' dir='ltr'>enotatas</span> <span class='ocrx_word' id='word_1_137' title='bbox 969 1955 1030 1976; x_wconf 84' lang='lat' dir='ltr'>nos</span> <span class='ocrx_word' id='word_1_138' title='bbox 1060 1945 1186 1976; x_wconf 87' lang='lat' dir='ltr'>habere</span> <span class='ocrx_word' id='word_1_139' title='bbox 1215 1946 1340 1978; x_wconf 82' lang='lat' dir='ltr'>codicis</span> <span class='ocrx_word' id='word_1_140' title='bbox 1366 1947 1393 1977; x_wconf 94' lang='lat' dir='ltr'><strong>P</strong></span> <span class='ocrx_word' id='word_1_141' title='bbox 1422 1948 1566 1989; x_wconf 82' lang='lat' dir='ltr'>scriptu-</span> 
     </span>
     <span class='ocr_line' id='line_1_20' title="bbox 249 2005 1563 2049; baseline 0.005 -15"><span class='ocrx_word' id='word_1_142' title='bbox 249 2015 313 2041; x_wconf 68' lang='lat' dir='ltr'>ras,</span> <span class='ocrx_word' id='word_1_143' title='bbox 341 2005 410 2035; x_wconf 84' lang='lat' dir='ltr'>dixi</span> <span class='ocrx_word' id='word_1_144' title='bbox 438 2015 538 2046; x_wconf 80' lang='lat' dir='ltr'>supra</span> <span class='ocrx_word' id='word_1_145' title='bbox 558 2006 605 2046; x_wconf 88' lang='lat' dir='ltr'>(p.</span> <span class='ocrx_word' id='word_1_146' title='bbox 634 2006 732 2045; x_wconf 77' lang='lat'><strong>204).</strong></span> <span class='ocrx_word' id='word_1_147' title='bbox 782 2005 822 2036; x_wconf 90' lang='lat' dir='ltr'>In</span> <span class='ocrx_word' id='word_1_148' title='bbox 845 2006 959 2047; x_wconf 83' lang='lat' dir='ltr'>primis</span> <span class='ocrx_word' id='word_1_149' title='bbox 986 2007 1062 2037; x_wconf 80' lang='lat' dir='ltr'>libri</span> <span class='ocrx_word' id='word_1_150' title='bbox 1089 2007 1256 2048; x_wconf 85' lang='lat' dir='ltr'>capitibus</span> <span class='ocrx_word' id='word_1_151' title='bbox 1282 2008 1455 2049; x_wconf 81' lang='lat' dir='ltr'>complura</span> <span class='ocrx_word' id='word_1_152' title='bbox 1475 2016 1563 2047; x_wconf 84' lang='lat' dir='ltr'>sunt,</span> 
     </span>
     <span class='ocr_line' id='line_1_21' title="bbox 249 2067 1564 2110; baseline 0.004 -14"><span class='ocrx_word' id='word_1_153' title='bbox 249 2076 322 2107; x_wconf 83' lang='lat' dir='ltr'>quae</span> <span class='ocrx_word' id='word_1_154' title='bbox 347 2077 667 2106; x_wconf 76' lang='lat' dir='ltr'>commemorarem,</span> <span class='ocrx_word' id='word_1_155' title='bbox 703 2067 765 2099; x_wconf 89' lang='lat' dir='ltr'>nisi</span> <span class='ocrx_word' id='word_1_156' title='bbox 792 2068 937 2098; x_wconf 83' lang='lat' dir='ltr'>instituti</span> <span class='ocrx_word' id='word_1_157' title='bbox 971 2069 1035 2099; x_wconf 92' lang='lat' dir='ltr'>mei</span> <span class='ocrx_word' id='word_1_158' title='bbox 1072 2070 1157 2100; x_wconf 78' lang='lat' dir='ltr'>ratio</span> <span class='ocrx_word' id='word_1_159' title='bbox 1185 2079 1236 2100; x_wconf 90' lang='lat' dir='ltr'>me</span> <span class='ocrx_word' id='word_1_160' title='bbox 1263 2070 1305 2100; x_wconf 87' lang='lat' dir='ltr'>ab</span> <span class='ocrx_word' id='word_1_161' title='bbox 1332 2069 1381 2106; x_wconf 77' lang='lat' dir='ltr'>iis,</span> <span class='ocrx_word' id='word_1_162' title='bbox 1408 2079 1482 2110; x_wconf 80' lang='lat' dir='ltr'>quae</span> <span class='ocrx_word' id='word_1_163' title='bbox 1509 2071 1564 2101; x_wconf 86' lang='lat' dir='ltr'>alii</span> 
     </span>
     <span class='ocr_line' id='line_1_22' title="bbox 250 2129 1565 2173; baseline 0.005 -15"><span class='ocrx_word' id='word_1_164' title='bbox 250 2129 315 2158; x_wconf 79' lang='lat' dir='ltr'>inm</span> <span class='ocrx_word' id='word_1_165' title='bbox 351 2134 440 2159; x_wconf 70' lang='lat' dir='ltr'>recte</span> <span class='ocrx_word' id='word_1_166' title='bbox 480 2130 773 2161; x_wconf 81' lang='lat' dir='ltr'>administrarunt.</span> <span class='ocrx_word' id='word_1_167' title='bbox 802 2136 967 2161; x_wconf 81' lang='lat' dir='ltr'>avocaret.</span> <span class='ocrx_word' id='word_1_168' title='bbox 1033 2130 1113 2161; x_wconf 94' lang='lat' dir='ltr'>Duo</span> <span class='ocrx_word' id='word_1_169' title='bbox 1155 2137 1268 2162; x_wconf 81' lang='lat' dir='ltr'>tamen</span> <span class='ocrx_word' id='word_1_170' title='bbox 1305 2139 1424 2173; x_wconf 82' lang='lat' dir='ltr'>praeter</span> <span class='ocrx_word' id='word_1_171' title='bbox 1454 2139 1565 2164; x_wconf 78' lang='lat' dir='ltr'>cetera</span> 
     </span>
     <span class='ocr_line' id='line_1_23' title="bbox 249 2190 1563 2236; baseline 0.005 -16"><span class='ocrx_word' id='word_1_172' title='bbox 249 2190 389 2221; x_wconf 86' lang='lat' dir='ltr'>miratus</span> <span class='ocrx_word' id='word_1_173' title='bbox 415 2200 500 2221; x_wconf 88' lang='lat' dir='ltr'>sum.</span> <span class='ocrx_word' id='word_1_174' title='bbox 532 2191 675 2231; x_wconf 90' lang='lat' dir='ltr'>primum</span> <span class='ocrx_word' id='word_1_175' title='bbox 703 2201 774 2232; x_wconf 83' lang='lat' dir='ltr'>cap.</span> <span class='ocrx_word' id='word_1_176' title='bbox 798 2195 829 2229; x_wconf 77' lang='lat'>2.</span> <span class='ocrx_word' id='word_1_177' title='bbox 859 2195 872 2222; x_wconf 85' lang='lat'>1</span> <span class='ocrx_word' id='word_1_178' title='bbox 900 2202 962 2232; x_wconf 91' lang='lat' dir='ltr'>pro</span> <span class='ocrx_word' id='word_1_179' title='bbox 989 2192 1175 2223; x_wconf 70' lang='lat' dir='ltr'>certissima</span> <span class='ocrx_word' id='word_1_180' title='bbox 1198 2193 1262 2223; x_wconf 83' lang='lat' dir='ltr'>hac</span> <span class='ocrx_word' id='word_1_181' title='bbox 1289 2195 1463 2235; x_wconf 82' lang='lat' dir='ltr'>scriptura.</span> <span class='ocrx_word' id='word_1_182' title='bbox 1490 2205 1563 2236; x_wconf 84' lang='lat' dir='ltr'>quae</span> 
     </span>
     <span class='ocr_line' id='line_1_24' title="bbox 248 2252 1563 2297; baseline 0.006 -16"><span class='ocrx_word' id='word_1_183' title='bbox 248 2261 316 2282; x_wconf 82' lang='lat' dir='ltr'>una.</span> <span class='ocrx_word' id='word_1_184' title='bbox 342 2258 469 2282; x_wconf 86' lang='lat' dir='ltr'>tantum</span> <span class='ocrx_word' id='word_1_185' title='bbox 489 2252 600 2282; x_wconf 81' lang='lat' dir='ltr'>littera</span> <span class='ocrx_word' id='word_1_186' title='bbox 627 2263 646 2283; x_wconf 88' lang='lat' dir='ltr'>a</span> <span class='ocrx_word' id='word_1_187' title='bbox 678 2253 706 2284; x_wconf 90' lang='lat' dir='ltr'>P</span> <span class='ocrx_word' id='word_1_188' title='bbox 733 2254 892 2284; x_wconf 86' lang='lat' dir='ltr'>discedit:</span> <span class='ocrx_word' id='word_1_189' title='bbox 927 2260 966 2284; x_wconf 87' lang='lat' dir='ltr'>et</span> <span class='ocrx_word' id='word_1_190' title='bbox 1003 2254 1117 2292; x_wconf 82' lang='lat' dir='ltr'>quia,</span> <span class='ocrx_word' id='word_1_191' title='bbox 1151 2264 1202 2284; x_wconf 90' lang='lat' dir='ltr'>ne</span> <span class='ocrx_word' id='word_1_192' title='bbox 1239 2265 1318 2295; x_wconf 87' lang='lat' dir='ltr'>qua</span> <span class='ocrx_word' id='word_1_193' title='bbox 1350 2257 1563 2297; x_wconf 85' lang='lat' dir='ltr'>(quiante-</span> 
     </span>
     <span class='ocr_line' id='line_1_25' title="bbox 249 2313 1562 2354; baseline 0.006 -11"><span class='ocrx_word' id='word_1_194' title='bbox 249 2316 344 2354; x_wconf 86' lang='lat' dir='ltr'>qua)</span> <span class='ocrx_word' id='word_1_195' title='bbox 371 2313 534 2344; x_wconf 85' lang='lat' dir='ltr'>classis</span> <span class='ocrx_word' id='word_1_196' title='bbox 569 2324 619 2344; x_wconf 87' lang='lat' dir='ltr'>ex</span> <span class='ocrx_word' id='word_1_197' title='bbox 646 2314 803 2346; x_wconf 79' lang='lat' dir='ltr'>Africa</span> <span class='ocrx_word' id='word_1_198' title='bbox 839 2317 1092 2352; x_wconf 86' lang='lat' dir='ltr'>traiiceret‚</span> <span class='ocrx_word' id='word_1_199' title='bbox 1118 2314 1188 2346; x_wconf 83' lang='lat' dir='ltr'>XL</span> <span class='ocrx_word' id='word_1_200' title='bbox 1216 2318 1398 2350; x_wconf 86' lang='lat' dir='ltr'>navibus</span> <span class='ocrx_word' id='word_1_201' title='bbox 1425 2325 1562 2351; x_wconf 91' lang='lat' dir='ltr'>custo-</span> 
     </span>
     <span class='ocr_line' id='line_1_26' title="bbox 248 2375 1564 2419; baseline 0.004 -14"><span class='ocrx_word' id='word_1_202' title='bbox 248 2375 332 2405; x_wconf 87' lang='lat' dir='ltr'>diri</span> <span class='ocrx_word' id='word_1_203' title='bbox 351 2375 578 2416; x_wconf 80' lang='lat' dir='ltr'>placuerat</span> <span class='ocrx_word' id='word_1_204' title='bbox 605 2377 772 2408; x_wconf 88' lang='lat' dir='ltr'>Siciliae</span> <span class='ocrx_word' id='word_1_205' title='bbox 798 2388 933 2415; x_wconf 81' lang='lat' dir='ltr'>oram,</span> <span class='ocrx_word' id='word_1_206' title='bbox 970 2378 1128 2409; x_wconf 87' lang='lat' dir='ltr'>substitui</span> <span class='ocrx_word' id='word_1_207' title='bbox 1161 2378 1310 2419; x_wconf 77' lang='lat' dir='ltr'>potuisse</span> <span class='ocrx_word' id='word_1_208' title='bbox 1344 2390 1364 2409; x_wconf 86' lang='lat' dir='ltr'>a</span> <span class='ocrx_word' id='word_1_209' title='bbox 1389 2379 1564 2411; x_wconf 63' lang='lat' dir='ltr'>W&#39;eissen-</span> 
     </span>
     <span class='ocr_line' id='line_1_27' title="bbox 247 2437 1562 2482; baseline 0.005 -15"><span class='ocrx_word' id='word_1_210' title='bbox 247 2437 368 2467; x_wconf 90' lang='lat' dir='ltr'>bornio</span> <span class='ocrx_word' id='word_1_211' title='bbox 396 2437 490 2477; x_wconf 88' lang='lat' dir='ltr'>(nam</span> <span class='ocrx_word' id='word_1_212' title='bbox 512 2437 772 2470; x_wconf 81' lang='lat' dir='ltr'>Alschefskium</span> <span class='ocrx_word' id='word_1_213' title='bbox 790 2449 856 2470; x_wconf 92' lang='lat' dir='ltr'>non</span> <span class='ocrx_word' id='word_1_214' title='bbox 871 2440 966 2481; x_wconf 87' lang='lat' dir='ltr'>curo)</span> <span class='ocrx_word' id='word_1_215' title='bbox 992 2440 1095 2470; x_wconf 87' lang='lat' dir='ltr'>hane:</span> <span class='ocrx_word' id='word_1_216' title='bbox 1122 2446 1162 2471; x_wconf 86' lang='lat' dir='ltr'>et</span> <span class='ocrx_word' id='word_1_217' title='bbox 1187 2440 1301 2481; x_wconf 85' lang='lat' dir='ltr'>quia,</span> <span class='ocrx_word' id='word_1_218' title='bbox 1329 2448 1562 2482; x_wconf 82' lang='lat' dir='ltr'>antequam</span> 
     </span>
     <span class='ocr_line' id='line_1_28' title="bbox 249 2499 1561 2543; baseline 0.005 -14"><span class='ocrx_word' id='word_1_219' title='bbox 249 2499 404 2530; x_wconf 86' lang='lat' dir='ltr'>classis</span> <span class='ocrx_word' id='word_1_220' title='bbox 439 2506 520 2537; x_wconf 62' lang='grc' dir='ltr'>οἵα,</span> <span class='ocrx_word' id='word_1_221' title='bbox 557 2510 623 2541; x_wconf 83' lang='lat' dir='ltr'>qua</span> <span class='ocrx_word' id='word_1_222' title='bbox 654 2501 738 2531; x_wconf 87' lang='lat' dir='ltr'>nihil</span> <span class='ocrx_word' id='word_1_223' title='bbox 771 2503 958 2542; x_wconf 84' lang='lat' dir='ltr'>perversius</span> <span class='ocrx_word' id='word_1_224' title='bbox 991 2501 1071 2542; x_wconf 80' lang='lat' dir='ltr'>fingi</span> <span class='ocrx_word' id='word_1_225' title='bbox 1104 2508 1232 2543; x_wconf 83' lang='lat' dir='ltr'>potest,</span> <span class='ocrx_word' id='word_1_226' title='bbox 1266 2512 1365 2543; x_wconf 85' lang='lat' dir='ltr'>quam</span> <span class='ocrx_word' id='word_1_227' title='bbox 1400 2505 1561 2535; x_wconf 87' lang='lat' dir='ltr'>custodiri</span> 
     </span>
     <span class='ocr_line' id='line_1_29' title="bbox 248 2559 1558 2608; baseline 0.004 -17"><span class='ocrx_word' id='word_1_228' title='bbox 248 2559 356 2591; x_wconf 83' lang='lat' dir='ltr'>iuberi</span> <span class='ocrx_word' id='word_1_229' title='bbox 383 2571 486 2599; x_wconf 84' lang='lat' dir='ltr'>oram,</span> <span class='ocrx_word' id='word_1_230' title='bbox 513 2568 695 2602; x_wconf 84' lang='lat' dir='ltr'>antequam</span> <span class='ocrx_word' id='word_1_231' title='bbox 714 2562 828 2594; x_wconf 88' lang='lat' dir='ltr'>hostes</span> <span class='ocrx_word' id='word_1_232' title='bbox 847 2564 1107 2603; x_wconf 80' lang='lat' dir='ltr'>aggrediantur3</span> <span class='ocrx_word' id='word_1_233' title='bbox 1133 2565 1264 2603; x_wconf 76' lang='lat' dir='ltr'>deinde,</span> <span class='ocrx_word' id='word_1_234' title='bbox 1291 2575 1318 2596; x_wconf 87' lang='lat' dir='ltr'>c.</span> <span class='ocrx_word' id='word_1_235' title='bbox 1346 2569 1378 2606; x_wconf 84' lang='lat'>3,</span> <span class='ocrx_word' id='word_1_236' title='bbox 1405 2570 1425 2596; x_wconf 74' lang='lat'>4</span> <span class='ocrx_word' id='word_1_237' title='bbox 1447 2567 1558 2608; x_wconf 87' lang='lat' dir='ltr'>sperni</span> 
     </span>
     <span class='ocr_line' id='line_1_30' title="bbox 247 2621 1561 2662; baseline 0.005 -10"><span class='ocrx_word' id='word_1_238' title='bbox 247 2622 396 2662; x_wconf 79' lang='lat' dir='ltr'>potuisse</span> <span class='ocrx_word' id='word_1_239' title='bbox 423 2621 585 2654; x_wconf 81' lang='lat' dir='ltr'>Gronovii</span> <span class='ocrx_word' id='word_1_240' title='bbox 611 2624 903 2656; x_wconf 72' lang='lat' dir='ltr'>emendationem:</span> <span class='ocrx_word' id='word_1_241' title='bbox 930 2626 963 2656; x_wconf 89' lang='lat' dir='ltr'>si</span> <span class='ocrx_word' id='word_1_242' title='bbox 990 2624 1101 2656; x_wconf 84' lang='lat' dir='ltr'>forte</span> <span class='ocrx_word' id='word_1_243' title='bbox 1126 2625 1208 2657; x_wconf 84' lang='lat' dir='ltr'>iam</span> <span class='ocrx_word' id='word_1_244' title='bbox 1237 2627 1374 2658; x_wconf 83' lang='lat' dir='ltr'>satias</span> <span class='ocrx_word' id='word_1_245' title='bbox 1401 2628 1561 2659; x_wconf 83' lang='lat' dir='ltr'>amoris</span> 
     </span>
     <span class='ocr_line' id='line_1_31' title="bbox 247 2683 1314 2728; baseline 0.006 -15"><span class='ocrx_word' id='word_1_246' title='bbox 247 2683 288 2713; x_wconf 88' lang='lat' dir='ltr'>in</span> <span class='ocrx_word' id='word_1_247' title='bbox 313 2693 446 2714; x_wconf 83' lang='lat' dir='ltr'>uxore</span> <span class='ocrx_word' id='word_1_248' title='bbox 474 2708 481 2715; x_wconf 92' lang='lat'>.</span> <span class='ocrx_word' id='word_1_249' title='bbox 505 2709 512 2715; x_wconf 92' lang='lat'>.</span> <span class='ocrx_word' id='word_1_250' title='bbox 539 2686 751 2726; x_wconf 79' lang='lat' dir='ltr'>cepisset,</span> <span class='ocrx_word' id='word_1_251' title='bbox 777 2686 982 2728; x_wconf 83' lang='lat' dir='ltr'>retinerique</span> <span class='ocrx_word' id='word_1_252' title='bbox 1008 2687 1120 2718; x_wconf 82' lang='lat' dir='ltr'>satis</span> <span class='ocrx_word' id='word_1_253' title='bbox 1141 2689 1314 2719; x_wconf 81' lang='lat' dir='ltr'>amoris.</span> 
     </span>
    </p>
   </div>
  </div>
 </body>
</html>
