1811 2925
196 119 273 151 Lib.
294 119 370 150 XL.
873 122 951 156 472

197 243 284 279 dine
313 243 434 278 verba
464 242 692 279 collocasse:
724 242 946 279 ducentis
980 241 1295 291 septuaginta
1316 253 1500 293 septem
1520 257 1620 281 eum

196 313 351 361 signis
383 312 714 358 militaribus,
760 312 1033 361 praepositione
1064 325 1223 349 numero
1269 313 1380 361 eique
1410 315 1621 351 trimembri

196 383 379 427 subiecta,
411 383 675 429 substantivo,
717 384 755 420 in
793 396 869 432 quo
912 397 961 420 ex
999 383 1189 420 contrarie
1221 384 1350 421 relatis
1380 386 1531 434 pondus
1565 393 1622 422 est

197 453 310 496 (vivi
351 454 487 503 capti
642 454 802 503 signis
831 454 1136 491 militaribus
1280 456 1454 504 equis),
1485 456 1525 493 in
1555 470 1620 493 ex-

195 531 358 560 tremum
389 524 515 561 locum
547 524 702 570 reiecto,
734 538 851 573 quum
881 525 1093 573 praesertim
1124 538 1172 561 ex
1204 525 1277 562 hac
1303 525 1568 572 collocatione,
1590 527 1621 562 si

195 601 295 631 notae
322 604 575 644 ponerentur,
608 608 759 632 summa
797 602 969 632 oreretur
999 595 1231 644 ambiguitas
1262 594 1300 631 in
1332 596 1499 632 numeris
1531 609 1620 633 eon-

196 677 398 726 iungendis
430 665 807 723 (WCCLXXVIR
839 677 907 714 cfr.
941 690 1025 726 quae
1047 676 1095 713 ad
1128 677 1331 720 XXXIV,
1365 678 1428 722 52,
1448 680 1468 713 5
1503 678 1619 727 dixi).

195 749 335 797 Itaque
363 749 541 785 mendum
574 748 818 784 manifestum
852 755 932 792 est.v
964 747 1151 784 correctio
1185 760 1229 784 eo
1272 748 1464 793 incertior,
1494 750 1620 796 quod,

197 819 287 867 quid
312 819 350 855 in
381 819 423 855 M
453 819 579 865 fuerit,
610 819 769 855 dubium
800 820 842 855 fit
871 825 1029 867 propter
1059 819 1158 855 hane
1189 819 1367 855 editionis
1382 820 1620 868 Moguntinae

195 890 444 938 scripturam:
473 890 573 926 tria
604 889 740 926 milia
771 889 903 926 mille
934 889 1130 925 ducenti
1171 890 1489 939 septuaginta
1519 903 1621 939 sep-

196 969 297 998 teni.
364 961 527 1004 Vereor,
558 974 605 997 ne
635 960 923 1009 transponendo
956 966 1155 1008 peccatum
1183 960 1232 995 sit
1264 962 1382 1008 (quod
1405 974 1526 1010 genus
1559 975 1620 998 er-

195 1032 294 1068 roris
324 1045 401 1068 non
432 1031 486 1067 ita
505 1044 594 1068 raro
624 1032 663 1067 in
695 1032 752 1067 ed.
784 1031 1015 1079 Moguntina
1045 1037 1239 1066 versatum
1273 1043 1355 1067 esse
1385 1032 1548 1078 videtur,
1580 1039 1619 1069 ut

196 1114 228 1139 c.
269 1105 343 1147 50,
383 1103 423 1137 3:
468 1108 723 1138 manentes
765 1100 964 1150 proelio
1010 1101 1172 1149 spolia
1211 1102 1341 1138 intra
1371 1102 1552 1139 vallum
1584 1113 1620 1139 et

196 1186 227 1209 c.
261 1175 323 1217 51,
355 1176 396 1210 S:
427 1173 725 1221 publicaque
755 1185 894 1209 saera
924 1179 972 1208 ut
997 1178 1224 1220 paterent
1252 1179 1512 1220 essentque
1543 1187 1619 1222 po-

195 1243 319 1292 pulo,
352 1244 448 1287 coll,
481 1256 565 1292 quae
597 1244 643 1279 de
675 1256 759 1292 cap.
795 1246 857 1287 41,
892 1246 932 1279 11
977 1243 1138 1287 dicam),
1169 1243 1379 1290 Liviusque
1406 1244 1619 1292 scripserit:

196 1314 294 1350 vivi
324 1314 457 1362 eapti
489 1314 601 1362 plus
631 1314 699 1350 IV
744 1314 874 1350 inilia
919 1313 1113 1350 ducenti
1156 1326 1256 1349 cum
1303 1313 1457 1361 signis
1500 1313 1618 1349 mili-

196 1384 390 1420 taribus
424 1385 640 1421 LXXVII.
700 1384 795 1433 Cap.
831 1387 895 1430 32,
928 1388 949 1421 6
982 1398 1065 1421 cum
1084 1382 1369 1420 MMMMDCC
1400 1384 1618 1420 hominibus

196 1456 400 1504 capiuntur
429 1456 540 1503 signa
570 1455 860 1495 LXXXVIII:
892 1469 924 1493 c.
963 1458 1032 1492 33.
1068 1457 1085 1490 7
1121 1466 1204 1490 cum
1237 1454 1434 1490 hominum
1466 1454 1551 1502 plus
1582 1454 1618 1490 V

196 1526 348 1562 milibus
379 1527 489 1575 signa
521 1523 707 1573 LX11.1)

309 1596 406 1646 Cap.
440 1600 514 1639 41,
549 1599 589 1632 7:
629 1597 926 1644 Priusquam
958 1596 1004 1632 hi
1035 1596 1262 1632 consules
1297 1598 1364 1639 (A.
1398 1595 1621 1632 Postumius

197 1667 363 1704 Albinus
396 1673 433 1703 et
464 1667 690 1714 Q.Fulvius
713 1668 889 1708 Flaccus,
923 1680 956 1702 a.
995 1667 1067 1702 180
1101 1679 1135 1702 a.
1170 1665 1285 1712 Chr.)
1309 1667 1533 1703 venirent
1566 1666 1619 1702 ad

197 1739 487 1775 exercitum.
542 1739 623 1786 qui
665 1739 809 1775 Pisas
852 1737 1066 1773 indictus
1114 1744 1240 1782 erat,v
1286 1744 1527 1785 praeerant
1570 1738 1621 1773 A.

198 1809 484 1846 Postumius
531 1818 570 1844 et
612 1809 767 1845 frater
811 1813 857 1855 Q.
904 1807 1082 1844 Fulvii
1123 1808 1175 1843 M.
1224 1807 1428 1843 Fulvius
1477 1807 1623 1843 Nobi·

222 2038 254 2082 1)
294 2042 456 2073 Eiusdem
485 2040 604 2080 capitis
632 2040 649 2078 ξ
677 2043 695 2069 3
724 2038 918 2079 recipienda
945 2044 1015 2069 erat
1034 2038 1180 2069 Creverii
1207 2037 1414 2068 emendatio:
1443 2043 1496 2073 ut,
1524 2046 1620 2077 qua-

293 2114 460 2143 cunque
486 2110 609 2144 parte
636 2101 861 2143 pertulere
891 2101 1077 2141 impetus
1104 2099 1444 2137 suos,s11sti11eri
1470 2107 1623 2138 neque-

294 2171 374 2195 unt.
426 2165 656 2203 Praeterquam
685 2165 775 2204 quod
806 2163 1041 2203 perculere
1066 2171 1178 2192 carere
1205 2161 1400 2191 accusativo
1425 2161 1553 2199 nequit,
1581 2161 1625 2191 ri-

293 2224 442 2255 diculum
472 2231 523 2256 est
549 2226 672 2259 dicere,
693 2224 883 2256 Celtiberos
899 2224 1055 2254 sustiueri
1075 2233 1142 2254 non
1163 2232 1274 2263 posse,
1303 2231 1504 2262 quacunque
1531 2227 1624 2262 parte

293 2286 359 2316 iarn
387 2286 519 2316 hostem
546 2287 760 2327 perculerint.
826 2285 982 2316 Eri-orem
1017 2290 1127 2315 ortum
1155 2294 1227 2315 esse
1254 2290 1394 2324 apparet
1430 2292 1473 2313 ex
1501 2294 1515 2316 s
1544 2284 1626 2314 sim-

294 2349 372 2388 plici
397 2358 457 2388 pro
486 2348 612 2388 duplici
648 2347 698 2378 bis
721 2348 856 2388 scripto.
921 2347 1054 2378 Deinde
1082 2347 1099 2386 ξ
1127 2351 1167 2383 4,
1205 2347 1293 2386 quod
1326 2345 1625 2376 Weissenbornius

295 2410 449 2440 dubitare
478 2420 510 2440 se
538 2409 629 2440 dicit.
657 2419 699 2439 an
721 2409 934 2440 scribendum
963 2409 1019 2439 sit:
1046 2408 1214 2448 Ecquid
1242 2407 1399 2438 auxilii
1427 2407 1465 2437 in
1502 2407 1624 2437 vobis

292 2470 381 2501 est?
419 2481 471 2500 an
512 2478 653 2501 aetum
694 2472 775 2501 iam
818 2471 864 2500 de
902 2470 981 2501 hoc
1015 2470 1213 2500 exercitu
1242 2468 1346 2499 erit?
1375 2467 1509 2508 (vulgo:
1538 2470 1627 2498 est?

293 2532 463 2569 actum),
491 2532 580 2562 idem
605 2538 681 2563 ante
708 2532 782 2572 plus
808 2532 925 2571 viginti
953 2542 1061 2562 annos
1088 2532 1160 2572 ipsc
1188 2531 1419 2566 coniecera1n;
1445 2530 1501 2560 sed
1530 2528 1619 2559 futu-

296 2603 366 2623 rum
398 2593 513 2633 (crit)
542 2594 653 2633 aptius
681 2594 813 2624 videtur
839 2594 1039 2624 coniecturae
1066 2592 1227 2623 Gronovii
1255 2591 1319 2632 (Ni
1348 2591 1451 2631 quid
1480 2615 1489 2624 .
1517 2613 1524 2620 .
1552 2596 1625 2626 est,

297 2660 439 2685 actum
467 2677 474 2683 .
504 2678 510 2684 .
539 2654 650 2690 erit),
