1811 2925
218 133 293 166 Lib.
312 134 387 166 XL.
894 135 972 170 464

217 265 291 294 tur.
364 257 516 294 Deinde
547 264 676 294 autem
706 255 842 294 Livius
893 255 928 303 (ξ
968 254 1009 303 9)
1050 256 1275 304 scripserat:
1321 256 1422 303 Quo
1469 255 1646 292 deinde

219 329 370 374 modo,
402 328 441 364 si
474 334 518 364 te
547 334 672 365 metu
702 327 873 365 mortis
915 326 1173 363 credebam
1214 339 1408 363 coenam
1453 326 1646 363 vitasse

219 412 388 444 meam,
430 411 522 435 non
565 399 622 435 ab
655 399 818 435 eodem
850 403 976 433 metu
1022 397 1420 434 comissationem
1452 409 1646 445 quoque

219 471 489 507 vitaturum
526 467 896 506 existimabam?
969 467 1110 504 Editur
1147 467 1367 503 evitasse
1408 472 1445 502 et
1482 466 1647 503 evita-

219 546 397 584 turum,
448 545 573 576 ortum
612 540 685 576 hoc
724 551 773 575 ex
811 538 1071 587 geminatione
1100 538 1236 574 litterae
1267 550 1309 581 0,
1354 537 1447 574 illud
1481 550 1529 573 ex
1558 538 1644 573 hoc.

220 611 327 647 Metu
357 610 457 646 enim
486 610 654 647 vitamus
684 622 758 655 res,
790 621 887 658 quas
918 609 1157 658 periculosas
1187 607 1271 644 fore
1300 614 1508 656 putamus,
1545 606 1646 656 fugi-

220 693 382 729 musque
428 693 553 729 neque
596 681 641 717 iis
683 692 754 716 nos
786 680 1082 724 committimus3
1127 691 1174 714 ea
1204 678 1394 724 cautione,
1426 678 1458 714 si
1486 677 1645 715 fortuna

218 752 338 797 iuvat,
369 752 495 800 ipsum
525 751 671 788 malum
701 751 891 788 evitamus
922 757 959 787 et
989 749 1206 799 effugimus

331 820 427 870 Cap.
463 825 536 868 14,
568 824 589 859 8
642 821 699 869 (in
744 821 880 858 eadem
911 821 1126 869 oratione):
1177 821 1278 857 Hoc
1323 819 1446 856 enim
1490 819 1648 856 videri

219 892 304 937 vis,
334 905 425 929 non
455 893 599 938 illud,
653 892 779 940 quod
810 891 1033 928 fatentur
1063 897 1107 928 et
1136 891 1294 940 palam
1326 896 1408 927 est.
1481 890 1544 927 Et
1573 890 1649 926 sui

220 975 268 999 se
312 963 479 999 tuendi
520 976 698 1001 caussa
744 963 1015 1011 sumpsisse
1062 963 1229 999 dicunt
1323 961 1386 999 Sic
1415 960 1648 997 recentiores

219 1033 514 1082 interpungunt3
545 1048 634 1071 nam
667 1046 786 1082 quum
813 1039 928 1070 antea
948 1035 1028 1070 haec
1046 1033 1378 1070 continuarentur:
1410 1038 1453 1068 et
1483 1031 1648 1080 palam

220 1110 309 1149 est,
347 1111 390 1140 et
542 1105 732 1148 dicunt,
771 1103 997 1141 Gronovius
1041 1109 1078 1139 et
1119 1104 1184 1140 alii
1229 1110 1273 1140 et
1316 1109 1432 1151 atque
1479 1102 1648 1139 dicunt

221 1174 302 1211 tolli
332 1174 547 1212 voluerant.
614 1174 691 1213 Sed
730 1174 769 1210 in
799 1174 866 1210 illa
896 1187 1050 1222 quoque
1080 1174 1386 1223 interpunctione
1416 1180 1462 1210 et
1490 1185 1649 1222 prorsus

219 1258 443 1294 perversum
489 1252 555 1283 est.
631 1245 758 1282 Scribi
801 1245 932 1281 debet:
978 1245 1022 1284 Ei
1067 1245 1139 1280 sui
1185 1257 1232 1281 se
1281 1244 1452 1281 tuendi
1502 1255 1650 1280 causa

220 1316 502 1365 sumpsisse
533 1316 719 1362 dicunt,
752 1321 886 1352 recte
917 1328 972 1351 an
1002 1328 1256 1364 perperam
1291 1315 1524 1359 fecerint,
1555 1313 1650 1362 ipsi

222 1388 292 1424 sui
323 1387 445 1424 facti
474 1387 715 1424 rationem
747 1386 966 1424 reddent.
1038 1385 1279 1422 Vocularum
1324 1391 1367 1421 et
1406 1391 1443 1422 et
1473 1385 1515 1422 ei
1545 1397 1650 1421 com-

222 1464 458 1495 mutatarum
487 1457 666 1506 exempla
693 1464 730 1493 et
750 1456 842 1493 alibi
872 1468 992 1505 supra
1021 1456 1154 1492 notavi
1186 1462 1223 1492 et
1257 1455 1305 1492 ad
1337 1456 1498 1500 XXVI,
1528 1456 1593 1501 22,
1628 1458 1646 1491 7

224 1530 331 1575 (add.
362 1529 522 1573 XXIV,
540 1530 576 1573 3,
600 1524 728 1577 15).¹)

337 1599 432 1649 Cap.
481 1601 548 1645 15,
592 1601 606 1635 1
644 1604 681 1635 et
712 1600 733 1634 2
776 1598 831 1645 (in
878 1597 1011 1633 eadem
1043 1596 1233 1634 Demetrii
1274 1596 1484 1645 oratione):
1527 1595 1651 1643 Quin

222 1678 287 1717 tu,
319 1671 504 1706 omissa
533 1669 630 1706 ista
659 1674 904 1705 nocturna
934 1666 1124 1712 fabula,
1156 1667 1311 1713 adid,
1343 1667 1468 1716 quod
1500 1666 1651 1711 doles,

222 1742 348 1789 quod
377 1740 615 1777 invidiam
646 1739 755 1785 urit,
785 1737 1091 1775 reverteris?
1151 1737 1242 1774 Cur
1277 1750 1475 1785 usquam
1515 1737 1651 1785 regni

221 1813 296 1849 tui
326 1813 507 1848 mentio
538 1810 608 1855 fit,
639 1809 885 1846 Demetri?
946 1808 1044 1845 Cur
1083 1808 1278 1857 dignior
1307 1808 1465 1857 patris
1496 1808 1650 1844 fortu-

221 1896 287 1920 nae
331 1894 591 1919 successor
633 1881 925 1930 quibusdam
974 1879 1159 1915 videris
1206 1892 1344 1927 quam
1385 1878 1497 1927 ego?
1558 1877 1652 1915 Cur

222 1967 348 2003 spem
377 1966 525 1990 meam
555 1980 619 1992 ...
660 1951 855 1988 dubiam
895 1957 938 1986 ct
969 1950 1233 1987 sollicitam
1266 1950 1415 1986 facis?
1474 1950 1650 1986 Primum

221 2024 438 2061 necessario
471 2037 491 2060 e
517 2022 629 2060 codd.
662 2035 802 2058 novem
834 2021 1148 2058 Drakenborchii
1191 2022 1258 2065 (de
1290 2022 1332 2058 M
1362 2021 1526 2067 tacetur)
1557 2019 1649 2056 scri-

222 2096 387 2132 bendum
418 2093 636 2138 invidia,
670 2092 841 2129 ablativo
874 2104 984 2142 casu3
1024 2105 1148 2141 neque
1190 2092 1289 2128 enim
1334 2091 1457 2128 uritur
1491 2090 1650 2135 invidia,

222 2166 288 2202 sed
319 2165 532 2201 incenditur
572 2170 607 2199 et
650 2163 929 2206 inflammatu1·;
973 2163 1059 2211 ipsa
1090 2164 1176 2199 urit.
1254 2162 1407 2199 Deinde
1451 2174 1528 2197 11011
1569 2160 1650 2197 sine

223 2248 341 2272 causa
386 2235 609 2273 Gronovius
649 2234 806 2270 haesissc
851 2233 1005 2269 videtur
1045 2234 1089 2270 in
1125 2234 1191 2270 illo
1222 2233 1357 2281 regni
1394 2232 1484 2277 tui3
1546 2231 1649 2279 quod

222 2314 264 2342 ut
306 2306 541 2354 intelligatur
584 2306 631 2341 de
681 2304 811 2341 futuro
857 2312 894 2341 et
934 2311 1089 2353 sperato
1123 2303 1313 2340 Demetrii
1357 2315 1502 2351 regno,
1551 2314 1649 2351 prae-

223 2383 398 2423 terquam
431 2376 535 2423 quod
566 2376 703 2411 durum
735 2380 804 2419 est,
835 2375 949 2411 nimis
981 2380 1113 2422 aperte
1147 2381 1183 2411 et
1217 2387 1302 2411 cum
1335 2372 1546 2410 offensione
1576 2384 1649 2408 no-

223 2446 411 2490 minatur,
462 2446 566 2492 quod
597 2445 734 2481 deinde
765 2446 973 2482 verborum
1006 2445 1235 2493 ambagibus
1268 2444 1505 2492 significatur
1544 2443 1648 2491 (pa-

249 2610 280 2648 1)
318 2613 483 2643 Extremo
512 2612 621 2651 capite
649 2611 684 2651 (ἓ
721 2609 776 2651 ll)
804 2610 980 2641 evasuri
1017 2609 1195 2641 fuerunt
1220 2619 1280 2650 pro
1308 2608 1473 2640 suerint
1499 2607 1648 2638 scriben-

318 2671 397 2701 dum
425 2679 498 2701 esse
525 2669 594 2699 dixi
622 2667 686 2709 Op.
713 2667 749 2698 ΙΙ
776 2678 810 2708 p.
837 2671 903 2699 228
931 2672 1133 2707 secutusque
1160 2672 1211 2698 est
1236 2666 1545 2698 Weissenbornius.
