1811 2925
813 153 862 188 95
1331 153 1405 184 Lib.
1432 154 1494 187 1V.

253 273 489 323 Cap,10,3:
520 273 641 308 Dedi
673 274 1030 322 imperatorem,
1063 287 1192 311 arma
1223 277 1333 323 poni
1365 277 1540 324 (M.Gc-

133 345 268 393 ganius
299 343 454 390 consul)
488 343 641 384 iubet,
679 343 890 380 fat-entes
921 345 1080 381 victos
1114 358 1161 381 se
1192 358 1296 383 esse
1327 354 1370 383 et
1402 348 1540 397 impe·

134 416 206 452 rio
235 429 418 465 parere.
482 415 576 452 Ilaeo
617 415 758 450 nullam
800 415 913 451 aliam
953 416 1094 452 habere
1125 418 1349 454 sententiam
1382 426 1541 467 possunt

134 487 204 523 nisi
243 488 358 523 lianc:
408 486 539 522 iubet
581 498 682 524 eos.
714 486 816 522 dum
849 486 1099 523 fateantur
1138 488 1295 524 victos
1339 502 1386 526 se
1418 502 1540 531 esse,

135 558 275 594 etiam
306 557 507 605 imperio
538 569 726 605 parere;
759 558 862 601 (nam
901 557 1040 593 iubeo
1073 557 1298 597 fatentes
1342 560 1521 610 impera

131 635 281 665 torem
325 628 454 664 dedi.
505 628 711 664 barbarum
747 634 802 663 est
839 633 878 663 nt
917 628 1017 675 quod
1050 628 1243 677 maxime).
1318 630 1393 667 Sed
1425 638 1461 668 et
1490 631 1539 668 ad

133 700 356 735 sententiam
388 698 626 747 perincptum
667 706 721 735 est
765 699 906 734 etiam
952 705 985 734 et
1017 699 1273 737 incredibilem
1314 703 1430 738 habet
1459 715 1540 739 am-

133 770 354 818 biguitatem
387 776 428 805 et
462 782 532 818 pro
564 770 704 805 etiam
740 771 837 806 inter
867 770 1185 807 duosinfinitivos
1202 772 1381 820 positum.
1434 774 1540 810 Hac·-

132 847 241 876 tenus
271 840 385 888 igitur
420 847 520 876 recte
555 840 753 877 Bekkerus
785 847 827 877 et
858 840 1008 876 delevit.
1083 841 1158 878 Sed
1189 844 1242 879 sic
1281 855 1434 890 quoque
1470 845 1540 880 ad-

134 912 288 947 modum
322 911 414 947 dure
451 911 529 946 hmo
560 912 860 960 coniunguntur:
899 924 1029 947 arma
1063 913 1177 960 poni
1207 914 1359 957 iubet,
1389 913 1538 951 faten-

134 991 202 1018 tes
234 995 280 1017 se
310 982 466 1018 victos
504 994 632 1026 esse,
662 994 856 1031 parere,
903 987 938 1016 ut
971 982 1036 1017 sit:
1081 989 1123 1018 et
1168 996 1340 1032 parere
1379 985 1539 1031 (iubet),

132 1053 343 1089 fatentes
374 1053 530 1088 victos
564 1065 610 1088 se
641 1065 757 1091 esse,
793 1053 918 1088 activo
950 1052 1136 1089 infinitivo
1167 1056 1331 1103 passivis
1365 1056 1445 1093 sine
1476 1069 1538 1093 co-

131 1124 221 1173 pula
251 1123 428 1159 adiuncto
460 1130 493 1158 et
527 1124 738 1172 praemisso,
771 1124 873 1171 quod
896 1123 928 1159 ei
955 1124 1197 1173 adiungatur,
1228 1127 1431 1176 participio
1454 1141 1537 1164 cum

130 1194 314 1230 sententia
337 1194 479 1229 infinita
513 1194 740 1240 (fatentes
771 1195 928 1231 victos
959 1207 1005 1231 se
1037 1199 1173 1243 esse).
1219 1198 1441 1235 Admodum
1473 1212 1538 1235 ve-

129 1277 228 1309 reor,
258 1277 304 1300 ne
333 1265 490 1300 verbnm
523 1265 719 1309 exciderit,
743 1278 857 1314 quum
875 1266 954 1301 haeo
987 1265 1121 1302 fuisset
1138 1267 1226 1303 olim
1247 1269 1430 1305 orationis
1461 1268 1539 1306 for-

130 1347 212 1371 ma:
253 1335 375 1371 Dedi
412 1335 778 1383 imperatorem,
821 1349 950 1373 arma
992 1337 1105 1385 poni
1135 1338 1289 1383 iubet3
1327 1338 1539 1377 fatentes

129 1406 289 1442 victos
327 1417 374 1442 Se
411 1418 514 1442 esse
552 1413 594 1442 et
644 1407 849 1455 imperio
890 1420 1066 1456 parere
1110 1407 1434 1456 [dimissurum
1473 1418 1539 1448 aut

131 1477 350 1513 emissum
382 1476 478 1525 iria
520 1477 665 1514 aliter
702 1484 795 1514 tam
836 1479 1129 1515 abeuntibus
1173 1492 1313 1527 quam
1355 1494 1538 1518 manen-

130 1547 258 1583 tibus
288 1560 335 1584 se
363 1549 546 1584 hostem
577 1547 805 1585 infestum
837 1549 1093 1586 victoriam
1129 1572 1180 1577 —
1212 1550 1490 1589 relaturum.

248 1617 343 1667 Cap.
381 1619 439 1661 12,
472 1621 511 1654 7:
541 1619 692 1656 Unum
723 1618 851 1655 afuit
878 1620 1055 1656 bellum
1087 1628 1347 1665 externum,
1379 1634 1468 1669 quo
1499 1622 1536 1658 si

132 1696 408 1737 aggravatae
448 1702 521 1725 res
553 1697 732 1730 essent,
774 1691 853 1726 vix
884 1703 971 1739 ope
1001 1691 1193 1727 deorum
1227 1692 1429 1728 omnium
1461 1705 1536 1729 re-

86 1770 97 1780 ·
132 1760 239 1795 sisti
268 1760 522 1808 potuisset.
589 1761 707 1797 Recte
739 1761 962 1809 Gronovius
1003 1762 1115 1798 sisti
1152 1763 1390 1811 requirebat:
1429 1763 1538 1800 aliter

131 1830 229 1866 enim
260 1842 292 1865 c.
325 1832 394 1876 43,
433 1833 453 1866 4
487 1830 624 1866 dieitur
652 1831 732 1868 vix
763 1833 958 1868 deorum
992 1833 1182 1881 opibus,
1216 1834 1326 1882 quin
1360 1835 1536 1870 obrua-

129 1907 204 1937 tur
230 1902 442 1938 Romana
471 1913 558 1946 reS,
588 1902 754 1939 resisti
784 1915 942 1952 posse.
1011 1902 1086 1939 Sed
1109 1903 1210 1938 aliud
1231 1903 1323 1939 latet
1339 1905 1536 1950 mendum;

128 1971 360 2020 ineptissime
393 1971 490 2007 enim
522 1973 577 2015 (in
609 1974 742 2010 auxilii
770 1973 977 2020 mentione)
1010 1973 1162 2009 additur
1193 1975 1406 2014 omnium.
1427 1976 1536 2024 quasi

130 2042 176 2078 de
206 2053 390 2078 concursu
422 2042 588 2079 omnium
615 2044 802 2092 cogitetur
830 2045 879 2080 ad
908 2045 946 2081 id
978 2043 1238 2088 efficiendum,
1270 2045 1372 2092 quod
1401 2046 1535 2094 pauci-

129 2124 215 2148 ores
248 2118 449 2160 nequeant.
508 2113 641 2162 Longe
671 2114 782 2151 aliter
823 2115 860 2151 in
892 2115 1127 2151 exsecrando
1159 2128 1243 2151 cum
1281 2115 1441 2170 ridicula
1470 2129 1536 2153 ex-

130 2183 376 2231 aggeratione
410 2182 469 2218 dei
498 2195 629 2220 omnes
660 2185 824 2233 aliquem
856 2186 1015 2234 perdere
1044 2185 1222 2222 iubentur
1251 2193 1287 2222 et
1309 2187 1357 2222 ad
1374 2188 1534 2224 eundem

130 2253 283 2289 modum
315 2253 391 2289 alia
420 2253 608 2290 dicuntur.
674 2255 820 2301 Livius,
850 2256 887 2292 ni
918 2255 1043 2295 fallor,
1074 2257 1298 2305 scripserat:
1327 2257 1417 2294 vix
1448 2271 1534 2307 ope

129 2324 321 2360 deorum
352 2324 679 2377 hominumque
714 2327 825 2366 sisti
857 2327 1114 2375 potuisset.
1183 2327 1258 2363 Vix
1290 2327 1404 2364 ullam
1438 2327 1533 2364 divi-

128 2407 217 2431 nam
257 2396 512 2431 lmmanamve
557 2407 668 2444 opem
710 2395 954 2433 suffecturam
1000 2397 1118 2434 fnisse
1148 2398 1249 2434 dicit.
1321 2398 1381 2434 De
1430 2410 1532 2434 com-

129 2465 283 2502 mutatis
315 2464 440 2501 verbis
471 2465 685 2502 homines
727 2473 761 2502 et
800 2480 959 2503 omnes
990 2468 1082 2504 nihil
1113 2481 1209 2518 opus
1240 2474 1295 2505 est
1326 2468 1410 2504 dici.

221 2629 448 2660 certamine
484 2631 670 2662 dormitans
701 2639 733 2663 ot
769 2633 957 2673 proximum
986 2634 1171 2674 genitivum
1200 2643 1346 2675 sequeus
1374 2639 1414 2664 et
1439 2644 1534 2665 cer-

220 2691 422 2721 taminum
444 2691 628 2732 scripserit!
