1811 2925
786 113 806 147 3
815 114 857 148 51
1324 111 1397 142 Lib.
1422 110 1535 142 XXX.

121 250 258 286 gonem
291 243 327 272 et
356 237 402 273 P.
436 236 660 284 Quintilium
693 235 841 270 Varum
875 234 994 281 Mque
1025 233 1246 270 Cornelium
1262 234 1288 282 ‚)
1331 240 1536 284 postquam

122 309 262 345 dictum
300 314 368 352 est,
418 318 537 354 equos
570 306 836 342 Romanorum
869 304 1161 353 elephantorum
1193 312 1351 354 aspectu
1383 306 1536 343 territos

121 391 263 415 vanum
281 384 457 427 equestre
491 377 673 414 auxilium
690 375 845 419 fecisse,
882 376 935 412 sic
965 375 1155 425 pergitur:
1190 383 1234 412 et
1264 383 1304 413 ut
1333 390 1536 426 remper-

121 449 299 486 mixtus
331 449 398 486 uti
432 448 632 498 cuspide
664 447 732 484 uti
763 447 1033 484 comminus
1065 446 1231 496 gladio
1274 447 1453 494 (eladio
1485 450 1534 496 P)

120 527 300 570 posset,
338 521 529 557 roboris
560 519 759 556 maioris
791 520 1036 555 Romanus
1068 530 1212 566 eques
1244 526 1359 564 erat,
1390 519 1459 556 ita
1488 520 1535 556 in

122 593 336 629 ablatum
374 591 663 641 paventibus
710 589 882 638 procul
912 589 1048 637 equis
1090 589 1261 625 melius
1293 602 1348 625 ex
1377 589 1534 626 inter-

121 664 251 701 vallo
282 662 495 700 Numidae
523 661 879 698 iaculabantur.
952 660 1015 698 Sic
1059 661 1180 709 (quod
1222 661 1375 710 quidem
1407 661 1455 698 ad
1489 674 1534 697 ea

121 736 300 772 attineat.
354 735 400 771 de
447 733 584 782 quibus
639 732 779 781 agitur)
830 732 980 768 codices
1022 732 1156 781 optimi
1205 732 1328 780 iisque
1356 732 1533 780 proximi.

119 806 318 843 Edebatur
347 805 485 853 vulgo:
515 809 558 840 et
587 810 637 840 ut
666 803 960 852 permixtus3
1000 804 1081 841 Iac,
1112 802 1336 840 Gronovius
1365 803 1532 840 seriben-

120 877 211 912 dum
248 876 416 924 putavit:
455 882 499 912 et
534 882 584 911 ut
622 874 958 913 intermixtus.
998 873 1355 910 Weissenbornius:
1399 883 1443 910 et
1486 880 1534 910 ut

121 960 213 983 rom
247 959 416 995 gerens
447 945 729 994 permixtus,
759 945 796 981 in
829 945 966 993 quibus
997 945 1223 981 coniecturis
1255 945 1430 981 omnibus
1460 946 1532 982 hoc

120 1025 176 1054 est
211 1018 303 1061 vitii,
334 1017 436 1064 quod
465 1016 705 1065 participium
738 1016 975 1052 nominativo
1011 1028 1102 1051 casu
1133 1016 1299 1064 positum
1316 1010 1531 1052 necessario

119 1088 433 1137 significationem
452 1100 596 1131 eorum,
628 1087 765 1134 quibus
795 1099 912 1135 eques
942 1087 1231 1135 permisceatrm
1259 1086 1430 1134 postulat
1448 1086 1530 1131 (da-

118 1160 282 1204 tivun1);
312 1158 349 1194 in
380 1156 683 1193 Weissenbornii
713 1157 932 1194 coniectura
961 1164 1148 1206 praeterea
1178 1157 1383 1206 participia
1413 1158 1529 1195 inele-

117 1235 252 1279 ganter
285 1234 526 1267 concurrunt.
587 1226 839 1265 Scribendum
870 1241 953 1265 esse
985 1228 1142 1277 opinor:
1187 1235 1232 1265 et
1262 1235 1312 1265 ut
1346 1229 1391 1265 in
1421 1242 1530 1278 per-

118 1300 281 1337 mixtis
313 1298 370 1349 (in
398 1300 465 1336 der
485 1299 830 1348 Handgemenge):
847 1313 941 1336 rem
957 1307 1081 1336 ortum
1102 1300 1253 1336 videtur
1271 1313 1318 1336 ex
1346 1314 1440 1350 per.
1484 1302 1529 1338 In

117 1372 303 1422 proximis
333 1378 460 1407 autem
497 1370 635 1419 copula
665 1371 841 1412 meliore,
874 1384 988 1419 quam
1022 1372 1061 1407 in
1092 1372 1257 1420 vulgatis
1289 1372 1528 1413 editionibus,

117 1445 202 1480 loco
234 1443 428 1480 addenda:
460 1442 539 1478 ubi
569 1442 770 1490 cuspide
801 1443 871 1479 uti
903 1442 1120 1479 cominus
1151 1449 1195 1479 et
1226 1443 1397 1491 gladio
1428 1456 1535 1492 pos-

117 1522 202 1552 set.
262 1514 393 1561 (Quod
423 1513 488 1550 W.
518 1512 664 1561 posuit:
705 1513 911 1561 cuspide
940 1513 1035 1557 uti,
1087 1513 1157 1550 uti
1201 1526 1313 1550 com.
1358 1514 1537 1563 gladio,

119 1585 346 1634 pravissime
374 1583 604 1633 geminando
634 1583 837 1631 insignitur
866 1584 1054 1633 verbum.)
1185 1585 1310 1621 Paulo
1341 1591 1430 1634 post
1451 1586 1535 1633 (12)

118 1655 155 1691 in
186 1655 244 1691 his
274 1655 420 1692 verbis:
451 1656 566 1691 Tum
597 1654 797 1702 primum
829 1654 901 1703 (sic
931 1665 1033 1692 reete
1046 1656 1229 1692 Dukerus
1260 1669 1331 1705 pro
1360 1656 1533 1705 prima)

119 1733 363 1763 commota
399 1726 608 1762 hostium
639 1724 791 1770 acies,
838 1726 982 1762 simul
1025 1727 1244 1763 omnibus
1273 1728 1535 1776 peditibus,

118 1804 167 1833 ut
196 1809 395 1834 aversos
425 1797 590 1833 videre
620 1796 935 1844 elephantos,
978 1798 1034 1834 ad
1075 1799 1347 1847 augendum
1388 1812 1535 1848 pavo-

118 1881 213 1905 rem
245 1881 299 1904 ae
329 1867 582 1904 tumultum
619 1867 814 1913 effusis,
840 1880 997 1913 vereor,
1027 1881 1094 1915 ne,
1133 1870 1237 1917 quod
1276 1871 1315 1906 in
1353 1870 1451 1907 libro
1482 1871 1537 1915 X,

121 1941 187 1985 28,
219 1941 240 1976 8
272 1940 456 1976 accidisse
485 1939 701 1988 suspicatus
731 1950 815 1975 sum
834 1967 843 1984 7
873 1939 1091 1988 peditum
1122 1953 1262 1977 nomen
1302 1955 1373 1991 pro
1406 1942 1535 1990 equi-

118 2018 212 2046 tum
241 2010 407 2059 positum
439 2010 487 2047 sit
517 2010 751 2058 (omnibus
784 2010 1066 2059 equitibus).
1139 2012 1244 2048 Nam
1280 2020 1316 2048 et
1357 2011 1536 2050 effusis

119 2088 159 2118 et
190 2081 340 2117 adiecta
371 2081 436 2118 illa
470 2082 524 2118 ad
558 2081 826 2130 augendum
863 2094 966 2130 pav.
999 2088 1043 2118 et
1073 2088 1186 2119 tum.
1234 2082 1353 2118 multo
1385 2083 1538 2131 aptiora

121 2153 169 2189 ad
198 2153 344 2201 equites
373 2160 461 2189 sunt
504 2153 589 2197 (cfr.
622 2157 640 2198 ξ
668 2157 715 2189 4;
760 2158 1037 2200 equestrem
1077 2154 1342 2202 procellam
1385 2154 1535 2191 cxci--

131 2230 291 2260 temus
325 2218 538 2273 oportet,
570 2225 609 2261 si
652 2224 851 2260 turbare
895 2253 934 2263 ..
972 2224 1234 2272 volumus);
1274 2225 1445 2274 peditum
1476 2238 1537 2261 om

124 2295 227 2331 nium
273 2295 425 2331 ordines
455 2295 509 2332 sic
542 2295 701 2332 dissolvi
741 2308 819 2332 non
850 2295 999 2332 sinebat
1028 2296 1215 2332 Romanae
1245 2295 1389 2332 militiae
1418 2295 1536 2341 ratio3

121 2372 315 2414 postremo
356 2366 442 2402 illa:
483 2370 534 2401 ut
576 2378 778 2402 aversos
821 2366 987 2402 videre
1015 2366 1334 2415 elephantos,
1376 2379 1460 2415 quae
1490 2367 1536 2404 de

122 2437 313 2485 peditibus
343 2449 480 2485 parum
511 2442 599 2485 apte
629 2437 817 2478 dicuntur,
849 2437 1030 2485 quoniam
1060 2437 1231 2486 peditum
1254 2438 1534 2487 (hastatorum)

127 2507 165 2543 vi
197 2519 341 2544 aversae
370 2507 489 2544 beluae
507 2516 626 2553 e1·ant,‚
649 2498 864 2555 ostendunt,
881 2509 1005 2545 redire
1034 2509 1294 2546 narrationem
1311 2510 1359 2545 ad
1377 2510 1535 2558 equites,

125 2591 221 2626 quos
238 2578 353 2627 paulo
370 2586 457 2615 ante
469 2579 600 2616 Livius
613 2578 901 2627 elephantorum
916 2579 1053 2616 terrori
1066 2593 1142 2616 non
1155 2580 1339 2617 restitisse
1349 2581 1536 2630 exposuit.

235 2648 330 2697 Cap.
366 2651 440 2695 ⁶23,
487 2653 507 2687 4
552 2651 606 2698 (in
635 2649 825 2686 sententia
869 2650 916 2697 Q.
949 2650 1095 2687 Metelli
1138 2651 1186 2687 de
1215 2663 1311 2699 paee
1342 2664 1365 2688 a
1395 2652 1536 2688 Poenis
