1811 2925
303 161 524 192 Lib.XXIII.
930 162 1007 198 264

259 284 399 329 omnia,
431 296 515 331 quae
544 288 766 330 sequuntur,
800 283 968 319 maxime
994 284 1043 320 ad
1070 285 1257 332 apodosin
1279 284 1542 333 (Gallicum
1582 285 1676 321 bel-

258 354 350 390 lum
389 384 397 392 .
416 382 425 392 .
445 383 453 390 .
490 351 668 403 posse),
701 354 888 390 sententia
919 367 1116 402 perversa.
1176 355 1314 403 Itaque
1331 355 1478 400 dubito,
1510 368 1558 391 an
1578 356 1675 392 scri-

257 425 422 461 bendum
463 424 529 461 sit:
575 437 674 472 quae
713 424 768 460 ad
800 423 1241 473 Carthaginienses
1281 426 1448 462 hostes
1480 426 1676 463 Hanni-

257 495 507 543 balemque
539 495 828 533 attinerent..
859 506 1095 542 prospera
1125 495 1263 532 modo
1294 503 1481 543 essent,
1513 497 1677 535 Galli-

257 577 360 601 cum
392 571 461 601 cet.
521 565 653 602 Facile
683 565 862 601 substitui
892 571 1046 613 poterat
1075 565 1254 602 usitatior
1282 566 1420 613 forma,
1452 581 1529 616 qua
1559 569 1676 604 abso-

258 635 334 671 lute
367 635 521 672 dicitur:
552 637 677 684 quod
712 635 785 684 (ad
818 636 906 672 1100
939 642 1018 671 aut
1047 634 1191 685 illud)
1231 637 1420 674 attinet.
1546 639 1673 676 Paulo

256 712 345 754 post
376 707 409 752 (ξ
444 708 485 755 6)
522 707 975 752 0(111111;Νο0,1111(10
1006 707 1293 744 consulares
1325 709 1573 746 exereitus
1604 723 1676 747 sa-

257 777 320 813 tis
362 777 491 813 firmi
530 778 583 813 ad
624 784 810 814 tantum
858 777 1033 813 bellum
1077 776 1425 825 efficerentur,
1454 780 1676 818 inibatur

257 849 398 885 ratio.
460 848 523 884 Ex
556 849 629 884 hoc
663 849 745 885 fieri
775 849 951 885 debuisse
981 848 1156 892 videt-ur,
1198 853 1240 883 ut
1272 854 1338 884 aut
1374 851 1573 897 praetorios
1603 865 1674 901 pro

258 920 523 956 consularibus
569 925 635 955 aut
679 919 902 956 consulares
946 919 1070 955 minus
1126 919 1257 955 firmos
1309 920 1528 957 scriberent.
1599 921 1676 959 Sed

259 990 361 1026 aliud
393 991 526 1027 Livius
557 997 712 1035 narrat,
755 989 886 1027 Gallia
918 989 1082 1034 omissa,
1132 989 1196 1025 11111
1234 995 1381 1026 tantum
1420 991 1565 1027 consuli
1608 992 1674 1028 illo

259 1074 359 1097 anno
392 1061 598 1097 exercitum
631 1073 713 1097 esse
735 1060 942 1099 decretum.
1006 1060 1145 1107 Itaque
1176 1059 1222 1096 de
1252 1072 1410 1096 numero
1440 1061 1676 1100 exercituum

260 1131 397 1179 agitur.
448 1132 537 1168 InP
557 1145 579 1167 a
609 1131 736 1179 priore
769 1143 885 1167 manu
916 1136 973 1166 est
1002 1131 1238 1175 11001111(10,
1269 1143 1317 1166 ex
1349 1143 1424 1178 quo
1457 1131 1579 1167 altera
1611 1131 1674 1168 fe-

260 1202 309 1237 cit
339 1215 395 1238 110
425 1202 665 1246 secundo,
704 1202 806 1249 quod
837 1200 875 1236 in
907 1199 937 1237 C
969 1206 1005 1236 et
1035 1200 1130 1236 alios
1168 1201 1330 1239 transiit.
1391 1201 1524 1238 Livius
1555 1202 1674 1251 scrip-

259 1278 379 1307 serat:
425 1285 526 1317 uec,
573 1273 692 1308 unde
733 1273 823 1308 duo
867 1271 1152 1308 consulares
1183 1270 1431 1308 exercitus
1459 1279 1545 1309 cett.
1611 1273 1674 1309 Ex

259 1343 381 1379 unde
421 1343 513 1378 duo
552 1342 697 1378 factum
729 1343 866 1379 undo.
938 1341 1296 1391 (Drakenborchius
1339 1342 1377 1377 in
1418 1344 1495 1379 suis
1527 1344 1675 1392 aliquot

260 1414 369 1451 codd.
410 1413 528 1450 fuisse
571 1413 703 1449 scribit
740 1426 824 1449 nec
854 1413 943 1449 duo
974 1412 1035 1448 vel
1065 1424 1119 1447 ne
1151 1412 1240 1447 duo
1275 1413 1561 1450 consulares
1593 1427 1674 1451 ex-

263 1485 464 1525 ercitus:
494 1485 646 1520 videtur
676 1484 819 1532 aliquid
853 1483 1132 1520 correctoribus
1163 1483 1378 1519 suboluisse
1406 1483 1517 1529 veri.)
1598 1485 1676 1521 Po-

261 1562 402 1591 stremo
435 1558 452 1599 5
487 1556 532 1598 8,
576 1562 782 1603 postquam
818 1554 950 1590 Livius
981 1553 1099 1598 dixit,
1130 1559 1302 1589 senatum
1334 1554 1527 1597 decresse,
1558 1560 1600 1590 ut
1629 1568 1677 1591 ex

261 1625 435 1662 Marcelli
466 1625 635 1661 exercitu
667 1624 888 1662 Cannenses
933 1625 1069 1661 milites
1118 1624 1155 1660 in
1188 1623 1357 1661 Siciliam
1387 1625 1679 1661 traducerentur

261 1696 391 1744 ibique
421 1697 638 1741 militarent,
672 1697 793 1732 donec
828 1697 866 1732 in
897 1696 1012 1732 Italia
1042 1695 1183 1732 bellum
1216 1701 1334 1739 esset,
1365 1695 1445 1730 haec
1479 1695 1605 1741 addit,
1638 1701 1678 1731 ut

262 1766 343 1803 fere
373 1766 461 1802 inde
492 1780 515 1802 a
545 1767 751 1803 Gronovio
783 1767 978 1803 scribitur:
1009 1766 1188 1803 Eodem
1228 1778 1282 1801 ex
1313 1765 1577 1801 dictatoris
1606 1765 1677 1801 le-

262 1838 489 1886 gionibus
522 1837 700 1885 (placuit)
724 1836 866 1873 reiici
898 1833 1097 1872 militem
1132 1836 1311 1872 minimi
1345 1847 1577 1883 quemque
1606 1847 1677 1871 ro-

262 1908 420 1953 boris,
472 1907 602 1944 nullo
642 1907 923 1956 praestituto
962 1906 1148 1942 militiae
1192 1912 1412 1952 tempore
1453 1905 1548 1940 nisi
1597 1905 1678 1953 qui

264 1979 627 2028 stipendiorum
683 1977 1022 2026 legitimorum
1074 1983 1244 2014 essent.
1325 1975 1486 2013 Codices
1534 1976 1677 2012 habent

264 2063 286 2097 q
299 2050 342 2085 ui
383 2080 417 2088 ..
437 2081 445 2088 .
486 2055 625 2086 esset.
706 2048 896 2096 Exceptio
938 2047 1031 2084 certi
1061 2047 1219 2082 militum
1251 2046 1401 2095 generis
1433 2046 1533 2090 sive,
1573 2047 1677 2094 quod

264 2122 358 2157 ordo
389 2122 593 2157 verborum
636 2119 740 2155 iubet
779 2118 1007 2167 (praesertim
1052 2117 1105 2153 sic
1150 2117 1274 2165 posito
1305 2116 1436 2152 nullo
1475 2145 1512 2155 ..
1550 2117 1677 2163 nisi),

264 2191 312 2227 ad
358 2196 508 2238 tempus
552 2190 695 2226 militiae
737 2189 817 2225 sive
849 2189 897 2224 ad
927 2188 1188 2224 traiectionem
1232 2187 1270 2222 in
1302 2186 1471 2222 Siciliam
1502 2187 1678 2232 refertur,

263 2273 425 2308 pravam
456 2261 572 2296 habet
602 2260 849 2303 sententiam3
890 2271 979 2294 nam
1020 2271 1143 2306 neque
1186 2264 1335 2306 tempus
1366 2257 1678 2305 praestituendum

264 2336 347 2366 erat
375 2330 441 2375 iis,
473 2331 537 2378 qui
571 2330 730 2367 emerita
760 2329 950 2378 stipendia
978 2329 1194 2372 habebant,
1241 2328 1306 2364 sed
1350 2327 1422 2376 ipsi
1466 2327 1680 2364 dimittendi

265 2401 406 2449 (neque
437 2402 539 2449 quod
571 2407 720 2449 tempus
751 2400 1003 2448 praestitutum
1036 2398 1104 2443 sit,
1135 2398 1347 2443 indicatur)
1368 2426 1377 2442 ,
1419 2410 1542 2445 neque
1583 2409 1679 2445 opus

264 2478 347 2508 erat
376 2472 471 2516 dici,
501 2472 539 2507 in
570 2471 739 2508 Siciliam
772 2484 848 2507 non
878 2471 1037 2512 missos,
1073 2469 1136 2517 qui
1166 2468 1454 2505 dimitterentur.
1516 2466 1680 2504 Confieit

263 2556 356 2585 rem,
389 2543 491 2590 quod
520 2542 855 2590 legitimorum
888 2553 994 2577 esse
1025 2539 1401 2588 stipendiorum,
1433 2537 1464 2573 si
1486 2537 1532 2573 de
1561 2537 1679 2573 milite

265 2613 413 2657 dicitur,
447 2625 523 2648 non
554 2612 713 2647 emerita
744 2611 933 2660 stipendia
964 2610 1164 2659 significat,
1196 2609 1263 2645 sed
1293 2608 1459 2656 aliquem
1489 2607 1678 2655 legitimo-

264 2696 347 2719 rum
383 2682 658 2731 stipendiorum
686 2681 952 2730 perfunctione
982 2680 1112 2717 teneri.
1172 2679 1298 2726 Quum
1329 2677 1550 2715 Cannenses
1581 2676 1680 2713 mili-
