1811 2925
257 148 333 180 Lib.
359 148 473 179 XXII.
876 147 953 182 254

324 273 384 308 De
413 284 495 320 cap.
529 273 591 314 60,
631 273 671 307 11
719 270 772 317 (in
803 269 977 305 oratione
1014 269 1061 305 T.
1093 266 1227 303 Manlii
1258 267 1448 317 Torquati
1486 273 1621 305 contra

214 343 405 391 captivos)
439 342 503 377 ubi
534 354 603 390 pro
635 341 764 377 sicut
793 340 851 376 bis
884 339 1156 375 restituendum
1188 345 1245 374 est
1274 339 1326 383 si,
1371 346 1438 385 ut,
1478 340 1619 377 dietum

214 421 271 450 est
301 413 349 449 ad
378 413 461 449 libr.
495 413 596 457 VII,
633 413 700 456 13,
733 408 814 455 8.¹)
874 410 950 445 Sed
992 409 1066 445 duo
1097 416 1281 458 praeterea
1311 410 1348 445 in
1390 412 1462 447 hoc
1494 411 1619 459 capite

215 483 553 522 commemoranda
583 490 682 528 sunt,
712 483 817 531 prius
846 481 884 517 in
915 484 933 525 ς’
971 482 1040 525 15,
1081 480 1146 516 ubi
1175 480 1228 516 sic
1260 480 1454 517 scribitur:
1503 480 1620 519 Sero

214 569 333 592 nunc
365 554 681 598 desideratis,
722 551 955 589 deminuti
986 551 1164 599 capite,
1211 551 1481 588 abalienati
1519 552 1621 588 iure

215 627 411 667 civium,
442 624 571 661 servi
602 622 1083 672 Carthaginiensium
1114 621 1247 658 facti.
1320 622 1485 659 Etiamsi
1515 623 1622 659 Lati—

214 712 303 735 num
334 699 383 734 sit
414 695 690 733 abalienari
731 694 833 730 iure
872 706 942 742 pro
975 705 1033 738 eo,
1081 693 1182 740 quod
1210 699 1266 729 est
1297 694 1569 730 abalienari
1601 706 1623 730 a

215 770 340 811 iure,
372 769 417 805 de
450 781 525 816 quo
558 766 671 803 valde
703 765 858 810 dubito,
902 770 1052 809 tamen,
1103 763 1166 811 qui
1196 763 1254 800 ius
1284 764 1441 811 aliquod
1472 765 1622 810 amittit,

215 853 338 889 neque
369 838 647 875 abalienari
681 850 732 874 eo
762 838 865 873 iure
895 848 1019 883 neque
1061 835 1116 870 ab
1156 848 1207 871 eo
1236 835 1338 871 iure
1376 836 1451 872 dici
1478 842 1623 884 potest;

215 912 329 960 longe
361 917 418 946 est
448 910 545 946 enim
579 909 682 945 aliud
726 910 782 945 ab
827 907 992 954 aliqua
1034 919 1085 941 re
1130 906 1407 943 abalienari
1450 907 1572 955 (velut
1603 920 1626 943 a

217 983 342 1019 studio
374 982 531 1029 aliquo).
589 981 689 1023 Ius,
721 986 761 1015 ut
791 991 937 1027 agrum,
969 977 1144 1025 vectigal,
1175 977 1325 1021 similia,
1351 978 1626 1022 abalienamus,

216 1056 289 1091 hoc
321 1060 388 1097 est,
421 1051 629 1088 amittimus
663 1062 784 1098 eoque
815 1049 997 1086 cedimus,
1058 1049 1194 1096 Itaque
1224 1062 1301 1084 non
1336 1049 1626 1093 abalienati,

217 1126 283 1162 sed
325 1123 606 1160 abalienato
652 1121 755 1157 iure
796 1120 968 1157 civium
1013 1119 1144 1155 Livius
1183 1120 1352 1168 scripsit3
1390 1120 1428 1155 id
1468 1126 1627 1168 propter

217 1196 436 1246 praecedens
485 1193 718 1230 deminuti
773 1192 932 1240 capite
982 1189 1184 1226 mutationi
1237 1197 1495 1239 opportunum
1541 1190 1626 1229 fuit.

217 1266 375 1304 >&Altera
406 1264 621 1301 emendatio
653 1263 769 1312 paulo
803 1262 1028 1310 exquisitior
1058 1261 1233 1297 facienda
1265 1264 1282 1305 ξ
1316 1262 1380 1306 21,
1411 1261 1476 1297 ubi
1509 1261 1627 1309 (quod

219 1337 267 1372 ad
306 1350 351 1372 ea
393 1336 538 1380 attinet,
586 1335 632 1370 de
663 1334 799 1382 quibus
833 1332 978 1383 agitur)
1026 1333 1078 1369 sie
1116 1332 1153 1368 in
1196 1332 1390 1368 codicibus
1433 1332 1629 1368 scribitur:

217 1408 351 1443 Nunc
374 1412 529 1442 autem
560 1403 953 1454 quemadmodum
986 1403 1031 1439 hi
1061 1403 1176 1439 boni
1204 1402 1480 1452 fidelesque
1502 1403 1627 1451 (nam

222 1477 397 1522 fortes,
428 1490 483 1513 ne
514 1477 606 1525 ipsi
638 1476 824 1524 quidem
856 1474 1085 1521 dixerint)
1110 1475 1238 1511 cives
1270 1487 1373 1511 esse
1402 1473 1633 1524 possunt?

223 1548 331 1586 Nisi
379 1548 484 1596 quis
526 1548 723 1584 credere
759 1551 921 1595 potest
960 1544 1113 1582 fuisse
1160 1552 1208 1582 ut
1250 1545 1635 1594 erumpentibus,

224 1619 325 1668 qui,
368 1631 421 1654 ne
460 1623 767 1666 erumperent
812 1618 863 1665 (P
901 1617 1377 1666 quinecrumperent,
1431 1615 1508 1653 CM
1554 1617 1636 1665 qui

226 1703 310 1727 nec
359 1691 695 1738 erumperent)
744 1688 987 1724 obsistere
1031 1688 1193 1724 conati
1239 1694 1366 1733 sunt,
1416 1694 1497 1724 aut
1545 1700 1637 1724 non

226 1754 448 1798 inridere
478 1773 557 1797 eos
591 1773 726 1808 quum
757 1758 1087 1795 incolumitati
1117 1765 1210 1795 tum
1242 1758 1408 1807 gloriae
1441 1758 1637 1795 illorum

228 1847 310 1882 per
332 1833 560 1869 virtutem
590 1836 757 1879 partae,
801 1842 940 1877 quum
978 1829 1071 1865 sibi
1111 1830 1331 1866 timorem
1362 1829 1638 1877 ignaviam-

230 1917 317 1953 que
376 1901 630 1940 servitutis
681 1900 1014 1949 ignominiosae
1067 1913 1260 1937 causam
1311 1912 1415 1936 esse
1470 1899 1638 1937 sciant.

230 1976 284 2013 Ut
316 1974 502 2011 sententia
533 1973 664 2020 aliqua
688 1985 736 2008 ex
764 1972 866 2007 istis:
914 1971 1069 2008 fuisse
1099 1978 1147 2008 ut
1177 1970 1542 2020 erumpentibus
1573 1970 1640 2006 eli-

230 2053 390 2091 ceretur,
420 2043 756 2081 Weissenbornius
779 2045 887 2088 (nam
912 2042 1073 2078 aliorum
1104 2049 1263 2079 conatus
1295 2042 1441 2087 omittO,
1476 2054 1640 2090 quorum

232 2118 298 2154 vix
329 2116 531 2164 quisquam
573 2115 645 2152 sibi
675 2115 757 2164 ipse
795 2114 1016 2163 satisfecit),
1063 2126 1179 2162 quum
1221 2113 1455 2161 scripsisset:
1485 2112 1640 2148 fuisse

233 2193 327 2223 tum
359 2186 746 2235 erumpentibus,
792 2186 916 2222 audiri
958 2199 1005 2222 ex
1047 2184 1307 2233 superioribus
1337 2183 1458 2219 voluit
1487 2183 1642 2219 bonos

234 2256 517 2305 fidelesque.
594 2257 670 2294 Sed
709 2269 832 2304 nequo
874 2256 1033 2293 fuisse
1076 2255 1177 2291 nude
1214 2255 1266 2291 sic
1312 2254 1385 2290 dici
1421 2260 1549 2303 potest
1583 2258 1645 2298 (ut

236 2327 284 2363 sit
313 2328 438 2363 tales
468 2327 649 2375 fuisse),
699 2340 822 2375 neque
867 2327 1017 2363 bonus
1063 2326 1329 2374 fidelisque
1376 2325 1649 2374 erumpenti

238 2398 418 2434 Latinum
451 2405 518 2445 est,
548 2413 672 2447 neque
703 2399 856 2435 omnino
887 2397 1134 2446 praedicatum
1169 2409 1216 2432 ex
1253 2395 1449 2444 superiore
1485 2395 1646 2431 interro-

239 2469 393 2517 gatione
436 2471 533 2506 sumi
570 2476 710 2519 potest,
752 2474 990 2518 repugnante
1035 2474 1115 2504 tota
1157 2466 1340 2503 orationis
1378 2466 1524 2514 figura,
1562 2477 1647 2513 quae

266 2624 298 2668 ¹)
332 2626 534 2658 Emendatio
571 2627 661 2668 apud
701 2626 948 2666 Ingerslcvium
977 2625 1010 2655 in
1045 2629 1140 2655 textu
1180 2623 1307 2664 posita,
1354 2622 1387 2653 in
1427 2622 1648 2653 adnotatione

336 2694 598 2720 commemorata
624 2698 692 2719 non
719 2694 780 2719 est.
