1811 2925
203 155 277 186 Lib.
296 153 425 185 XLIII.
880 155 958 190 554

326 277 424 326 Cap.
461 279 529 321 13,
576 279 615 313 1:
661 277 767 313 Non
808 288 904 313 sum
937 277 1156 321 nescius,
1187 278 1242 313 ab
1273 277 1434 313 eadem
1466 277 1624 326 negli-

204 349 390 398 gentia,
435 361 527 397 qua
567 348 689 384 nihil
726 348 843 385 deos
880 347 1175 397 portendere
1213 348 1360 396 vulgo
1402 348 1624 391 credant,

205 432 356 468 neque
385 419 608 456 nuntiari
639 419 892 455 admodum
924 419 1023 455 ulla
1052 418 1279 467 prodigia
1300 419 1344 454 in
1372 419 1622 467 publicum

205 503 361 538 neque
390 490 435 526 in
473 491 673 527 annales
703 490 900 527 referri.
962 489 1098 539 (Ulla
1136 502 1207 538 pro
1237 489 1371 526 nulla
1400 496 1503 526 recte
1521 489 1623 527 Gro-

205 562 360 604 novius;
393 562 554 598 mirifica
583 561 741 598 molitur
772 560 1113 597 Weissenbornius
1146 573 1299 609 neque
1330 559 1494 609 tollens.)
1532 561 1624 597 Non

204 639 307 669 recte
348 632 548 669 nuntiandi
586 633 765 682 prodigia
815 639 852 668 et
893 632 932 668 in
971 632 1130 668 annales
1174 631 1364 668 referendi
1393 631 1624 668 intermissio

206 711 464 752 comparatur-
495 710 680 752 tanquam
713 704 867 740 diversa
898 703 957 747 sit„
980 715 1065 739 cum
1097 715 1143 738 ea
1162 703 1406 751 negligentia,
1439 715 1515 751 qua
1531 703 1623 739 deos

205 775 297 811 nihil
327 775 557 824 portendere
586 776 705 824 vulgo
737 775 895 811 credant
926 772 1032 824 (quae
1069 780 1257 822 praeterea
1286 787 1361 810 non
1392 774 1624 822 negligentia

206 852 274 891 est,
304 846 371 882 sed
403 846 532 894 opinio
564 846 645 882 sive
675 854 782 883 recta
813 846 894 882 sive
924 850 1081 894 prava).
1143 846 1265 881 Recta
1295 852 1332 881 et
1361 851 1454 893 apta
1474 852 1624 882 senten-

206 917 260 953 tia
292 918 371 953 haec
404 923 484 961 est„
515 918 618 966 quod
649 930 718 953 nec
748 917 923 953 homines
953 916 1132 966 prodigia
1161 917 1335 952 nuntient
1363 929 1433 952 nec
1464 916 1625 964 scripto-

205 1001 266 1025 res
295 989 334 1024 in
366 989 523 1025 annales
555 1002 600 1025 ea
629 988 820 1032 referant,
853 999 930 1022 una
961 986 1173 1035 eademque
1202 988 1283 1024 fieri
1314 986 1548 1036 negligentia
1577 999 1625 1023 ex

207 1072 252 1095 eo
284 1066 380 1105 orta,
413 1060 515 1108 quod
545 1060 637 1096 nihil
670 1060 762 1095 deos
793 1058 1023 1106 portendere
1054 1058 1224 1096 credant.
1291 1059 1352 1095 Ea
1367 1058 1556 1095 sententia
1586 1059 1624 1095 in

208 1130 308 1167 Livii
338 1130 467 1166 verbis
499 1130 596 1171 erit,
627 1130 678 1175 si7
709 1142 786 1166 una
815 1129 944 1165 littera
975 1128 1120 1164 addita.
1150 1128 1434 1177 scripserimus:
1466 1130 1522 1165 ab
1553 1142 1624 1166 ea-

207 1202 310 1238 dem
342 1201 670 1250 negligentiaq
703 1201 818 1253 quia
848 1200 972 1236 nihil
1004 1200 1117 1235 deos
1154 1200 1446 1247 portendere
1476 1200 1624 1248 vulgo

207 1273 422 1312 credant.
488 1272 554 1308 Ad
586 1271 764 1315 eadem,
798 1271 901 1319 quod
931 1270 1106 1306 absolute
1135 1270 1309 1319 ponitur,¹
1344 1271 1443 1306 male
1474 1283 1624 1307 accom-

207 1344 404 1380 modatum
437 1349 494 1379 est
537 1355 642 1391 qua.
778 1342 905 1378 Paulo
959 1348 1049 1390 post
1097 1341 1138 1390 (ξ
1171 1342 1212 1377 3:
1258 1343 1491 1391 Anagnia
1535 1342 1625 1378 duo

207 1414 444 1464 prodigia
474 1426 526 1450 eo
558 1426 682 1449 anno
714 1419 823 1449 sunt
852 1411 1343 1455 n1111tiata,facemi11
1366 1413 1500 1449 coelo
1520 1425 1623 1449 con-

209 1492 420 1535 spectam
470 1491 513 1521 et
555 1486 725 1520 bovem
776 1483 1006 1520 feminam
1049 1483 1260 1520 locutam
1304 1483 1501 1531 publice
1542 1483 1624 1530 ali)

208 1565 310 1595 recte
343 1557 524 1593 Dukerus
556 1555 840 1596 animadvertit,
871 1567 1051 1603 perverse
1081 1554 1120 1590 in
1150 1555 1315 1603 prodigii
1338 1554 1501 1590 nuntiati
1516 1561 1627 1602 parte

206 1629 311 1678 poni,
344 1628 446 1676 quod
483 1627 573 1663 alibi
605 1626 779 1663 nuntiato
810 1626 987 1674 prodigio
1019 1626 1212 1662 decretum
1246 1633 1450 1670 narratur„
1484 1631 1526 1661 ut
1554 1625 1625 1661 bos

207 1701 338 1736 locuta
364 1698 515 1748 publice
548 1699 715 1734 aleretur
746 1697 956 1743 (XXXV,
989 1698 1053 1741 21,
1085 1697 1196 1741 XLI,
1222 1698 1305 1737 13).
1366 1697 1531 1733 Videtur
1559 1697 1625 1733 Li-

207 1772 315 1814 vius„
350 1770 433 1818 qui,
465 1768 556 1817 quid
587 1774 799 1804 ceterorum
833 1767 1096 1816 prodigiorum
1130 1781 1248 1804 causa
1275 1768 1418 1804 factum
1450 1768 1498 1804 sit
1519 1796 1528 1812 ,
1555 1781 1626 1816 po-

208 1848 289 1878 stea
320 1840 549 1878 coniunctim
581 1838 763 1887 exponit,
807 1838 870 1883 id,
917 1839 1018 1886 quod
1065 1839 1113 1874 ad
1155 1840 1227 1876 hoc
1261 1853 1377 1875 unum
1407 1839 1625 1888 prodigium

208 1913 448 1962 pertinebat,
482 1910 610 1947 statim
642 1910 940 1958 interposuisse.
981 1911 1053 1946 hac
1085 1909 1165 1945 fere
1196 1909 1339 1946 forma:
1371 1918 1415 1946 et
1454 1911 1624 1946 bovem

208 1984 431 2020 feminam
462 1982 701 2022 locutam:
743 2003 796 2007 ——
837 1994 889 2018 ea
921 1981 1115 2030 publice
1146 1981 1210 2017 ali
1241 1981 1395 2025 iussa:
1429 2001 1478 2007 --
1510 1980 1625 2016 Min-

208 2054 362 2090 turnis
395 2060 464 2090 cet.
540 2052 581 2089 Si
623 2052 695 2100 ipsi
729 2051 926 2100 Anagnini
957 2064 1018 2092 sc,
1056 2052 1095 2088 id
1136 2052 1239 2100 quod
1281 2051 1433 2087 decerni
1473 2050 1625 2087 soleret.

207 2131 317 2162 caute
351 2135 559 2172 occupasse
603 2123 850 2161 nuntiarunt.
892 2123 1133 2159 scribendum
1169 2130 1242 2159 est:
1298 2152 1335 2160 ..
1395 2123 1625 2163 locutann

208 2208 307 2231 eam
339 2194 531 2243 publice
562 2193 640 2229 ali.

321 2264 416 2313 Cap.
454 2267 512 2309 14,
545 2266 566 2301 6
602 2264 657 2312 (in
683 2264 942 2308 iureiurando,
975 2264 1078 2313 quod
1109 2277 1285 2301 censores
1316 2263 1524 2300 adiuvandi
1568 2262 1624 2298 di-

207 2337 325 2373 lectus
356 2348 473 2372 causa
510 2348 550 2372 se
604 2350 627 2371 a
670 2335 817 2371 civibus
848 2342 1053 2371 exacturos
1085 2334 1324 2382 edixerunt):
1368 2335 1436 2370 Tu
1469 2334 1625 2369 minor

208 2407 350 2443 annis
394 2418 475 2442 sex
527 2414 570 2443 et
611 2406 953 2455 quadraginta
985 2419 1058 2444 es.
1107 2413 1259 2453 tuque
1301 2419 1355 2441 ex
1387 2405 1548 2440 edicto
1580 2403 1622 2440 C.

208 2476 426 2520 Claudii,
457 2478 528 2513 Ti.
563 2477 843 2526 Sempronii
883 2490 1132 2513 censorum
1165 2477 1221 2512 ad
1251 2476 1486 2513 dilectum
1517 2488 1622 2523 pro-

207 2546 362 2584 dibis?
394 2554 459 2590 et,
511 2548 902 2596 quotiescunque
947 2548 1164 2584 dilectus
1206 2547 1324 2588 erit,
1369 2559 1505 2594 quum
1553 2546 1624 2586 (sic

207 2631 291 2655 cum
322 2618 465 2656 Ursino
497 2618 739 2655 scribendum
770 2632 840 2667 pro
882 2632 1004 2667 quae,
1056 2619 1159 2666 quod
1205 2618 1243 2654 in
1292 2618 1376 2656 cod.
1409 2625 1485 2662 est3
1536 2617 1621 2656 edd.

206 2689 447 2737 quamdiu)
481 2689 523 2724 hi
546 2701 776 2725 censores
808 2690 1151 2738 magistratum
1184 2689 1445 2732 habebunt,
1477 2688 1515 2724 si
1544 2688 1622 2724 mi-
