<?xml version="1.0" encoding="UTF-8"?>
<!DOCTYPE html PUBLIC "-//W3C//DTD XHTML 1.0 Transitional//EN"
    "http://www.w3.org/TR/xhtml1/DTD/xhtml1-transitional.dtd">
<html xmlns="http://www.w3.org/1999/xhtml" xml:lang="en" lang="en">
 <head>
  <title>
</title>
<meta http-equiv="Content-Type" content="text/html;charset=utf-8" />
  <meta name='ocr-system' content='tesseract 3.04.00' />
  <meta name='ocr-capabilities' content='ocr_page ocr_carea ocr_par ocr_line ocrx_word'/>
</head>
<body>
  <div class='ocr_page' id='page_1' title='image "./emendationeslivi00madvuoft_0459.png"; bbox 0 0 1811 2925; ppageno 0'>
   <div class='ocr_carea' id='block_1_1' title="bbox 837 141 1588 177">
    <p class='ocr_par' dir='ltr' id='par_1_1' title="bbox 837 141 1588 177">
     <span class='ocr_line' id='line_1_1' title="bbox 837 141 1588 177; baseline -0.007 0"><span class='ocrx_word' id='word_1_1' title='bbox 837 143 914 177; x_wconf 84' lang='lat'><strong>453</strong></span> <span class='ocrx_word' id='word_1_2' title='bbox 1318 141 1394 173; x_wconf 86' lang='lat' dir='ltr'>Lib.</span> <span class='ocrx_word' id='word_1_3' title='bbox 1422 142 1588 173; x_wconf 83' lang='lat' dir='ltr'>XXXIX.</span> 
     </span>
    </p>
   </div>
   <div class='ocr_carea' id='block_1_2' title="bbox 166 260 1591 1153">
    <p class='ocr_par' dir='ltr' id='par_1_2' title="bbox 166 260 1590 452">
     <span class='ocr_line' id='line_1_2' title="bbox 166 260 1589 312; baseline 0.001 -14"><span class='ocrx_word' id='word_1_4' title='bbox 166 261 215 298; x_wconf 91' lang='lat' dir='ltr'><strong>in</strong></span> <span class='ocrx_word' id='word_1_5' title='bbox 252 261 446 309; x_wconf 82' lang='lat' dir='ltr'>equites</span> <span class='ocrx_word' id='word_1_6' title='bbox 486 260 637 310; x_wconf 85' lang='lat' dir='ltr'><strong>(eadem</strong></span> <span class='ocrx_word' id='word_1_7' title='bbox 681 263 870 300; x_wconf 83' lang='lat' dir='ltr'><strong>varietate</strong></span> <span class='ocrx_word' id='word_1_8' title='bbox 909 262 1203 300; x_wconf 82' lang='lat' dir='ltr'>constructionis</span> <span class='ocrx_word' id='word_1_9' title='bbox 1248 267 1285 298; x_wconf 90' lang='lat' dir='ltr'><strong>et</strong></span> <span class='ocrx_word' id='word_1_10' title='bbox 1314 264 1474 309; x_wconf 91' lang='lat' dir='ltr'><strong>numeri,</strong></span> <span class='ocrx_word' id='word_1_11' title='bbox 1515 277 1589 312; x_wconf 84' lang='lat' dir='ltr'><strong>qua</strong></span> 
     </span>
     <span class='ocr_line' id='line_1_3' title="bbox 167 331 1590 382; baseline 0.003 -14"><span class='ocrx_word' id='word_1_12' title='bbox 167 331 381 376; x_wconf 89' lang='lat' dir='ltr'>XXXIV,</span> <span class='ocrx_word' id='word_1_13' title='bbox 428 333 496 369; x_wconf 81' lang='lat'><strong>52:</strong></span> <span class='ocrx_word' id='word_1_14' title='bbox 541 332 586 368; x_wconf 92' lang='lat' dir='ltr'><strong>in</strong></span> <span class='ocrx_word' id='word_1_15' title='bbox 631 333 819 382; x_wconf 82' lang='lat' dir='ltr'>pedites</span> <span class='ocrx_word' id='word_1_16' title='bbox 863 334 1037 378; x_wconf 83' lang='lat' dir='ltr'><strong>divisi,</strong></span> <span class='ocrx_word' id='word_1_17' title='bbox 1066 333 1246 381; x_wconf 82' lang='lat' dir='ltr'>duplex</span> <span class='ocrx_word' id='word_1_18' title='bbox 1293 334 1590 373; x_wconf 87' lang='lat' dir='ltr'><strong>centurioni.</strong></span> 
     </span>
     <span class='ocr_line' id='line_1_4' title="bbox 166 402 1590 452; baseline 0.001 -14"><span class='ocrx_word' id='word_1_19' title='bbox 166 402 352 451; x_wconf 84' lang='lat' dir='ltr'><strong>triplex</strong></span> <span class='ocrx_word' id='word_1_20' title='bbox 384 403 555 451; x_wconf 86' lang='lat' dir='ltr'><strong>equiti,</strong></span> <span class='ocrx_word' id='word_1_21' title='bbox 590 409 627 439; x_wconf 91' lang='lat' dir='ltr'><strong>et</strong></span> <span class='ocrx_word' id='word_1_22' title='bbox 656 404 875 450; x_wconf 83' lang='lat' dir='ltr'><strong>XLV,34:</strong></span> <span class='ocrx_word' id='word_1_23' title='bbox 907 404 956 440; x_wconf 92' lang='lat' dir='ltr'><strong>in</strong></span> <span class='ocrx_word' id='word_1_24' title='bbox 986 403 1294 452; x_wconf 79' lang='lat' dir='ltr'><strong>equitem...</strong></span> <span class='ocrx_word' id='word_1_25' title='bbox 1333 404 1590 452; x_wconf 82' lang='lat' dir='ltr'><strong>peditibus</strong></span> 
     </span>
    </p>

    <p class='ocr_par' dir='ltr' id='par_1_3' title="bbox 167 472 1591 802">
     <span class='ocr_line' id='line_1_5' title="bbox 233 472 1589 523; baseline 0 -13"><span class='ocrx_word' id='word_1_26' title='bbox 233 503 240 510; x_wconf 96' lang='lat'><strong>.</strong></span> <span class='ocrx_word' id='word_1_27' title='bbox 279 472 662 522; x_wconf 83' lang='lat' dir='ltr'><strong>dividerentur),</strong></span> <span class='ocrx_word' id='word_1_28' title='bbox 694 480 738 511; x_wconf 90' lang='lat' dir='ltr'><strong>et</strong></span> <span class='ocrx_word' id='word_1_29' title='bbox 758 473 1052 523; x_wconf 80' lang='lat' dir='ltr'><strong>stipendium</strong></span> <span class='ocrx_word' id='word_1_30' title='bbox 1074 473 1253 521; x_wconf 85' lang='lat' dir='ltr'><strong>duplex</strong></span> <span class='ocrx_word' id='word_1_31' title='bbox 1282 473 1428 514; x_wconf 85' lang='lat' dir='ltr'><strong>dedit.</strong></span> <span class='ocrx_word' id='word_1_32' title='bbox 1462 474 1589 521; x_wconf 81' lang='lat' dir='ltr'><strong>Quum</strong></span> 
     </span>
     <span class='ocr_line' id='line_1_6' title="bbox 167 542 1591 592; baseline 0.001 -14"><span class='ocrx_word' id='word_1_33' title='bbox 167 542 233 579; x_wconf 86' lang='lat' dir='ltr'><strong>illa</strong></span> <span class='ocrx_word' id='word_1_34' title='bbox 262 543 446 591; x_wconf 81' lang='lat' dir='ltr'><strong>triplex</strong></span> <span class='ocrx_word' id='word_1_35' title='bbox 476 544 520 580; x_wconf 91' lang='lat' dir='ltr'><strong>in</strong></span> <span class='ocrx_word' id='word_1_36' title='bbox 552 545 743 592; x_wconf 83' lang='lat' dir='ltr'><strong>equites</strong></span> <span class='ocrx_word' id='word_1_37' title='bbox 773 556 843 580; x_wconf 89' lang='lat' dir='ltr'><strong>suo</strong></span> <span class='ocrx_word' id='word_1_38' title='bbox 876 543 963 580; x_wconf 89' lang='lat' dir='ltr'><strong>loco</strong></span> <span class='ocrx_word' id='word_1_39' title='bbox 995 548 1102 579; x_wconf 82' lang='lat' dir='ltr'><strong>mota</strong></span> <span class='ocrx_word' id='word_1_40' title='bbox 1132 550 1270 589; x_wconf 83' lang='lat' dir='ltr'><strong>essent,</strong></span> <span class='ocrx_word' id='word_1_41' title='bbox 1318 543 1490 580; x_wconf 83' lang='lat' dir='ltr'><strong>additum</strong></span> <span class='ocrx_word' id='word_1_42' title='bbox 1522 550 1591 586; x_wconf 80' lang='lat' dir='ltr'><strong>est,</strong></span> 
     </span>
     <span class='ocr_line' id='line_1_7' title="bbox 167 613 1591 663; baseline 0.001 -15"><span class='ocrx_word' id='word_1_43' title='bbox 167 618 210 648; x_wconf 88' lang='lat' dir='ltr'><strong>ut</strong></span> <span class='ocrx_word' id='word_1_44' title='bbox 239 614 473 651; x_wconf 83' lang='lat' dir='ltr'><strong>contrarium</strong></span> <span class='ocrx_word' id='word_1_45' title='bbox 507 621 618 660; x_wconf 82' lang='lat' dir='ltr'><strong>esset,</strong></span> <span class='ocrx_word' id='word_1_46' title='bbox 648 615 693 651; x_wconf 91' lang='lat' dir='ltr'><strong>in</strong></span> <span class='ocrx_word' id='word_1_47' title='bbox 723 614 937 663; x_wconf 76' lang='lat' dir='ltr'><strong>pedites,</strong></span> <span class='ocrx_word' id='word_1_48' title='bbox 970 626 1040 662; x_wconf 90' lang='lat' dir='ltr'><strong>pro</strong></span> <span class='ocrx_word' id='word_1_49' title='bbox 1073 626 1149 662; x_wconf 92' lang='lat' dir='ltr'><strong>quo</strong></span> <span class='ocrx_word' id='word_1_50' title='bbox 1180 627 1256 650; x_wconf 92' lang='lat' dir='ltr'><strong>non</strong></span> <span class='ocrx_word' id='word_1_51' title='bbox 1289 619 1392 650; x_wconf 86' lang='lat' dir='ltr'><strong>recte</strong></span> <span class='ocrx_word' id='word_1_52' title='bbox 1412 613 1591 650; x_wconf 84' lang='lat' dir='ltr'><strong>Draken-</strong></span> 
     </span>
     <span class='ocr_line' id='line_1_8' title="bbox 168 683 1590 729; baseline 0.003 -11"><span class='ocrx_word' id='word_1_53' title='bbox 168 683 348 719; x_wconf 87' lang='lat' dir='ltr'><strong>borchius</strong></span> <span class='ocrx_word' id='word_1_54' title='bbox 391 684 435 720; x_wconf 90' lang='lat' dir='ltr'><strong>in</strong></span> <span class='ocrx_word' id='word_1_55' title='bbox 480 686 662 722; x_wconf 84' lang='lat' dir='ltr'><strong>milites</strong></span> <span class='ocrx_word' id='word_1_56' title='bbox 705 684 821 722; x_wconf 86' lang='lat' dir='ltr'><strong>scribi</strong></span> <span class='ocrx_word' id='word_1_57' title='bbox 861 684 1005 729; x_wconf 83' lang='lat' dir='ltr'><strong>voluit,</strong></span> <span class='ocrx_word' id='word_1_58' title='bbox 1047 696 1132 720; x_wconf 89' lang='lat' dir='ltr'><strong>cum</strong></span> <span class='ocrx_word' id='word_1_59' title='bbox 1162 684 1304 721; x_wconf 88' lang='lat' dir='ltr'><strong>vitiosa</strong></span> <span class='ocrx_word' id='word_1_60' title='bbox 1335 684 1590 722; x_wconf 85' lang='lat' dir='ltr'><strong>abundantia:</strong></span> 
     </span>
     <span class='ocr_line' id='line_1_9' title="bbox 168 752 736 802; baseline 0.009 -14"><span class='ocrx_word' id='word_1_61' title='bbox 168 760 295 789; x_wconf 74' lang='lat' dir='ltr'><strong>cetera</strong></span> <span class='ocrx_word' id='word_1_62' title='bbox 324 760 427 790; x_wconf 85' lang='lat' dir='ltr'><strong>recte</strong></span> <span class='ocrx_word' id='word_1_63' title='bbox 461 752 736 802; x_wconf 83' lang='lat' dir='ltr'><strong>emendavit.¹)</strong></span> 
     </span>
    </p>

    <p class='ocr_par' dir='ltr' id='par_1_4' title="bbox 168 823 1591 1153">
     <span class='ocr_line' id='line_1_10' title="bbox 281 823 1591 873; baseline 0.002 -14"><span class='ocrx_word' id='word_1_64' title='bbox 281 823 375 872; x_wconf 84' lang='lat' dir='ltr'><strong>Cap.</strong></span> <span class='ocrx_word' id='word_1_65' title='bbox 412 827 472 869; x_wconf 77' lang='lat'><strong>17,</strong></span> <span class='ocrx_word' id='word_1_66' title='bbox 506 828 525 861; x_wconf 89' lang='lat'><strong>7</strong></span> <span class='ocrx_word' id='word_1_67' title='bbox 573 825 644 870; x_wconf 83' lang='lat' dir='ltr'><strong>(de</strong></span> <span class='ocrx_word' id='word_1_68' title='bbox 685 825 1037 862; x_wconf 82' lang='lat' dir='ltr'><strong>Bacchanaliorum</strong></span> <span class='ocrx_word' id='word_1_69' title='bbox 1069 824 1304 861; x_wconf 80' lang='lat' dir='ltr'><strong>antistitibus</strong></span> <span class='ocrx_word' id='word_1_70' title='bbox 1336 825 1591 873; x_wconf 87' lang='lat' dir='ltr'><strong>comprehen-</strong></span> 
     </span>
     <span class='ocr_line' id='line_1_11' title="bbox 168 893 1588 942; baseline 0.002 -13"><span class='ocrx_word' id='word_1_71' title='bbox 168 893 255 940; x_wconf 89' lang='lat' dir='ltr'><strong>sis):</strong></span> <span class='ocrx_word' id='word_1_72' title='bbox 296 893 518 942; x_wconf 80' lang='lat' dir='ltr'><strong>fassique</strong></span> <span class='ocrx_word' id='word_1_73' title='bbox 549 895 603 930; x_wconf 89' lang='lat' dir='ltr'><strong>de</strong></span> <span class='ocrx_word' id='word_1_74' title='bbox 633 907 681 931; x_wconf 88' lang='lat' dir='ltr'><strong>se</strong></span> <span class='ocrx_word' id='word_1_75' title='bbox 710 895 890 932; x_wconf 89' lang='lat' dir='ltr'><strong>nullam</strong></span> <span class='ocrx_word' id='word_1_76' title='bbox 922 907 1102 931; x_wconf 86' lang='lat' dir='ltr'><strong>moram</strong></span> <span class='ocrx_word' id='word_1_77' title='bbox 1130 894 1318 931; x_wconf 83' lang='lat' dir='ltr'><strong>iudicio</strong></span> <span class='ocrx_word' id='word_1_78' title='bbox 1349 894 1588 932; x_wconf 84' lang='lat' dir='ltr'><strong>fecerunt.</strong></span> 
     </span>
     <span class='ocr_line' id='line_1_12' title="bbox 168 965 1590 1013; baseline 0.001 -13"><span class='ocrx_word' id='word_1_79' title='bbox 168 965 325 1001; x_wconf 84' lang='lat' dir='ltr'><strong>Rectius</strong></span> <span class='ocrx_word' id='word_1_80' title='bbox 356 965 505 1002; x_wconf 87' lang='lat' dir='ltr'><strong>codices</strong></span> <span class='ocrx_word' id='word_1_81' title='bbox 537 965 669 1013; x_wconf 83' lang='lat' dir='ltr'><strong>(etiam</strong></span> <span class='ocrx_word' id='word_1_82' title='bbox 701 965 760 1013; x_wconf 93' lang='lat' dir='ltr'><strong>M)</strong></span> <span class='ocrx_word' id='word_1_83' title='bbox 792 965 995 1010; x_wconf 90' lang='lat' dir='ltr'><strong>indicio,</strong></span> <span class='ocrx_word' id='word_1_84' title='bbox 1034 966 1107 1001; x_wconf 90' lang='lat' dir='ltr'><strong>hoc</strong></span> <span class='ocrx_word' id='word_1_85' title='bbox 1138 971 1206 1010; x_wconf 86' lang='lat' dir='ltr'><strong>est,</strong></span> <span class='ocrx_word' id='word_1_86' title='bbox 1250 965 1454 1013; x_wconf 88' lang='lat' dir='ltr'><strong>quominus</strong></span> <span class='ocrx_word' id='word_1_87' title='bbox 1489 971 1590 1002; x_wconf 90' lang='lat' dir='ltr'><strong>cete·</strong></span> 
     </span>
     <span class='ocr_line' id='line_1_13' title="bbox 168 1034 1590 1084; baseline 0 -13"><span class='ocrx_word' id='word_1_88' title='bbox 168 1047 232 1071; x_wconf 89' lang='lat' dir='ltr'><strong>ros</strong></span> <span class='ocrx_word' id='word_1_89' title='bbox 264 1047 419 1083; x_wconf 89' lang='lat' dir='ltr'><strong>quoque</strong></span> <span class='ocrx_word' id='word_1_90' title='bbox 448 1034 669 1073; x_wconf 83' lang='lat' dir='ltr'><strong>indicarent.</strong></span> <span class='ocrx_word' id='word_1_91' title='bbox 741 1035 804 1072; x_wconf 91' lang='lat' dir='ltr'><strong>De</strong></span> <span class='ocrx_word' id='word_1_92' title='bbox 850 1035 990 1071; x_wconf 90' lang='lat' dir='ltr'><strong>iudicio</strong></span> <span class='ocrx_word' id='word_1_93' title='bbox 1035 1036 1203 1072; x_wconf 88' lang='lat' dir='ltr'><strong>nondum</strong></span> <span class='ocrx_word' id='word_1_94' title='bbox 1237 1037 1426 1084; x_wconf 82' lang='lat' dir='ltr'><strong>agebatur</strong></span> <span class='ocrx_word' id='word_1_95' title='bbox 1456 1048 1525 1073; x_wconf 89' lang='lat' dir='ltr'><strong>nec</strong></span> <span class='ocrx_word' id='word_1_96' title='bbox 1557 1036 1590 1071; x_wconf 90' lang='lat' dir='ltr'><strong>ei</strong></span> 
     </span>
     <span class='ocr_line' id='line_1_14' title="bbox 169 1103 1142 1153; baseline 0 -11"><span class='ocrx_word' id='word_1_97' title='bbox 169 1119 318 1143; x_wconf 85' lang='lat' dir='ltr'><strong>moram</strong></span> <span class='ocrx_word' id='word_1_98' title='bbox 349 1104 477 1142; x_wconf 87' lang='lat' dir='ltr'><strong>facere</strong></span> <span class='ocrx_word' id='word_1_99' title='bbox 506 1110 646 1153; x_wconf 87' lang='lat' dir='ltr'><strong>potest,</strong></span> <span class='ocrx_word' id='word_1_100' title='bbox 673 1104 739 1152; x_wconf 90' lang='lat' dir='ltr'><strong>qui</strong></span> <span class='ocrx_word' id='word_1_101' title='bbox 768 1105 806 1141; x_wconf 92' lang='lat' dir='ltr'><strong>in</strong></span> <span class='ocrx_word' id='word_1_102' title='bbox 837 1105 998 1142; x_wconf 89' lang='lat' dir='ltr'><strong>vinculis</strong></span> <span class='ocrx_word' id='word_1_103' title='bbox 1029 1103 1142 1150; x_wconf 73' lang='lat' dir='ltr'><strong>est.‘²)</strong></span> 
     </span>
    </p>
   </div>
   <div class='ocr_carea' id='block_1_3' title="bbox 192 1309 1592 2642">
    <p class='ocr_par' dir='ltr' id='par_1_5' title="bbox 193 1309 1592 2150">
     <span class='ocr_line' id='line_1_15' title="bbox 193 1309 1592 1353; baseline -0.001 -10"><span class='ocrx_word' id='word_1_104' title='bbox 193 1309 222 1353; x_wconf 88' lang='grc' dir='ltr'><strong>ι)</strong></span> <span class='ocrx_word' id='word_1_105' title='bbox 262 1311 345 1353; x_wconf 84' lang='lat' dir='ltr'><strong>Cap.</strong></span> <span class='ocrx_word' id='word_1_106' title='bbox 374 1315 404 1349; x_wconf 77' lang='lat'><strong>8,</strong></span> <span class='ocrx_word' id='word_1_107' title='bbox 434 1313 451 1343; x_wconf 85' lang='lat'><strong>7</strong></span> <span class='ocrx_word' id='word_1_108' title='bbox 489 1310 610 1352; x_wconf 85' lang='lat' dir='ltr'><strong>(falsi</strong></span> <span class='ocrx_word' id='word_1_109' title='bbox 646 1316 798 1349; x_wconf 81' lang='lat' dir='ltr'><strong>testes,</strong></span> <span class='ocrx_word' id='word_1_110' title='bbox 842 1310 957 1342; x_wconf 80' lang='lat' dir='ltr'><strong>falsa</strong></span> <span class='ocrx_word' id='word_1_111' title='bbox 997 1313 1120 1351; x_wconf 83' lang='lat' dir='ltr'><strong>signa</strong></span> <span class='ocrx_word' id='word_1_112' title='bbox 1161 1312 1515 1350; x_wconf 81' lang='lat' dir='ltr'><strong>testimoniaque</strong></span> <span class='ocrx_word' id='word_1_113' title='bbox 1553 1317 1592 1341; x_wconf 86' lang='lat' dir='ltr'><strong>ct</strong></span> 
     </span>
     <span class='ocr_line' id='line_1_16' title="bbox 263 1372 1591 1413; baseline -0.001 -9"><span class='ocrx_word' id='word_1_114' title='bbox 263 1374 431 1404; x_wconf 83' lang='lat' dir='ltr'><strong>indicia</strong></span> <span class='ocrx_word' id='word_1_115' title='bbox 465 1383 513 1403; x_wconf 83' lang='lat' dir='ltr'><strong>cx</strong></span> <span class='ocrx_word' id='word_1_116' title='bbox 549 1374 697 1404; x_wconf 83' lang='lat' dir='ltr'><strong>eadem</strong></span> <span class='ocrx_word' id='word_1_117' title='bbox 738 1372 929 1403; x_wconf 79' lang='lat' dir='ltr'><strong>officina</strong></span> <span class='ocrx_word' id='word_1_118' title='bbox 962 1373 1158 1413; x_wconf 79' lang='lat' dir='ltr'><strong>exibant)</strong></span> <span class='ocrx_word' id='word_1_119' title='bbox 1196 1374 1266 1404; x_wconf 85' lang='lat' dir='ltr'><strong>iure</strong></span> <span class='ocrx_word' id='word_1_120' title='bbox 1300 1372 1443 1405; x_wconf 81' lang='lat' dir='ltr'><strong>offendit</strong></span> <span class='ocrx_word' id='word_1_121' title='bbox 1470 1373 1591 1403; x_wconf 85' lang='lat' dir='ltr'><strong>cadem</strong></span> 
     </span>
     <span class='ocr_line' id='line_1_17' title="bbox 264 1432 1588 1475; baseline 0 -10"><span class='ocrx_word' id='word_1_122' title='bbox 264 1444 317 1466; x_wconf 85' lang='lat' dir='ltr'><strong>res</strong></span> <span class='ocrx_word' id='word_1_123' title='bbox 342 1435 395 1466; x_wconf 90' lang='lat' dir='ltr'><strong>bis</strong></span> <span class='ocrx_word' id='word_1_124' title='bbox 420 1435 532 1475; x_wconf 81' lang='lat' dir='ltr'><strong>posita</strong></span> <span class='ocrx_word' id='word_1_125' title='bbox 568 1440 600 1465; x_wconf 89' lang='lat' dir='ltr'><strong>et</strong></span> <span class='ocrx_word' id='word_1_126' title='bbox 633 1435 850 1465; x_wconf 81' lang='lat' dir='ltr'><strong>incommode</strong></span> <span class='ocrx_word' id='word_1_127' title='bbox 883 1435 1013 1465; x_wconf 79' lang='lat' dir='ltr'><strong>variata</strong></span> <span class='ocrx_word' id='word_1_128' title='bbox 1039 1434 1194 1473; x_wconf 84' lang='lat' dir='ltr'><strong>(testes</strong></span> <span class='ocrx_word' id='word_1_129' title='bbox 1221 1458 1228 1464; x_wconf 92' lang='lat'><strong>.</strong></span> <span class='ocrx_word' id='word_1_130' title='bbox 1257 1458 1263 1464; x_wconf 93' lang='lat'><strong>.</strong></span> <span class='ocrx_word' id='word_1_131' title='bbox 1291 1432 1588 1473; x_wconf 83' lang='lat' dir='ltr'><strong>testimonia):</strong></span> 
     </span>
     <span class='ocr_line' id='line_1_18' title="bbox 263 1496 1590 1537; baseline -0.002 -9"><span class='ocrx_word' id='word_1_132' title='bbox 263 1497 321 1528; x_wconf 89' lang='lat' dir='ltr'><strong>sed</strong></span> <span class='ocrx_word' id='word_1_133' title='bbox 348 1497 437 1537; x_wconf 89' lang='lat' dir='ltr'><strong>quod</strong></span> <span class='ocrx_word' id='word_1_134' title='bbox 466 1500 820 1537; x_wconf 83' lang='lat' dir='ltr'><strong>testamentaque</strong></span> <span class='ocrx_word' id='word_1_135' title='bbox 849 1496 1075 1533; x_wconf 80' lang='lat' dir='ltr'><strong>substituitur,</strong></span> <span class='ocrx_word' id='word_1_136' title='bbox 1101 1496 1208 1526; x_wconf 89' lang='lat' dir='ltr'><strong>multo</strong></span> <span class='ocrx_word' id='word_1_137' title='bbox 1235 1496 1357 1527; x_wconf 86' lang='lat' dir='ltr'><strong>melius</strong></span> <span class='ocrx_word' id='word_1_138' title='bbox 1394 1496 1590 1527; x_wconf 82' lang='lat' dir='ltr'><strong>testimo-</strong></span> 
     </span>
     <span class='ocr_line' id='line_1_19' title="bbox 264 1556 1589 1597; baseline -0.002 -9"><span class='ocrx_word' id='word_1_139' title='bbox 264 1558 336 1588; x_wconf 84' lang='lat' dir='ltr'><strong>nia</strong></span> <span class='ocrx_word' id='word_1_140' title='bbox 360 1562 400 1588; x_wconf 87' lang='lat' dir='ltr'><strong>et</strong></span> <span class='ocrx_word' id='word_1_141' title='bbox 424 1556 597 1588; x_wconf 84' lang='lat' dir='ltr'><strong>indicia</strong></span> <span class='ocrx_word' id='word_1_142' title='bbox 633 1566 734 1597; x_wconf 86' lang='lat' dir='ltr'><strong>quam</strong></span> <span class='ocrx_word' id='word_1_143' title='bbox 767 1560 1035 1587; x_wconf 83' lang='lat' dir='ltr'><strong>testamenta</strong></span> <span class='ocrx_word' id='word_1_144' title='bbox 1069 1562 1109 1587; x_wconf 86' lang='lat' dir='ltr'><strong>ct</strong></span> <span class='ocrx_word' id='word_1_145' title='bbox 1134 1557 1300 1587; x_wconf 78' lang='lat' dir='ltr'><strong>indicia</strong></span> <span class='ocrx_word' id='word_1_146' title='bbox 1326 1558 1589 1596; x_wconf 80' lang='lat' dir='ltr'><strong>coniunguntur.</strong></span> 
     </span>
     <span class='ocr_line' id='line_1_20' title="bbox 265 1617 1588 1659; baseline -0.002 -9"><span class='ocrx_word' id='word_1_147' title='bbox 265 1619 322 1650; x_wconf 86' lang='lat' dir='ltr'><strong>Me</strong></span> <span class='ocrx_word' id='word_1_148' title='bbox 356 1618 491 1659; x_wconf 87' lang='lat' dir='ltr'><strong>quidem</strong></span> <span class='ocrx_word' id='word_1_149' title='bbox 532 1617 673 1649; x_wconf 83' lang='lat' dir='ltr'><strong>offendit</strong></span> <span class='ocrx_word' id='word_1_150' title='bbox 716 1618 788 1649; x_wconf 84' lang='lat' dir='ltr'><strong>haee</strong></span> <span class='ocrx_word' id='word_1_151' title='bbox 820 1618 995 1648; x_wconf 86' lang='lat' dir='ltr'><strong>hominum</strong></span> <span class='ocrx_word' id='word_1_152' title='bbox 1029 1627 1209 1659; x_wconf 86' lang='lat' dir='ltr'><strong>rerumque</strong></span> <span class='ocrx_word' id='word_1_153' title='bbox 1244 1619 1419 1659; x_wconf 80' lang='lat' dir='ltr'><strong>copulatio</strong></span> <span class='ocrx_word' id='word_1_154' title='bbox 1460 1617 1588 1657; x_wconf 83' lang='lat' dir='ltr'><strong>(salsi</strong></span> 
     </span>
     <span class='ocr_line' id='line_1_21' title="bbox 266 1678 1587 1722; baseline -0.002 -11"><span class='ocrx_word' id='word_1_155' title='bbox 266 1685 423 1716; x_wconf 80' lang='lat' dir='ltr'><strong>testes,</strong></span> <span class='ocrx_word' id='word_1_156' title='bbox 466 1679 590 1719; x_wconf 78' lang='lat' dir='ltr'><strong>signa</strong></span> <span class='ocrx_word' id='word_1_157' title='bbox 625 1678 726 1719; x_wconf 85' lang='lat' dir='ltr'><strong>cet.),</strong></span> <span class='ocrx_word' id='word_1_158' title='bbox 767 1688 972 1719; x_wconf 81' lang='lat' dir='ltr'><strong>vereorque,</strong></span> <span class='ocrx_word' id='word_1_159' title='bbox 1007 1689 1048 1711; x_wconf 87' lang='lat' dir='ltr'><strong>ne</strong></span> <span class='ocrx_word' id='word_1_160' title='bbox 1073 1680 1188 1712; x_wconf 83' lang='lat' dir='ltr'><strong>Livius</strong></span> <span class='ocrx_word' id='word_1_161' title='bbox 1214 1681 1295 1711; x_wconf 84' lang='lat' dir='ltr'><strong>nihil</strong></span> <span class='ocrx_word' id='word_1_162' title='bbox 1325 1680 1498 1722; x_wconf 83' lang='lat' dir='ltr'><strong>scripserit</strong></span> <span class='ocrx_word' id='word_1_163' title='bbox 1523 1679 1587 1710; x_wconf 85' lang='lat' dir='ltr'><strong>nisi</strong></span> 
     </span>
     <span class='ocr_line' id='line_1_22' title="bbox 263 1739 1590 1781; baseline -0.001 -8"><span class='ocrx_word' id='word_1_164' title='bbox 263 1743 354 1773; x_wconf 80' lang='lat' dir='ltr'><strong>haec:</strong></span> <span class='ocrx_word' id='word_1_165' title='bbox 399 1742 470 1772; x_wconf 88' lang='lat' dir='ltr'><strong>sed</strong></span> <span class='ocrx_word' id='word_1_166' title='bbox 522 1739 640 1771; x_wconf 85' lang='lat' dir='ltr'><strong>falsa</strong></span> <span class='ocrx_word' id='word_1_167' title='bbox 685 1741 811 1781; x_wconf 82' lang='lat' dir='ltr'><strong>signa</strong></span> <span class='ocrx_word' id='word_1_168' title='bbox 858 1741 1208 1781; x_wconf 84' lang='lat' dir='ltr'><strong>testimoniaque</strong></span> <span class='ocrx_word' id='word_1_169' title='bbox 1247 1747 1289 1772; x_wconf 89' lang='lat' dir='ltr'><strong>et</strong></span> <span class='ocrx_word' id='word_1_170' title='bbox 1335 1742 1503 1772; x_wconf 85' lang='lat' dir='ltr'><strong>indicia</strong></span> <span class='ocrx_word' id='word_1_171' title='bbox 1541 1751 1590 1772; x_wconf 84' lang='lat' dir='ltr'><strong>ex</strong></span> 
     </span>
     <span class='ocr_line' id='line_1_23' title="bbox 265 1801 1591 1843; baseline 0 -9"><span class='ocrx_word' id='word_1_172' title='bbox 265 1804 413 1834; x_wconf 86' lang='lat' dir='ltr'><strong>eadem</strong></span> <span class='ocrx_word' id='word_1_173' title='bbox 450 1801 639 1832; x_wconf 82' lang='lat' dir='ltr'><strong>officina</strong></span> <span class='ocrx_word' id='word_1_174' title='bbox 668 1803 865 1833; x_wconf 82' lang='lat' dir='ltr'><strong>exibant.</strong></span> <span class='ocrx_word' id='word_1_175' title='bbox 926 1803 1059 1834; x_wconf 86' lang='lat' dir='ltr'><strong>Erroris</strong></span> <span class='ocrx_word' id='word_1_176' title='bbox 1093 1807 1204 1834; x_wconf 83' lang='lat' dir='ltr'><strong>tamen</strong></span> <span class='ocrx_word' id='word_1_177' title='bbox 1238 1803 1402 1843; x_wconf 84' lang='lat' dir='ltr'><strong>originem</strong></span> <span class='ocrx_word' id='word_1_178' title='bbox 1434 1813 1502 1834; x_wconf 91' lang='lat' dir='ltr'><strong>non</strong></span> <span class='ocrx_word' id='word_1_179' title='bbox 1538 1803 1591 1833; x_wconf 89' lang='lat' dir='ltr'><strong>in-</strong></span> 
     </span>
     <span class='ocr_line' id='line_1_24' title="bbox 265 1863 1591 1906; baseline 0.002 -13"><span class='ocrx_word' id='word_1_180' title='bbox 265 1863 374 1894; x_wconf 88' lang='lat' dir='ltr'><strong>venio.</strong></span> <span class='ocrx_word' id='word_1_181' title='bbox 441 1863 460 1903; x_wconf 62' lang='grc' dir='ltr'>ξ</span> <span class='ocrx_word' id='word_1_182' title='bbox 498 1866 516 1893; x_wconf 84' lang='grc'>6</span> <span class='ocrx_word' id='word_1_183' title='bbox 550 1868 642 1894; x_wconf 82' lang='lat' dir='ltr'><strong>recte</strong></span> <span class='ocrx_word' id='word_1_184' title='bbox 676 1864 837 1895; x_wconf 81' lang='lat' dir='ltr'><strong>Dukerus</strong></span> <span class='ocrx_word' id='word_1_185' title='bbox 871 1864 1060 1905; x_wconf 82' lang='lat' dir='ltr'><strong>suspicatus</strong></span> <span class='ocrx_word' id='word_1_186' title='bbox 1086 1874 1161 1895; x_wconf 90' lang='lat' dir='ltr'><strong>esse</strong></span> <span class='ocrx_word' id='word_1_187' title='bbox 1185 1865 1317 1895; x_wconf 82' lang='lat' dir='ltr'><strong>videtur</strong></span> <span class='ocrx_word' id='word_1_188' title='bbox 1343 1865 1472 1906; x_wconf 83' lang='lat' dir='ltr'><strong>aliquid</strong></span> <span class='ocrx_word' id='word_1_189' title='bbox 1499 1865 1591 1896; x_wconf 84' lang='lat' dir='ltr'><strong>exci-</strong></span> 
     </span>
     <span class='ocr_line' id='line_1_25' title="bbox 266 1924 1590 1967; baseline 0.002 -12"><span class='ocrx_word' id='word_1_190' title='bbox 266 1926 365 1963; x_wconf 84' lang='lat' dir='ltr'><strong>disse,</strong></span> <span class='ocrx_word' id='word_1_191' title='bbox 396 1925 486 1964; x_wconf 87' lang='lat' dir='ltr'><strong>quod</strong></span> <span class='ocrx_word' id='word_1_192' title='bbox 513 1925 561 1956; x_wconf 85' lang='lat' dir='ltr'><strong>sic</strong></span> <span class='ocrx_word' id='word_1_193' title='bbox 587 1924 655 1956; x_wconf 82' lang='lat' dir='ltr'><strong>fere</strong></span> <span class='ocrx_word' id='word_1_194' title='bbox 691 1926 916 1967; x_wconf 87' lang='lat' dir='ltr'><strong>supplendum</strong></span> <span class='ocrx_word' id='word_1_195' title='bbox 951 1926 1127 1957; x_wconf 81' lang='lat' dir='ltr'><strong>existimo:</strong></span> <span class='ocrx_word' id='word_1_196' title='bbox 1162 1936 1290 1967; x_wconf 88' lang='lat' dir='ltr'><strong>quum</strong></span> <span class='ocrx_word' id='word_1_197' title='bbox 1326 1927 1468 1957; x_wconf 90' lang='lat' dir='ltr'><strong>vinum</strong></span> <span class='ocrx_word' id='word_1_198' title='bbox 1502 1927 1590 1957; x_wconf 83' lang='lat' dir='ltr'><strong>ani·</strong></span> 
     </span>
     <span class='ocr_line' id='line_1_26' title="bbox 264 1985 1554 2027; baseline 0.002 -10"><span class='ocrx_word' id='word_1_199' title='bbox 264 1996 351 2017; x_wconf 89' lang='lat' dir='ltr'><strong>mos</strong></span> <span class='ocrx_word' id='word_1_200' title='bbox 379 1985 683 2027; x_wconf 85' lang='lat' dir='ltr'><strong>[incendisset]</strong></span> <span class='ocrx_word' id='word_1_201' title='bbox 721 1992 761 2018; x_wconf 85' lang='lat' dir='ltr'><strong>ct</strong></span> <span class='ocrx_word' id='word_1_202' title='bbox 788 1997 873 2018; x_wconf 82' lang='lat' dir='ltr'><strong>nox</strong></span> <span class='ocrx_word' id='word_1_203' title='bbox 900 1993 940 2018; x_wconf 90' lang='lat' dir='ltr'><strong>et</strong></span> <span class='ocrx_word' id='word_1_204' title='bbox 974 1988 1099 2019; x_wconf 75' lang='lat' dir='ltr'><strong>mixti</strong></span> <span class='ocrx_word' id='word_1_205' title='bbox 1134 1986 1312 2019; x_wconf 88' lang='lat' dir='ltr'><strong>feminis</strong></span> <span class='ocrx_word' id='word_1_206' title='bbox 1345 1998 1554 2020; x_wconf 84' lang='lat' dir='ltr'><strong>mares..</strong></span> 
     </span>
     <span class='ocr_line' id='line_1_27' title="bbox 266 2048 1591 2091; baseline 0.001 -12"><span class='ocrx_word' id='word_1_207' title='bbox 266 2048 505 2079; x_wconf 87' lang='lat' dir='ltr'><strong>discrimen</strong></span> <span class='ocrx_word' id='word_1_208' title='bbox 531 2056 653 2078; x_wconf 87' lang='lat' dir='ltr'><strong>omne</strong></span> <span class='ocrx_word' id='word_1_209' title='bbox 685 2049 861 2089; x_wconf 89' lang='lat' dir='ltr'><strong>pudoris</strong></span> <span class='ocrx_word' id='word_1_210' title='bbox 895 2050 1236 2081; x_wconf 85' lang='lat' dir='ltr'><strong>exstinxissent.</strong></span> <span class='ocrx_word' id='word_1_211' title='bbox 1295 2049 1419 2091; x_wconf 87' lang='lat' dir='ltr'><strong>(Amor</strong></span> <span class='ocrx_word' id='word_1_212' title='bbox 1455 2049 1496 2080; x_wconf 81' lang='lat' dir='ltr'><strong>ab</strong></span> <span class='ocrx_word' id='word_1_213' title='bbox 1526 2049 1591 2080; x_wconf 85' lang='lat' dir='ltr'><strong>hac</strong></span> 
     </span>
     <span class='ocr_line' id='line_1_28' title="bbox 263 2108 1272 2150; baseline 0.002 -10"><span class='ocrx_word' id='word_1_214' title='bbox 263 2109 458 2150; x_wconf 79' lang='lat' dir='ltr'><strong>promiscua</strong></span> <span class='ocrx_word' id='word_1_215' title='bbox 495 2108 635 2139; x_wconf 86' lang='lat' dir='ltr'><strong>libidine</strong></span> <span class='ocrx_word' id='word_1_216' title='bbox 671 2108 803 2140; x_wconf 87' lang='lat' dir='ltr'><strong>alienus</strong></span> <span class='ocrx_word' id='word_1_217' title='bbox 831 2116 893 2149; x_wconf 87' lang='lat' dir='ltr'><strong>est,</strong></span> <span class='ocrx_word' id='word_1_218' title='bbox 931 2111 1057 2141; x_wconf 87' lang='lat' dir='ltr'><strong>nedum</strong></span> <span class='ocrx_word' id='word_1_219' title='bbox 1076 2112 1272 2148; x_wconf 87' lang='lat' dir='ltr'><strong>amores.)</strong></span> 
     </span>
    </p>

    <p class='ocr_par' dir='ltr' id='par_1_6' title="bbox 192 2167 1592 2642">
     <span class='ocr_line' id='line_1_29' title="bbox 192 2167 1590 2213; baseline -0.001 -11"><span class='ocrx_word' id='word_1_220' title='bbox 192 2167 228 2211; x_wconf 70' lang='lat'><strong>⁴³)</strong></span> <span class='ocrx_word' id='word_1_221' title='bbox 259 2170 364 2202; x_wconf 80' lang='lat' dir='ltr'><strong>Plura</strong></span> <span class='ocrx_word' id='word_1_222' title='bbox 391 2175 468 2202; x_wconf 90' lang='lat' dir='ltr'><strong>sunt</strong></span> <span class='ocrx_word' id='word_1_223' title='bbox 493 2170 528 2200; x_wconf 88' lang='lat' dir='ltr'><strong>in</strong></span> <span class='ocrx_word' id='word_1_224' title='bbox 553 2170 618 2200; x_wconf 82' lang='lat' dir='ltr'><strong>hac</strong></span> <span class='ocrx_word' id='word_1_225' title='bbox 645 2170 839 2209; x_wconf 84' lang='lat' dir='ltr'><strong>vicinitate,</strong></span> <span class='ocrx_word' id='word_1_226' title='bbox 877 2173 910 2202; x_wconf 92' lang='lat' dir='ltr'><strong>in</strong></span> <span class='ocrx_word' id='word_1_227' title='bbox 937 2173 1059 2213; x_wconf 87' lang='lat' dir='ltr'><strong>quibus</strong></span> <span class='ocrx_word' id='word_1_228' title='bbox 1085 2172 1201 2203; x_wconf 90' lang='lat' dir='ltr'><strong>mendi</strong></span> <span class='ocrx_word' id='word_1_229' title='bbox 1233 2171 1361 2202; x_wconf 83' lang='lat' dir='ltr'><strong>indicia</strong></span> <span class='ocrx_word' id='word_1_230' title='bbox 1388 2172 1471 2203; x_wconf 85' lang='lat' dir='ltr'><strong>satis</strong></span> <span class='ocrx_word' id='word_1_231' title='bbox 1498 2176 1590 2202; x_wconf 82' lang='lat' dir='ltr'><strong>certa</strong></span> 
     </span>
     <span class='ocr_line' id='line_1_30' title="bbox 264 2231 1590 2274; baseline 0.001 -12"><span class='ocrx_word' id='word_1_232' title='bbox 264 2233 340 2269; x_wconf 87' lang='lat' dir='ltr'><strong>sint,</strong></span> <span class='ocrx_word' id='word_1_233' title='bbox 368 2231 560 2262; x_wconf 82' lang='lat' dir='ltr'><strong>emendatio</strong></span> <span class='ocrx_word' id='word_1_234' title='bbox 579 2232 718 2269; x_wconf 82' lang='lat' dir='ltr'><strong>incerta,</strong></span> <span class='ocrx_word' id='word_1_235' title='bbox 747 2242 821 2272; x_wconf 80' lang='lat' dir='ltr'><strong>quae</strong></span> <span class='ocrx_word' id='word_1_236' title='bbox 847 2233 960 2274; x_wconf 84' lang='lat' dir='ltr'><strong>perfici</strong></span> <span class='ocrx_word' id='word_1_237' title='bbox 980 2233 1122 2264; x_wconf 80' lang='lat' dir='ltr'><strong>fortasse</strong></span> <span class='ocrx_word' id='word_1_238' title='bbox 1141 2238 1265 2274; x_wconf 88' lang='lat' dir='ltr'><strong>posset,</strong></span> <span class='ocrx_word' id='word_1_239' title='bbox 1303 2233 1329 2264; x_wconf 90' lang='lat' dir='ltr'><strong>si</strong></span> <span class='ocrx_word' id='word_1_240' title='bbox 1348 2233 1441 2274; x_wconf 90' lang='lat' dir='ltr'><strong>ipsos</strong></span> <span class='ocrx_word' id='word_1_241' title='bbox 1462 2233 1590 2264; x_wconf 86' lang='lat' dir='ltr'><strong>codicis</strong></span> 
     </span>
     <span class='ocr_line' id='line_1_31' title="bbox 264 2293 1589 2335; baseline 0.001 -11"><span class='ocrx_word' id='word_1_242' title='bbox 264 2293 300 2324; x_wconf 92' lang='lat' dir='ltr'>M</span> <span class='ocrx_word' id='word_1_243' title='bbox 333 2293 445 2333; x_wconf 83' lang='lat' dir='ltr'><strong>apices</strong></span> <span class='ocrx_word' id='word_1_244' title='bbox 483 2293 596 2323; x_wconf 81' lang='lat' dir='ltr'><strong>rimari</strong></span> <span class='ocrx_word' id='word_1_245' title='bbox 633 2293 760 2324; x_wconf 81' lang='lat' dir='ltr'><strong>liceret.</strong></span> <span class='ocrx_word' id='word_1_246' title='bbox 823 2293 907 2335; x_wconf 81' lang='lat' dir='ltr'><strong>Cap.</strong></span> <span class='ocrx_word' id='word_1_247' title='bbox 940 2298 997 2332; x_wconf 83' lang='lat'><strong>13,</strong></span> <span class='ocrx_word' id='word_1_248' title='bbox 1036 2299 1056 2325; x_wconf 86' lang='lat'>4</span> <span class='ocrx_word' id='word_1_249' title='bbox 1098 2304 1169 2326; x_wconf 86' lang='lat' dir='ltr'><strong>non</strong></span> <span class='ocrx_word' id='word_1_250' title='bbox 1204 2299 1317 2335; x_wconf 90' lang='lat' dir='ltr'><strong>potest</strong></span> <span class='ocrx_word' id='word_1_251' title='bbox 1350 2304 1465 2325; x_wconf 87' lang='lat' dir='ltr'><strong>verum</strong></span> <span class='ocrx_word' id='word_1_252' title='bbox 1502 2304 1589 2332; x_wconf 83' lang='lat' dir='ltr'><strong>esse,</strong></span> 
     </span>
     <span class='ocr_line' id='line_1_32' title="bbox 264 2352 1591 2397; baseline 0.002 -13"><span class='ocrx_word' id='word_1_253' title='bbox 264 2355 355 2395; x_wconf 90' lang='lat' dir='ltr'><strong>quod</strong></span> <span class='ocrx_word' id='word_1_254' title='bbox 384 2354 462 2384; x_wconf 89' lang='lat' dir='ltr'><strong>inde</strong></span> <span class='ocrx_word' id='word_1_255' title='bbox 490 2364 510 2384; x_wconf 81' lang='lat' dir='ltr'><strong>a</strong></span> <span class='ocrx_word' id='word_1_256' title='bbox 534 2352 677 2385; x_wconf 81' lang='lat' dir='ltr'><strong>Gelenio</strong></span> <span class='ocrx_word' id='word_1_257' title='bbox 704 2363 747 2385; x_wconf 83' lang='lat' dir='ltr'><strong>cx</strong></span> <span class='ocrx_word' id='word_1_258' title='bbox 776 2355 814 2386; x_wconf 92' lang='lat' dir='ltr'>M</span> <span class='ocrx_word' id='word_1_259' title='bbox 840 2356 905 2396; x_wconf 85' lang='lat' dir='ltr'><strong>(et,</strong></span> <span class='ocrx_word' id='word_1_260' title='bbox 939 2356 1078 2396; x_wconf 87' lang='lat' dir='ltr'><strong>opinor,</strong></span> <span class='ocrx_word' id='word_1_261' title='bbox 1106 2355 1273 2397; x_wconf 85' lang='lat' dir='ltr'><strong>Spirensi)</strong></span> <span class='ocrx_word' id='word_1_262' title='bbox 1309 2356 1436 2386; x_wconf 85' lang='lat' dir='ltr'><strong>editur:</strong></span> <span class='ocrx_word' id='word_1_263' title='bbox 1469 2356 1591 2386; x_wconf 87' lang='lat' dir='ltr'><strong>incu-</strong></span> 
     </span>
     <span class='ocr_line' id='line_1_33' title="bbox 263 2414 1589 2458; baseline 0 -12"><span class='ocrx_word' id='word_1_264' title='bbox 263 2421 358 2447; x_wconf 85' lang='lat' dir='ltr'><strong>sata</strong></span> <span class='ocrx_word' id='word_1_265' title='bbox 391 2414 580 2455; x_wconf 80' lang='lat' dir='ltr'><strong>perfidia</strong></span> <span class='ocrx_word' id='word_1_266' title='bbox 611 2415 795 2454; x_wconf 83' lang='lat' dir='ltr'><strong>AEbutii,</strong></span> <span class='ocrx_word' id='word_1_267' title='bbox 843 2418 913 2457; x_wconf 91' lang='lat' dir='ltr'><strong>qui</strong></span> <span class='ocrx_word' id='word_1_268' title='bbox 945 2418 1101 2458; x_wconf 90' lang='lat' dir='ltr'><strong>optimi</strong></span> <span class='ocrx_word' id='word_1_269' title='bbox 1138 2418 1183 2448; x_wconf 87' lang='lat' dir='ltr'><strong>in</strong></span> <span class='ocrx_word' id='word_1_270' title='bbox 1226 2426 1271 2447; x_wconf 88' lang='lat' dir='ltr'><strong>co</strong></span> <span class='ocrx_word' id='word_1_271' title='bbox 1310 2416 1403 2457; x_wconf 87' lang='lat' dir='ltr'><strong>ipso</strong></span> <span class='ocrx_word' id='word_1_272' title='bbox 1445 2416 1589 2447; x_wconf 90' lang='lat' dir='ltr'><strong>meriti</strong></span> 
     </span>
     <span class='ocr_line' id='line_1_34' title="bbox 263 2476 1588 2516; baseline 0 -9"><span class='ocrx_word' id='word_1_273' title='bbox 263 2476 391 2507; x_wconf 82' lang='lat' dir='ltr'><strong>talem</strong></span> <span class='ocrx_word' id='word_1_274' title='bbox 429 2478 608 2516; x_wconf 86' lang='lat' dir='ltr'><strong>gratiam</strong></span> <span class='ocrx_word' id='word_1_275' title='bbox 642 2478 909 2510; x_wconf 87' lang='lat' dir='ltr'><strong>rettulisset.</strong></span> <span class='ocrx_word' id='word_1_276' title='bbox 970 2479 1056 2510; x_wconf 87' lang='lat' dir='ltr'><strong>Nam</strong></span> <span class='ocrx_word' id='word_1_277' title='bbox 1083 2484 1120 2510; x_wconf 93' lang='lat' dir='ltr'><strong>ut</strong></span> <span class='ocrx_word' id='word_1_278' title='bbox 1147 2479 1343 2516; x_wconf 83' lang='lat' dir='ltr'><strong>concedam,</strong></span> <span class='ocrx_word' id='word_1_279' title='bbox 1378 2477 1499 2508; x_wconf 84' lang='lat' dir='ltr'><strong>Latine</strong></span> <span class='ocrx_word' id='word_1_280' title='bbox 1525 2477 1588 2508; x_wconf 91' lang='lat' dir='ltr'><strong>dici</strong></span> 
     </span>
     <span class='ocr_line' id='line_1_35' title="bbox 266 2537 1592 2581; baseline 0.002 -14"><span class='ocrx_word' id='word_1_281' title='bbox 266 2537 452 2577; x_wconf 84' lang='lat' dir='ltr'><strong>gratiam</strong></span> <span class='ocrx_word' id='word_1_282' title='bbox 481 2539 623 2569; x_wconf 84' lang='lat' dir='ltr'><strong>meriti</strong></span> <span class='ocrx_word' id='word_1_283' title='bbox 650 2538 835 2578; x_wconf 86' lang='lat' dir='ltr'><strong>referre,</strong></span> <span class='ocrx_word' id='word_1_284' title='bbox 863 2549 964 2571; x_wconf 89' lang='lat' dir='ltr'><strong>nemo</strong></span> <span class='ocrx_word' id='word_1_285' title='bbox 991 2541 1144 2572; x_wconf 88' lang='lat' dir='ltr'><strong>bonum</strong></span> <span class='ocrx_word' id='word_1_286' title='bbox 1171 2545 1230 2571; x_wconf 85' lang='lat' dir='ltr'><strong>aut</strong></span> <span class='ocrx_word' id='word_1_287' title='bbox 1257 2540 1464 2581; x_wconf 83' lang='lat' dir='ltr'><strong>optimum</strong></span> <span class='ocrx_word' id='word_1_288' title='bbox 1490 2539 1592 2570; x_wconf 83' lang='lat' dir='ltr'><strong>meri-</strong></span> 
     </span>
     <span class='ocr_line' id='line_1_36' title="bbox 261 2599 1591 2642; baseline 0.002 -14"><span class='ocrx_word' id='word_1_289' title='bbox 261 2602 333 2628; x_wconf 81' lang='lat' dir='ltr'><strong>tum</strong></span> <span class='ocrx_word' id='word_1_290' title='bbox 360 2608 421 2640; x_wconf 87' lang='lat' dir='ltr'><strong>pro</strong></span> <span class='ocrx_word' id='word_1_291' title='bbox 449 2609 572 2639; x_wconf 80' lang='lat' dir='ltr'><strong>magno</strong></span> <span class='ocrx_word' id='word_1_292' title='bbox 597 2599 828 2641; x_wconf 82' lang='lat' dir='ltr'><strong>praeelaroque</strong></span> <span class='ocrx_word' id='word_1_293' title='bbox 855 2602 951 2632; x_wconf 84' lang='lat' dir='ltr'><strong>dixit.</strong></span> <span class='ocrx_word' id='word_1_294' title='bbox 1014 2601 1131 2641; x_wconf 88' lang='lat' dir='ltr'><strong>Neque</strong></span> <span class='ocrx_word' id='word_1_295' title='bbox 1167 2607 1281 2633; x_wconf 84' lang='lat' dir='ltr'><strong>tamen</strong></span> <span class='ocrx_word' id='word_1_296' title='bbox 1315 2601 1512 2642; x_wconf 87' lang='lat' dir='ltr'><strong>simpliciter</strong></span> <span class='ocrx_word' id='word_1_297' title='bbox 1538 2610 1591 2631; x_wconf 90' lang='lat' dir='ltr'><strong>re-</strong></span> 
     </span>
    </p>
   </div>
  </div>
 </body>
</html>
