1811 2925
855 170 903 206 69
1384 167 1459 198 Lib.
1488 166 1548 198 111.

169 292 305 330 Cicero
351 292 587 336 forsitan,
647 304 731 328 culn
780 290 952 340 perfeeto
997 289 1227 326 coniunctivi
1269 290 1378 338 ponit
1422 290 1460 325 in
1506 302 1596 326 eon-

172 363 348 400 iectando
380 363 426 398 de
455 376 496 399 re
526 359 794 411 praeterita.)¹)
854 361 1014 405 XXIV,
1049 361 1112 405 20,
1147 363 1166 396 5
1204 360 1410 396 edebatur:
1457 359 1596 397 Com-

170 434 402 483 pulteria,
433 433 651 478 Telesia,
682 432 912 482 Compsa,
944 431 1098 476 Melae,
1137 430 1346 467 Fulfulae
1377 436 1421 467 et
1452 430 1596 468 Orbi-

171 505 371 547 tanium,
402 504 552 540 codices
575 503 695 553 (Pan,
715 504 833 549 Med,
866 503 980 539 etiam
1011 502 1137 538 minus
1164 499 1275 550 boni)
1306 502 1461 547 habent,
1494 502 1596 550 quod

171 575 509 611 erissenbornius
536 574 671 610 edidit:
703 574 929 623 Compsa,
960 573 1074 609 inde
1105 572 1347 620 Fugifulae
1379 578 1423 608 et
1454 572 1598 608 Orbi—

170 646 368 684 tanium.
451 645 611 690 XXIV,
650 647 715 690 ⁶21,
756 648 799 683 3:
849 644 1023 681 deinde
1063 643 1317 680 libertatis
1355 642 1597 678 restituta*

171 717 310 753 dulce
341 717 508 753 auditu
530 729 697 752 nomen
724 717 892 753 erebro
918 721 1221 764 usurpatum,
1243 725 1351 762 spes
1381 713 1515 750 faeta
1543 726 1597 749 ex

170 788 378 836 pecunia
399 787 535 835 regia
558 787 843 835 largitionis
877 786 1161 834 militiaeque
1191 784 1445 833 fungendae
1474 783 1599 832 poti-

173 859 339 895 oribus
370 859 572 894 ducibus
603 864 646 894 et
675 858 834 894 relata
871 855 1065 906 tyranni
1108 854 1251 890 foeda
1282 855 1471 891 scelera
1502 853 1598 890 foe-

173 929 436 976 dioresque
467 927 700 963 libidines
731 927 850 963 adeo
882 934 1130 963 mutavere
1172 911 1364 962 animos
1393 931 1463 960 cet.
1553 925 1599 960 In

173 1013 248 1036 uno
280 1000 351 1035 hoc
383 999 503 1035 tertiae
534 998 688 1034 decadis
712 998 796 1034 loco
821 997 965 1033 nullum
999 996 1046 1031 ad
1078 995 1258 1031 vitiosam
1290 995 1597 1031 coniunctionem

174 1068 319 1105 aceedit
359 1068 463 1104 aliud
502 1068 629 1104 mendi
672 1068 873 1111 indicium,
925 1073 992 1103 aut.
1032 1073 1075 1102 et
1121 1078 1230 1114 spes
1276 1075 1342 1102 aut
1386 1078 1599 1114 »spesque

170 1136 471 1185 scl·ibenduin‘·').
545 1139 704 1183 XXVI,
740 1141 804 1184 36,
844 1142 907 1175 ll:
958 1151 1042 1187 pro
1083 1151 1131 1173 se
1172 1138 1377 1185 quisque
1416 1149 1601 1177 aurum,

174 1217 423 1258 argentum
452 1215 495 1245 et
520 1221 578 1245 aes
602 1209 647 1245 iu
677 1210 920 1258 publicum
953 1205 1221 1245 conferunt».
1261 1206 1598 1245 Weissenbornius

174 1281 211 1317 in
242 1281 344 1317 bono
376 1281 506 1317 codice
538 1280 684 1323 (nescio
717 1281 810 1328 quo)
843 1287 888 1316 et
920 1286 1172 1329 argentum
1214 1286 1257 1315 et
1286 1291 1345 1314 aes
1376 1277 1490 1314 scribi
1522 1283 1601 1312 tra—

174 1351 239 1386 dit.
312 1351 498 1395 XXXII,
532 1353 595 1396 33,
632 1353 697 1387 16:
736 1352 928 1388 Thebas
959 1351 1185 1395 Phthias,
1223 1350 1476 1393 Echinum,
1509 1348 1600 1383 La-

175 1422 347 1458 rissam
381 1429 421 1456 et
453 1422 757 1458 Pharsalum.
822 1423 874 1458 Et
904 1422 941 1458 in
970 1428 1154 1470 quattuor
1172 1419 1508 1457 Draehenborchii
1538 1431 1603 1454 eo-

176 1492 322 1529 dicibus
357 1499 392 1527 et
432 1492 469 1527 in
501 1493 781 1541 Bambergensi
826 1493 1014 1529 omittitur
1052 1498 1114 1537 et,
1155 1498 1334 1539 recteque
1372 1491 1409 1526 id
1452 1489 1605 1526 sustulit

175 1563 514 1600 Weissenbornius
547 1564 600 1609 (in
633 1564 720 1599 edit.
751 1564 1057 1611 Teubneriana).
1125 1563 1307 1606 XXXV,
1337 1564 1400 1605 34„
1435 1564 1476 1598 4:
1507 1562 1604 1597 De-

178 1634 480 1679 metriadem,
512 1634 789 1671 Chalcidem
822 1634 1287 1672 etLaeedaernonem.
1339 1632 1530 1681 Copulaln
1565 1631 1603 1667 in

179 1705 457 1753 Bambergensi
510 1705 764 1753 omnibusque
810 1704 1119 1741 Drakenborehii
1168 1703 1365 1739 codicibus
1420 1703 1603 1738 omissam

204 1883 236 1923 ι)
272 1884 404 1921 XXIV,
437 1888 494 1916 10,
529 1886 546 1913 9
574 1882 675 1912 verba
702 1882 749 1912 sic
777 1883 1015 1922 coniungenda
1044 1888 1142 1914 sunt:
1181 1891 1330 1912 nucem
1343 1880 1389 1920 (Υ)
1417 1880 1458 1909 in
1487 1879 1605 1909 Sabi-

274 1947 342 1977 nis
369 1944 679 1986 publicamque
705 1944 838 1981 viam,
865 1954 1026 1974 murum
1057 1954 1104 1974 ae
1130 1950 1294 1985 portam
1324 1942 1485 1974 Gabiis.

198 2021 237 2065 ¹²)
274 2023 382 2062 Quam
418 2024 451 2053 in
485 2022 549 2052 hoe
585 2021 663 2051 loco
696 2020 996 2052 XVeissenbornius
1033 2029 1169 2052 secutus
1204 2026 1255 2051 est
1288 2018 1492 2051 Kin(ls‹heri
1527 2027 1607 2048 con-

273 2087 433 2116 iecturam
461 2094 502 2114 ex
529 2083 659 2114 duabus
688 2082 849 2113 Gronovii
880 2089 1003 2122 natam,
1032 2094 1071 2114 ea
1096 2084 1273 2124 probanda
1298 2091 1364 2112 non
1393 2086 1463 2111 crat
1490 2085 1608 2110 tenen-

274 2148 419 2187 dumque
449 2156 524 2176 euin
549 2145 726 2182 Crevcrio,
754 2145 842 2184 quod
871 2155 973 2186 supra
998 2145 1117 2185 posui.
1146 2154 1164 2173 a
1189 2143 1265 2174 eod.
1294 2143 1372 2177 Pur,
1399 2152 1467 2172 una
1493 2141 1606 2171 littera

276 2207 520 2247 (militiatq)
558 2207 744 2237 discedens.
823 2207 977 2238 Potiorcs
1014 2208 1117 2237 duces
1152 2210 1248 2242 sunt,
1290 2215 1374 2245 quos
1401 2204 1515 2235 Livius
1542 2203 1560 2242 ἓ
1592 2206 1602 2232 1

275 2270 385 2309 magis
412 2269 574 2310 impigros
609 2269 712 2306 dixit3
756 2279 870 2300 eorum
903 2269 1026 2300 fiducia
1062 2268 1284 2307 erigebantur
1321 2267 1467 2297 militum
1504 2264 1607 2296 animi

276 2331 452 2362 victoriam
479 2332 694 2372 proedamque
722 2331 1001 2370 exspectantium.
1057 2330 1184 2371 Ipsum,
1213 2330 1303 2370 quod
1331 2329 1485 2365 additur,
1516 2327 1608 2358 fuu-

276 2394 421 2433 gendae
449 2393 622 2423 confirmat
649 2402 760 2422 verum
781 2403 854 2423 esse
881 2391 1154 2433 potioribus,
1179 2402 1258 2422 nam
1285 2392 1313 2422 si
1340 2389 1523 2420 ducibus
1549 2389 1608 2418 da-

277 2455 364 2486 tivus
386 2461 472 2485 esset
491 2458 604 2495 (spes
631 2453 751 2484 saeta
778 2455 964 2485 ducibus
989 2453 1184 2494 potioris
1211 2452 1409 2491 militiae),
1438 2451 1609 2482 omittere·

277 2523 331 2547 tur
358 2516 595 2555 fungendae.
648 2514 863 2555 Omninoque
888 2515 1120 2546 honoratioris
1149 2514 1454 2554 sructuosiorisque
1481 2512 1610 2543 militiae

277 2579 455 2619 promissio
489 2578 636 2619 pertinet
668 2577 709 2607 ad
737 2577 859 2608 milites
886 2577 1060 2616 gregarios
1100 2576 1209 2615 (velut
1235 2576 1400 2613 XXXII,
1428 2579 1493 2611 23,
1521 2578 1539 2605 9
1568 2574 1610 2604 ad

277 2640 390 2671 socios
418 2640 577 2676 navales,
617 2638 673 2679 qui
711 2639 854 2680 pedibus
894 2638 1060 2679 stipendia
1097 2647 1223 2668 merere
1250 2637 1467 2678 cupiebant);
1512 2636 1614 2666 altior

281 2703 367 2732 inter
391 2702 493 2732 (luces
520 2702 644 2741 gradus
671 2710 738 2731 non
763 2700 813 2730 ita
841 2700 1062 2740 significatur.
