1811 2925
230 124 305 156 Lib.
332 125 519 156 XXXVII.
897 131 973 165 444

229 248 396 297 priorem
428 248 614 285 incertum
644 261 727 285 esse
757 255 918 298 apparet
962 251 1068 295 (XL,
1111 251 1256 298 XXX,
1283 253 1367 300 X);
1405 267 1474 291 nec
1520 255 1643 291 minus

228 319 410 356 incertum
444 325 512 363 est,
542 319 580 355 in
611 320 783 356 codicum
809 321 997 370 scriptura
1028 322 1278 360 Grannoni
1307 324 1499 362 lateantne
1531 325 1590 363 Cr
1602 339 1643 363 a·

228 390 295 426 nii
330 403 379 426 an
409 391 649 436 Pronnaei,
698 397 738 427 ut
779 391 903 440 primo
948 392 1033 428 loco
1076 391 1207 430 Cranii
1255 395 1440 433 nominati
1485 397 1641 437 fuerint.

229 461 517 507 (Dederunt,
552 468 594 497 ut
622 462 743 498 multa
774 462 811 498 in
843 462 876 498 B
894 491 903 507 ,
933 463 1078 500 librarii
1108 464 1341 513 negligentia
1371 469 1553 505 omissum
1585 469 1641 505 vi-

228 533 347 568 detur.
410 532 594 581 Alioquin
638 539 791 582 poterat
821 534 952 571 scribi:
995 535 1079 572 XL
1121 535 1341 574 Pronnaei
1385 540 1640 582 dederunt,

226 602 425 639 vicenos
456 611 612 641 autem
644 606 732 653 cet.)

337 673 558 723 Cap.38,8.
603 676 698 723 Quae
726 676 764 712 in
777 675 932 713 foedere
945 690 1029 714 cum
1048 678 1242 716 Antiocho
1273 680 1320 716 de
1336 680 1492 718 navium
1507 695 1640 720 nume·

225 758 281 789 1⁴0,
313 757 424 793 quem
456 747 599 784 habere
628 748 709 797 regi
736 748 885 793 liceret,
916 748 1060 797 scripta
1090 755 1216 794 erant,
1247 761 1292 785 ea
1323 757 1359 787 et
1389 753 1491 800 apud
1521 753 1638 803 Poly-

225 816 328 853 bium
370 818 534 864 (XXII,
570 820 639 860 26)
673 825 711 856 et
740 819 843 868 apud
873 819 1025 856 Livium
1056 826 1238 869 corrupta
1273 827 1310 857 et
1341 822 1501 859 confusa
1544 836 1638 869 esse,

225 888 375 925 etiamsi
417 890 521 926 nulla
550 890 749 938 utriusque
783 890 978 939 scriptoris
1021 892 1258 940 comparatio
1303 893 1390 935 fiat,
1434 893 1547 930 facile
1591 907 1639 931 ex

223 960 309 1009 ipsa
337 974 379 997 re
409 968 445 998 et
475 962 603 998 verbis
633 967 838 1010 appareat;
881 961 1054 998 adhibita
1095 969 1223 999 autem
1253 964 1319 1000 illa
1349 965 1637 1013 comparatione

223 1030 463 1068 manifestius
492 1033 555 1075 fit;
587 1045 663 1080 quo
695 1045 810 1080 quum
843 1031 1001 1068 accedat
1030 1032 1067 1068 in
1089 1034 1292 1082 generibus
1321 1036 1477 1073 navium
1505 1037 1636 1086 appel-

222 1101 505 1150 lationibusque
536 1103 778 1152 ambiguitas,
811 1102 998 1151 equidem„
1029 1116 1152 1151 neque
1189 1105 1279 1153 quid
1295 1107 1480 1156 Polybius
1509 1121 1636 1156 neque

223 1171 314 1219 quid
345 1172 477 1209 Livius
499 1174 706 1223 scripserit,
739 1187 810 1223 pro
841 1180 944 1210 certo
976 1174 1135 1211 inveniri
1164 1188 1279 1225 posse
1298 1184 1416 1226 put-03
1449 1179 1634 1228 attingam

222 1248 351 1279 tamen
383 1244 511 1292 aliqua
543 1258 590 1281 ex
620 1252 730 1294 parte
758 1246 859 1281 hunc
879 1245 1005 1281 locum
1028 1258 1187 1294 quaeque
1218 1248 1308 1284 mihi
1329 1250 1546 1298 probabilia
1577 1251 1634 1287 vi—

223 1313 407 1358 deantur,
452 1315 619 1351 breviter
646 1316 782 1352 dicam.
836 1316 1010 1352 Primum
1055 1318 1156 1365 apud
1187 1319 1394 1368 Polybium
1427 1320 1632 1358 manifesto

222 1391 404 1433 corrupta
435 1393 521 1421 sunt
549 1387 633 1423 illa:
664 1384 775 1439 μηδὲ·
805 1378 1202 1437 ίτριακοντάκωπον
1234 1389 1360 1443 ἐχέτω
1385 1385 1633 1442 ἐλαυνόμε-

221 1467 326 1499 νον,
357 1455 395 1491 in
427 1456 563 1504 quibus
593 1468 751 1504 prorsus
782 1458 954 1494 abundat
980 1459 1221 1509 participium
1240 1490 1249 1506 ,
1284 1475 1477 1510 quumque
1506 1463 1630 1500 maio-

217 1538 300 1562 rum
334 1527 489 1563 navium
533 1525 638 1573 (τῶν
678 1523 1015 1581 καταφράκτων)
1048 1530 1207 1579 exiguus
1252 1531 1313 1568 ille
1344 1533 1522 1580 quidem,
1566 1532 1632 1569 sed

218 1604 345 1634 tamen
391 1599 528 1646 aliquis
564 1612 744 1636 numerus
777 1601 857 1649 regi
889 1602 1137 1647 concedatur,
1168 1603 1356 1640 minorum
1388 1603 1632 1652 possessione

218 1681 375 1717 prorsus
406 1670 439 1705 ei
469 1669 717 1708 interdicitur.
780 1673 918 1720 Neque
948 1672 1039 1708 ferri
1069 1678 1195 1720 potest
1224 1671 1340 1725 μηδέ
1378 1681 1465 1711 ante
1496 1672 1632 1712 πολέ-

218 1753 310 1790 μου
340 1742 504 1779 ἕνεκεν,
535 1741 637 1788 quod
668 1742 721 1778 si<-
753 1741 911 1785 dicitur*
956 1743 1065 1792 quasi
1108 1744 1187 1780 eius
1217 1745 1305 1781 belli
1348 1758 1484 1790 causa,
1529 1745 1632 1793 quod

219 1811 301 1859 ipse
332 1812 546 1848 Antiochus
578 1811 660 1847 aliis
684 1812 858 1850 illaturus
889 1814 955 1852 sit.
986 1814 1070 1862 plns
1100 1815 1256 1852 concedi
1277 1829 1427 1865 aequum
1445 1817 1510 1859 sit;
1540 1829 1631 1853 nam

219 1882 436 1919 huiusmodi
468 1881 575 1919 bellis
607 1882 846 1921 interdictum
877 1885 957 1932 regi
973 1884 1109 1930 fuisse,
1139 1886 1255 1934 paulo
1278 1893 1405 1923 autem
1434 1887 1631 1930 maiorem,

220 1954 250 1989 si
285 1954 333 1990 ab
365 1954 448 1990 aliis
489 1953 570 2002 ipse
600 1961 906 2002 oppugnaretur,
953 1956 1166 1991 libertatem
1197 1963 1233 1991 et
1262 1956 1446 1993 maiorem
1476 1957 1632 1993 navium

220 2037 417 2060 numerum
450 2036 670 2060 concessum
711 2036 815 2067 csse„
848 2032 884 2061 et
914 2032 1051 2061 natura
1091 2026 1145 2063 rei
1179 2026 1351 2063 declarat
1381 2034 1417 2064 et
1448 2028 1632 2077 Appiani.

220 2096 300 2131 haec
330 2095 366 2130 in
397 2095 550 2131 brevius
581 2095 851 2133 contrahentis.
883 2095 1139 2134 testimonium
1185 2098 1327 2147 (Syria.
1347 2098 1413 2141 39)
1449 2106 1485 2134 et
1513 2099 1631 2147 ipsius

221 2166 332 2201 Livii.
408 2166 525 2214 Apud
572 2165 721 2202 Livium
756 2172 880 2203 autem
931 2170 1007 2211 (ut7
1040 2168 1181 2204 omissa
1212 2175 1423 2205 ceterorum
1459 2169 1631 2206 codicum

221 2236 489 2285 discrepantia.
520 2237 641 2273 solum
673 2237 715 2273 M
747 2250 897 2285 sequar,
928 2238 964 2273 in
998 2251 1072 2286 qno
1104 2245 1230 2275 tamen
1261 2239 1365 2287 ipso„
1395 2240 1567 2276 inaudito
1592 2239 1633 2275 in

221 2319 338 2355 prosa
383 2307 554 2343 oratione
592 2308 796 2344 verborum
829 2308 984 2350 ordine,
1026 2309 1203 2346 scribitur
1247 2310 1387 2347 nulla
1435 2322 1632 2357 quarum

222 2390 292 2425 pro
324 2389 522 2424 quarum
555 2378 705 2421 nulla)
748 2380 796 2415 ab
849 2379 1085 2415 actuariis
1133 2379 1294 2415 navibus
1324 2380 1378 2417 sic
1407 2385 1634 2428 separantur

222 2461 466 2490 moneres,
512 2454 552 2483 ut
600 2449 780 2485 actuariae
812 2450 851 2486 X
883 2450 1078 2486 Antiocho
1121 2450 1388 2495 concedantur,
1437 2463 1630 2486 monerem

221 2519 363 2554 habere
395 2518 550 2555 omnino
580 2531 626 2554 ne
658 2519 782 2556 liceat.
842 2521 972 2570 Ipsum
1005 2527 1132 2557 tamen
1163 2521 1363 2557 moneris
1392 2521 1632 2560 nomen,vix

223 2588 388 2625 dubitari
418 2594 555 2636 potest,
587 2589 677 2637 quin
708 2590 839 2627 Livius
874 2592 1055 2640 posuerit,
1088 2604 1203 2639 quum
1235 2592 1283 2628 ob
1308 2591 1525 2640 Moguntini
1557 2590 1633 2640 (cui
