1811 2925
925 153 1003 189 206

260 273 445 321 robiginis
489 273 761 320 detergendum
807 274 862 310 sit.
938 275 1054 310 Velut
1100 281 1202 318 (nam
1251 276 1427 324 exemplo
1467 276 1522 311 uti
1569 276 1675 323 libet)

262 345 407 380 initium
440 343 526 379 libri
547 343 675 379 XXII
708 348 772 384 (ne
795 344 879 391 quis
902 344 1082 381 selectum
1104 345 1273 381 studiose
1304 346 1521 393 exemplum
1552 348 1674 394 putet)

262 415 299 450 111
332 414 462 450 codice
493 414 525 449 P
557 412 610 449 sic
643 413 833 460 scribitur,
875 414 947 449 nisi
979 415 1081 462 quod
1112 416 1232 451 verba
1263 429 1310 452 ex
1342 416 1524 452 continua
1557 416 1678 464 scrip—

261 492 348 520 tura
377 496 515 532 separo
547 489 583 518 et
612 483 957 532 interpunctionem
998 486 1118 521 addo:
1162 486 1261 521 Iam
1310 498 1425 522 vero
1472 486 1678 534 adpete—

262 557 440 602 batque
485 554 741 590 Hannibal
781 568 835 591 ex
879 555 1098 591 hibernis
1145 556 1311 591 metuit
1349 562 1389 592 et
1431 569 1586 604 neque
1625 569 1677 592 eo

264 626 341 673 qui
386 625 476 660 iam
531 629 643 660 ante
687 631 889 660 conatus
941 626 1290 661 transcendere
1338 626 1675 674 Appenninum

263 693 597 731 intolerandis
655 694 932 743 frigoribus
982 703 1025 731 et
1074 708 1172 732 cum
1228 695 1411 743 ingenti
1456 697 1676 744 periculo

264 772 483 802 moratus
522 777 573 800 ac
612 771 748 801 metu.
815 766 999 811 Gallis,
1039 778 1155 814 quos
1193 767 1362 814 praedae
1392 768 1676 815 populatio-

264 849 468 884 numque
498 836 809 872 consciverat
838 849 963 884 spes,
993 843 1252 884 postquam
1283 849 1367 884 pro
1400 849 1464 880 ρο,
1503 843 1551 873 ut
1580 834 1678 886 ipsi

265 922 319 945 ex
351 908 512 944 alieno
545 918 659 953 agro
694 913 925 955 raperent
967 913 1313 955 acgerentque,
1363 920 1478 943 suas
1517 914 1676 944 terras

265 980 422 1016 sedem
454 977 573 1014 belli
604 989 707 1013 esse
738 977 1018 1026 praemiique
1060 978 1315 1025 utriusque
1352 978 1510 1026 partis
1541 990 1677 1013 exer-

266 1051 441 1087 cituum
471 1048 694 1084 hibernis
736 1048 981 1091 viderent,
1026 1055 1277 1083 verterunt
1314 1054 1449 1084 retro
1493 1048 1679 1084 Hanni—

266 1121 421 1156 balem
461 1119 593 1163 odia,
647 1132 716 1155 nec
758 1118 961 1166 quicquam
1007 1131 1053 1154 ex
1091 1118 1148 1154 his
1179 1119 1325 1153 luendis
1362 1119 1400 1154 in
1432 1119 1586 1166 optimis
1620 1132 1678 1155 se-

268 1191 431 1226 cundum
462 1190 566 1225 illum
599 1189 792 1225 codicibus
825 1187 946 1236 (CM),
986 1201 1007 1224 a
1038 1189 1162 1236 prima
1194 1188 1346 1235 quidem
1377 1201 1506 1233 manu,
1536 1188 1680 1224 vitatur

265 1266 404 1308 praeter
449 1265 697 1307 acgerent,
749 1260 852 1307 quod
882 1259 920 1294 111
957 1260 989 1295 Ρ
1021 1259 1141 1295 altera
1184 1271 1319 1294 manus
1357 1265 1600 1302 correxerat,
1643 1265 1679 1295 et

266 1330 462 1378 praemii.
522 1330 740 1366 Primorum
785 1330 991 1365 verborum
1035 1329 1250 1365 emendatio
1293 1327 1410 1377 (Iani
1443 1341 1526 1365 ver
1556 1330 1678 1377 adp.,

269 1414 405 1448 quum
437 1401 488 1438 H.
520 1412 574 1436 ex
605 1400 641 1435 h.
663 1398 828 1447 movit)
864 1401 908 1438 L.
928 1400 1053 1435 Vallae
1075 1400 1234 1436 debetur
1252 1399 1456 1446 (reperitur
1477 1400 1592 1436 etiam
1615 1407 1680 1436 aut

267 1477 349 1507 tota
380 1477 446 1507 aut
476 1484 524 1507 ex
552 1476 662 1519 parte
691 1470 729 1505 in
762 1483 838 1507 uno
877 1476 914 1506 et
945 1470 1065 1506 altero
1100 1469 1230 1505 codice
1269 1469 1392 1504 Vallae
1422 1476 1573 1505 aetatem
1603 1483 1681 1506 non

269 1542 486 1590 superanti3
532 1554 621 1576 nam
667 1546 703 1576 et
734 1541 905 1588 Poggius
936 1546 973 1576 et
1003 1540 1228 1577 Leonardus
1269 1545 1305 1574 et
1335 1538 1498 1576 Carolus
1528 1541 1680 1577 Aretini

271 1625 408 1659 quum
448 1618 485 1648 et¹
526 1611 677 1647 movit
713 1611 978 1655 restituerant,
1020 1617 1061 1646 ut
1086 1617 1285 1659 appareat,
1333 1611 1432 1646 unde
1461 1610 1501 1646 hi
1530 1611 1680 1647 codices

269 1682 498 1730 pendeant>3
530 1681 654 1718 eidem
684 1681 1019 1728 nequicquam.
1082 1681 1215 1718 Galli
1254 1687 1290 1717 ct
1326 1681 1555 1717 viderunt
1593 1680 1679 1729 (pro

271 1765 346 1799 quo
391 1751 611 1787 viderent
657 1751 992 1787 Weissenbornius
1037 1751 1213 1797 retinuit,
1257 1765 1347 1788 usus
1392 1751 1590 1799 exemplis,
1644 1752 1682 1787 iu

271 1822 408 1869 quibus
447 1821 865 1869 plusquamperfectum
913 1822 1144 1857 coniunctivi
1184 1823 1286 1870 apud
1328 1828 1582 1870 post-quam
1623 1835 1682 1858 re-

270 1892 426 1939 peritur,
460 1898 496 1926 et
525 1892 617 1940 ipsis
648 1892 761 1928 valde
792 1891 935 1937 dubiis)
967 1891 1003 1927 111
1038 1892 1120 1927 cod.
1153 1891 1182 1928 C
1214 1893 1335 1928 altera
1365 1904 1501 1928 manus
1532 1892 1685 1940 scripsit

269 1962 579 2010 transieruntque
625 1962 881 1998 correctiones
926 1961 963 1997 111
1014 1967 1177 2005 ceteros3
1227 1962 1509 1998 conciverat
1556 1969 1594 1998 et
1640 1963 1683 1998 111

271 2031 594 2068 Hannibalem
647 2032 787 2079 ignotis
835 2032 1087 2068 recentiorum
1149 2032 1322 2068 codicum
1374 2033 1684 2070 emendatoribus

271 2102 474 2147 debentur,
526 2102 589 2148 (in
640 2102 746 2137 deest
796 2102 910 2138 etiam
950 2102 988 2137 111
1028 2102 1112 2138 Pal.
1165 2105 1204 2146 1,
1248 2102 1370 2146 Harl„
1413 2103 1511 2141 Lov.
1551 2108 1582 2148 1,
1632 2104 1684 2151 3).

271 2172 412 2219 Itaque
445 2172 557 2208 facile
589 2177 671 2207 erat
701 2184 748 2207 ex
777 2173 974 2208 Puteaneo
1007 2172 1184 2220 exempla
1216 2172 1394 2220 colligere
1428 2180 1465 2209 et.
1492 2186 1685 2222 exponere

275 2242 480 2277 eorundem
510 2242 662 2278 errandi
692 2254 894 2290 generum,
938 2255 1021 2290 quae
1050 2243 1087 2277 in
1119 2242 1253 2278 ceteris
1285 2243 1451 2290 antiquis
1489 2244 1684 2280 codicibus

273 2312 530 2360 reperiuntur,
573 2325 662 2348 nam
711 2318 747 2348 et
791 2326 825 2352 m
856 2312 893 2347 in
924 2313 997 2348 fine
1042 2325 1179 2349 vocum
1211 2312 1364 2348 additur
1396 2313 1686 2362 detrahiturque

274 2381 366 2424 (vid.
398 2381 446 2416 ad
481 2382 644 2426 XXIII,
677 2383 713 2426 3,
747 2382 800 2428 3),
841 2388 878 2417 et
907 2382 1041 2418 litterae
1072 2382 1171 2418 male
1201 2382 1443 2430 geminantur
1473 2391 1540 2421 aut
1570 2385 1688 2421 semel

276 2464 347 2499 pro
378 2451 581 2499 geminatis
612 2453 842 2498 scribuntur,
882 2458 919 2488 et
956 2453 1112 2501 syllabae
1155 2459 1191 2489 et
1235 2454 1354 2489 verba
1391 2454 1449 2489 bis
1493 2460 1687 2502 ponuntur

280 2522 413 2568 (etiam
431 2522 533 2567 bina,
554 2528 596 2558 ut
615 2523 835 2567 XXII,36,
862 2524 882 2559 3
921 2523 1135 2570 equitum
1168 2523 1336 2558 darent
1369 2524 1580 2570 equitum
1613 2524 1687 2560 da-

276 2599 382 2628 rent
413 2599 450 2628 et
466 2593 629 2636 XXIII,
653 2595 712 2635 16,
751 2594 816 2637 123
847 2606 934 2629 nam
954 2594 1116 2638 XXIII,
1142 2593 1205 2637 26,
1225 2594 1246 2629 8
1264 2599 1301 2629 et
1323 2595 1385 2637 30,
1407 2595 1446 2629 11
1471 2593 1584 2629 simul
1605 2605 1688 2629 cor-

279 2662 397 2698 rectio
440 2663 661 2700 adhibetur.
701 2663 851 2699 caedes
882 2676 952 2711 pro
993 2663 1113 2699 caede
1144 2669 1181 2699 et¹
1220 2664 1374 2711 patris
1414 2676 1485 2711 pro
1516 2664 1687 2711 puris),
