1811 2925
904 174 981 209 208

232 299 278 334 In
309 309 385 333 uno
417 295 612 344 praeeipue
641 307 781 343 genere
810 293 1079 342 pernegligens
1120 300 1187 330 aut
1225 294 1369 331 codicis
1409 296 1441 332 P
1472 295 1654 332 librarius

235 374 301 404 aut
326 367 418 411 eius,
450 378 562 414 quern
608 371 761 402 secutus
807 372 882 410 est,
931 364 1072 401 codicis
1103 364 1186 410 fuit,
1234 365 1272 401 in
1323 366 1446 402 verbis
1492 363 1655 415 singulis

232 438 456 487 pluribusve
487 436 727 481 omittendis,
771 448 933 484 quarum
964 435 1191 472 lacunarum
1222 448 1404 484 magnam
1434 444 1585 486 partem
1615 438 1654 483 ii,

234 521 399 557 quorum
430 507 688 544 correctiones
722 520 793 556 per
822 506 1054 543 recentiores
1082 506 1233 542 codices
1264 515 1540 556 pervagantur,
1577 522 1655 545 non

233 579 366 615 inseite
397 578 662 626 expleverunt.
736 578 851 613 Hanc
882 576 1071 613 Puteanei
1104 561 1231 613 hibern
1271 589 1388 625 quum
1429 579 1656 617 Gronovius

233 663 310 686 non
353 649 447 686 satis
486 649 770 698 perspexisset,
815 660 893 684 non
946 660 1036 683 raro
1075 647 1259 683 inutiliter
1288 648 1483 697 ingenium
1530 650 1654 686 torsit.

236 719 454 764 Creverius,
497 732 615 767 quum
646 731 732 755 sero
764 719 962 755 attendere
995 718 1204 767 coepisset,
1248 719 1298 754 ad
1327 720 1491 766 XXIX,
1538 722 1599 766 12,
1633 725 1653 756 4

237 791 408 840 scripsit,
453 791 502 827 ad
545 790 664 826 libros
694 789 890 825 XXVIII
921 796 955 824 et
986 789 1138 825 XXIX
1179 789 1347 826 maxime
1377 789 1416 825 id
1446 789 1658 838 pertinere3

237 863 304 899 sed
336 862 374 898 in
411 862 588 898 omnibus
620 860 820 909 aequaliter
849 859 957 896 libris
989 871 1075 895 eam
1105 859 1379 908 negligentiam
1411 860 1656 909 deprehendi,

236 934 437 970 ostendent
468 934 548 969 haec
579 945 626 968 ex
657 944 733 967 uno
764 931 864 967 libro
895 931 1025 967 XXII
1055 930 1251 979 exempla:
1293 943 1325 967 c.
1359 932 1395 975 3,
1431 933 1473 975 93
1522 933 1582 976 15,
1616 934 1658 976 53

237 1006 300 1049 21,
335 1007 375 1048 73
409 1006 472 1045 31,
512 1007 576 1047 11;
609 1004 672 1047 36,
706 1005 748 1047 73
782 1004 846 1046 39,
879 1003 948 1046 213
983 1004 1045 1047 54,
1080 1004 1120 1045 7;
1153 1003 1216 1045 56,
1255 1004 1291 1046 1;
1325 1005 1387 1041 57.
1426 1005 1460 1046 1;
1495 1004 1559 1047 59,
1590 1003 1659 1046 19;

239 1079 301 1120 61,
341 1079 408 1119 10,
451 1086 612 1122 quaeque
657 1086 705 1109 ex
746 1073 855 1109 brevi
894 1073 1020 1121 spatio
1060 1072 1147 1108 libri
1174 1073 1346 1109 XXVII
1377 1074 1426 1109 ad
1460 1073 1540 1109 eius
1571 1073 1658 1109 libri

237 1159 266 1184 c.
301 1149 336 1190 5,
371 1148 391 1182 6
424 1144 580 1192 ‹sollegi3
610 1156 735 1191 neque
766 1156 811 1179 ea
830 1156 891 1180 res
910 1143 1267 1180 lVeissenbornium
1298 1143 1444 1181 fefellit.
1513 1143 1659 1190 Quam-

239 1229 353 1265 quam
404 1228 479 1252 uno
528 1223 563 1252 et
610 1215 730 1251 altero
776 1215 862 1250 loco
911 1214 1101 1262 particula
1149 1227 1238 1262 que
1283 1214 1423 1250 iniuria
1461 1214 1574 1250 unius
1611 1227 1660 1250 ex

239 1287 388 1323 duobus
418 1285 619 1322 vocabulis
651 1285 783 1321 omissi
813 1284 1069 1333 suspicionem
1098 1285 1238 1321 movit:
1267 1297 1358 1321 nam
1394 1298 1440 1321 ea
1469 1285 1659 1322 interdum

240 1356 444 1393 manifesto
476 1369 606 1392 errore
637 1356 768 1392 addita
797 1362 853 1392 est
885 1355 1042 1401 (XXII,
1075 1356 1139 1397 27,
1173 1358 1208 1393 4,
1252 1356 1424 1401 XXIII,
1462 1359 1506 1393 14
1551 1362 1661 1401 extr„

243 1427 380 1469 XXV,
401 1429 466 1470 40,
486 1429 520 1471 6,
552 1427 712 1472 XXVI,
738 1430 796 1472 17,
818 1429 859 1472 3;
893 1426 1023 1474 itaque
1051 1425 1168 1462 dubia
1186 1438 1246 1461 res
1276 1433 1333 1462 est
1350 1426 1466 1463 etiam
1499 1427 1660 1467 XXIV.

241 1499 304 1541 20,
327 1500 372 1534 13
389 1504 425 1534 et
443 1498 507 1541 24,
533 1499 568 1539 3,
586 1498 724 1542 XXV,
762 1500 822 1542 14,
856 1498 876 1532 2
912 1504 948 1533 et
986 1498 1044 1533 16.
1077 1497 1113 1541 3,
1145 1497 1305 1542 XXVI,
1341 1499 1375 1542 7,
1409 1498 1462 1539 2).
1580 1496 1662 1533 Ve-

238 1582 324 1605 rum
354 1575 492 1617 praeter
521 1569 592 1604 hos
612 1568 855 1616 negligentiae
881 1579 1029 1603 errores
1051 1580 1127 1604 non
1162 1568 1257 1604 afuit
1290 1581 1313 1603 a
1346 1569 1546 1604 Puteaneo
1577 1567 1663 1616 ipsa

239 1640 305 1676 illa
348 1639 619 1687 interpolatio,
679 1651 763 1686 quae
800 1650 963 1686 pravam
1009 1638 1228 1686 opinionem
1273 1644 1405 1675 secuta.
1450 1638 1661 1674 deliberato

242 1711 369 1747 animo
410 1710 554 1758 scripta
596 1717 661 1746 aut
708 1709 885 1745 addendo
932 1717 1046 1756 auget
1094 1717 1158 1745 aut
1199 1716 1334 1745 mutat.
1395 1709 1662 1745 Additamenti

241 1780 458 1829 exemplum
512 1780 589 1816 iam
647 1793 764 1829 supra
813 1779 926 1828 posui
976 1780 1126 1825 XXX,
1176 1782 1253 1825 21,
1309 1782 1330 1816 9
1392 1779 1534 1829 (fuit);
1586 1780 1662 1816 alia

241 1865 312 1901 ego
357 1851 515 1900 coargui
564 1851 734 1895 XXIII,
775 1852 847 1895 37,
886 1853 951 1894 11,
1003 1851 1147 1889 XXV.
1196 1853 1259 1895 31,
1310 1854 1352 1887 11
1400 1858 1436 1887 et
1486 1853 1549 1896 37,
1602 1853 1662 1890 11,

241 1923 452 1958 XXVIII.
498 1924 571 1965 40,
612 1923 654 1958 5.
698 1921 846 1958 XXX.
894 1923 966 1965 23,
1015 1925 1057 1957 4.
1102 1921 1139 1957 in
1170 1922 1337 1958 XXIV.
1385 1923 1460 1965 25,
1503 1923 1524 1957 2
1559 1921 1661 1959 Gro-

241 1993 377 2029 novius
422 1990 648 2039 (fecisse),
692 1991 730 2026 in
772 1992 913 2035 XXX,
951 1993 1013 2028 27.
1047 1994 1067 2027 5
1101 1992 1305 2028 Creverius
1350 1993 1662 2041 (imperator),

240 2077 309 2099 nec
341 2062 612 2100 dubitandum.
654 2062 744 2109 quin
775 2062 903 2101 XXI.
946 2064 1012 2098 19.
1063 2064 1083 2097 9
1130 2063 1393 2111 Saguntini
1433 2071 1469 2099 et¹
1508 2064 1579 2108 25,
1628 2065 1662 2099 5.

240 2134 478 2169 incertum
525 2132 640 2168 etiam
691 2133 729 2168 in
774 2134 808 2169 P
854 2132 1007 2176 fuerint,
1055 2133 1237 2180 quoniam
1285 2141 1321 2169 et
1364 2132 1440 2170 MC
1481 2140 1516 2169 et
1548 2133 1663 2169 ceteri

241 2211 387 2248 tenent3
427 2205 501 2239 hoc
542 2203 695 2250 quidem
742 2203 934 2252 posterius
979 2210 1015 2239 et-
1056 2203 1218 2240 alterum
1260 2204 1298 2240 in
1331 2205 1465 2241 eodem
1497 2203 1595 2240 libro
1630 2216 1661 2242 c.

244 2276 309 2318 44,
343 2276 364 2309 9
398 2273 729 2321 (destinatum)
760 2286 919 2322 prorsus
952 2286 999 2309 ex
1031 2273 1165 2310 eodem
1196 2287 1347 2322 genere,
1381 2288 1429 2311 ex
1461 2287 1536 2322 quo
1571 2281 1664 2310 nata

243 2351 351 2380 erant
391 2344 464 2379 illae
502 2344 539 2379 in
569 2344 694 2392 prima
725 2344 868 2380 decade
907 2344 1076 2392 duplices
1108 2345 1325 2393 scripturae.
1381 2345 1454 2381 hoe
1494 2351 1568 2380 est.
1616 2357 1664 2380 ex

241 2414 422 2451 vocabuli
465 2427 487 2450 a
519 2414 631 2450 Livio
672 2415 787 2463 positi
818 2426 904 2451 cum
945 2414 1284 2463 interpretamento
1334 2413 1662 2461 coniu11eti0ne‚¹)

242 2485 469 2521 Mutationis
510 2485 669 2520 consilio
722 2494 759 2521 et
802 2498 931 2521 errore
969 2484 1081 2521 factae
1120 2486 1199 2522 iam
1246 2486 1462 2534 exemplum
1505 2492 1587 2521 erat
1626 2485 1663 2520 in

269 2648 298 2686 ¹)
331 2652 436 2682 Aliud
464 2661 571 2691 genus
599 2653 742 2693 duplicis
768 2654 958 2694 scripturae,
997 2663 1064 2694 quo
1100 2653 1255 2683 librarius
1290 2660 1437 2682 errorem
1465 2661 1560 2682 suum
1589 2661 1665 2681 cor-

337 2714 425 2753 rigit.
455 2715 731 2745 commemorabo
759 2715 801 2744 ad
827 2714 944 2751 XXII,
967 2718 1021 2745 28.
1053 2718 1083 2744 9.
