1811 2925
864 129 939 162 1147
1304 123 1381 155 Lib.
1407 122 1609 155 XXXVIII.

201 249 299 286 enim
330 256 529 298 optamus.
567 256 605 284 ut
637 249 839 293 velimus).
885 261 961 285 non
1000 247 1251 284 meminerant
1280 247 1468 296 pertinere
1494 248 1606 284 etiam

199 321 248 356 ad
279 320 486 356 sententias
516 319 782 356 secundarias.
831 319 890 355 vel
929 319 1031 367 quod
1070 317 1208 353 iniuria
1248 317 1512 354 voluissem
1550 331 1608 355 re-

200 391 413 439 quirebant.
444 390 550 427 obliti
581 390 682 435 eius.
715 390 818 438 quod
858 391 1029 439 legerant
1066 390 1139 426 VI.
1172 391 1208 427 9.
1240 390 1261 425 9
1306 388 1606 438 (quamquam

264 492 272 500 .
310 461 509 507 mallet).
584 461 686 498 Nam
714 462 912 506 vellem.
954 460 1163 505 mallem.
1207 466 1247 496 ut
1278 460 1354 496 alia
1386 459 1609 509 imperfecta

199 532 236 568 in
266 532 460 568 sententiis
491 532 837 577 condieionalibus,
874 532 1155 569 transferuntur
1199 531 1313 567 etiam
1345 531 1394 567 ad
1425 544 1482 570 ea.
1524 543 1608 579 quae

198 603 390 651 praeterito
421 609 592 651 tempore
623 604 790 651 optaturi
821 603 974 645 fuimus.
1015 603 1046 639 si
1076 603 1158 639 fieri
1190 602 1387 651 potuisset.
1417 614 1486 638 nec
1515 614 1606 651 poe-

198 673 273 710 tica
307 673 483 710 libertate
511 686 602 709 usus
634 680 689 710 est
716 673 890 718 Ovidius,
925 686 1040 722 quum
1073 674 1171 710 dixit
1192 674 1370 721 (Metam.
1392 674 1468 717 XI,
1492 674 1606 720 546):

197 744 373 780 Patriae
405 756 598 792 quoquc
627 744 777 781 vellet
808 745 863 781 ad
894 758 1005 782 oras
1038 745 1301 793 Respicere
1342 750 1412 780 cet.
1481 744 1605 780 Paulo

198 821 297 853 ante.
330 818 347 860 ξ
379 817 416 863 9,
447 815 512 852 ubi
543 815 684 851 editur:
729 816 782 851 In
826 817 914 853 hoc
946 828 1078 859 casu.
1123 828 1214 864 quo
1244 814 1516 851 infeliciter
1542 815 1604 851 in-

197 886 337 931 cidit,
368 894 419 923 ut
448 886 590 922 talem
623 886 771 922 civem
804 887 1159 931 amitteremus,
1197 887 1400 930 haerent.
1430 898 1507 922 non
1537 886 1605 922 ad-

196 958 349 994 modum
407 958 532 1006 placet
591 956 682 992 illud
746 968 878 997 casu,
936 970 1025 1005 quo
1068 987 1077 995 .
1096 987 1105 995 .
1142 957 1332 993 incidit.
1393 964 1427 993 et
1479 957 1604 993 mendi

195 1029 446 1077 suspicionem
478 1028 622 1064 faciunt
653 1027 802 1063 codices
834 1028 1216 1064 Drakenborchiani.
1258 1041 1304 1064 ex
1345 1028 1481 1075 quibus
1514 1040 1604 1076 quo

195 1100 299 1135 deest
329 1099 366 1134 in
399 1100 493 1135 Lov.
527 1099 558 1143 J.
592 1101 627 1134 4.
662 1103 696 1137 6,
727 1098 856 1141 Voss..
898 1099 935 1135 in
969 1099 1066 1138 Lov.
1100 1100 1120 1136 3
1153 1099 1309 1147 legitur:
1347 1099 1392 1135 in
1423 1100 1510 1135 hoc
1540 1099 1603 1135 in-

193 1169 305 1216 iquo
337 1181 447 1205 casu
479 1182 587 1218 quo.
628 1170 665 1205 in
710 1170 807 1206 Lov.
842 1171 877 1214 2.
919 1170 1047 1206 Mead.
1079 1178 1253 1218 utroque.
1296 1171 1408 1208 Harl.
1439 1170 1485 1206 in
1517 1170 1603 1206 hoc

195 1253 284 1288 quo
314 1252 449 1276 casu.
479 1241 515 1276 in
548 1242 644 1277 Lov.
680 1243 715 1283 5.
748 1247 786 1276 ut
816 1240 854 1276 in
885 1241 971 1279 edd.
996 1248 1083 1278 ante
1105 1241 1270 1278 Aldum:
1300 1241 1346 1277 in
1377 1241 1464 1277 hoc
1494 1252 1603 1289 quo-

194 1324 281 1359 que
319 1323 444 1349 casu.
506 1312 582 1357 (De
613 1312 654 1347 M
685 1311 777 1348 nihil
808 1312 1002 1354 traditur.)
1062 1312 1328 1361 Scripseratne
1360 1312 1510 1349 Livius:
1552 1313 1603 1349 In

193 1382 296 1422 hoc.
327 1382 449 1429 quod
479 1382 750 1419 infeliciter
779 1383 970 1421 incidit.
1010 1414 1018 1422 .
1039 1415 1045 1422 .
1066 1414 1074 1422 .
1111 1383 1313 1420 haerent?

304 1452 399 1502 Cap.
433 1455 495 1499 53,
533 1456 553 1490 3
589 1454 640 1497 (in
672 1455 846 1491 oratione
886 1454 947 1491 Ti.
979 1454 1148 1491 Gracchi
1178 1454 1227 1491 ad
1255 1455 1439 1503 populum
1470 1462 1603 1491 contra

196 1523 407 1567 Petillios):
437 1525 552 1560 Ideo
585 1525 655 1570 (P.
688 1523 838 1573 Scipio)
1001 1525 1268 1574 Syphacem
1300 1526 1447 1575 cepit.
1478 1526 1601 1562 Han-

194 1594 400 1631 nibalem
446 1596 645 1639 devicit.
709 1595 1055 1645 Carthaginem
1113 1597 1407 1646 vectigalem
1460 1596 1598 1633 nobis

194 1664 331 1701 fecit.
361 1666 653 1703 Antiochum
693 1667 895 1715 (recepit
935 1667 1057 1703 enim
1089 1667 1289 1704 frat-rem
1326 1675 1600 1704 consortem

194 1736 335 1772 huius
365 1737 533 1785 gloriae
577 1737 620 1773 L.
653 1736 835 1785 Scipio)
882 1737 1008 1773 ultra
1054 1738 1206 1774 Tauri
1248 1739 1359 1787 iuga
1405 1738 1602 1781 emovit„

193 1812 241 1843 ut
280 1807 464 1844 duobus
502 1808 723 1844 Petilliis
768 1809 1126 1851 succumberet.
1172 1821 1256 1846 vos
1301 1810 1355 1846 de
1401 1810 1448 1848 P.
1475 1808 1603 1846 Afri-

193 1890 312 1914 cano
351 1879 553 1927 palmam
599 1877 864 1927 peteretis?
922 1879 1114 1927 Populum
1149 1879 1350 1917 Gracchus
1382 1880 1600 1928 alloquitur,

193 1961 329 1985 aversa
359 1949 533 1986 oratione
562 1962 638 1986 non
672 1963 693 1985 a
724 1950 907 1993 Petilliis.
955 1951 1021 1987 sed
1066 1964 1087 1987 a
1116 1952 1250 1987 ceteris
1280 1952 1465 1990 tribunis.
1507 1963 1602 1999 quos

194 2019 336 2068 alloqui
367 2028 562 2070 coeperat3
593 2021 764 2069 sequitur
794 2020 912 2056 enim:
952 2021 1169 2058 nullisne
1202 2023 1381 2059 vestris
1411 2023 1602 2060 honori-

193 2092 289 2129 bus.
357 2091 432 2138 Qui
475 2091 590 2140 igitur
618 2091 782 2140 populus
814 2091 886 2127 dici
916 2092 1041 2140 potuit-
1071 2092 1276 2141 palmam
1315 2094 1367 2130 de
1397 2095 1444 2132 P.
1476 2093 1602 2131 Afri-

194 2174 312 2198 cano
341 2168 526 2210 petere.
556 2163 629 2198 hoc
660 2168 728 2200 est.
757 2161 822 2197 illo
853 2162 954 2199 victo
984 2162 1147 2211 gloriam
1179 2163 1250 2200 sibi
1283 2164 1477 2213 quaerere?
1519 2165 1602 2202 Nec

193 2240 320 2269 tamen
352 2233 398 2269 de
426 2233 518 2281 ipsis
549 2233 711 2269 Petilliis
739 2239 827 2281 post
866 2234 1203 2271 succumberet
1246 2236 1365 2283 (quod
1402 2236 1600 2272 victoriam

195 2303 270 2339 iam
302 2310 454 2351 partam
480 2303 686 2351 significat)
717 2309 818 2339 recte
850 2302 1038 2339 diceretur
1066 2306 1326 2352 peteretis.
1360 2307 1426 2343 sed
1454 2306 1603 2343 ferre-

193 2375 273 2418 tis;
303 2375 364 2410 vel
393 2375 538 2423 potius:
568 2373 641 2409 illi
683 2403 717 2411 ..
757 2372 961 2413 ferrent:
1009 2387 1096 2411 nam
1131 2387 1216 2412 cum
1247 2383 1468 2426 contemptu
1497 2390 1603 2414 com-

194 2450 392 2480 memorat.
421 2457 496 2481 non
536 2443 755 2492 alloquitur.
823 2444 917 2492 Ipsa
957 2446 1197 2493 comparatio
1236 2454 1292 2483 tot
1333 2454 1603 2497 tantorumque

195 2515 514 2559 adversariorum.
546 2526 641 2563 quos
672 2515 715 2551 P.
752 2513 880 2563 Scipio
913 2515 1015 2559 vicit.
1054 2528 1139 2552 cum
1175 2517 1324 2554 duobus
1353 2519 1603 2563 homunculis,

197 2585 260 2632 qui
291 2598 376 2621 eum
406 2598 504 2621 nunc
535 2593 769 2634 oppugnent.
802 2586 969 2622 ostendit
989 2587 1216 2624 sententiam
1239 2589 1436 2626 terminari
1466 2590 1603 2627 debere

195 2656 230 2691 in
259 2655 350 2691 illis:
394 2663 442 2692 ut
480 2656 662 2692 duobus
696 2656 918 2692 Petilliis
964 2659 1333 2696 succumberet?
1384 2660 1518 2697 deinde
1547 2662 1603 2697 in-
