1811 2925
898 138 975 173 490

224 257 311 293 inde
341 257 418 293 suis
459 257 552 292 locis
591 256 759 292 collectis
802 258 988 306 exemplis
1020 259 1177 296 notabo.
1250 260 1296 295 In
1327 261 1456 297 verbis
1486 260 1645 309 singulis

223 326 443 374 pluribusve
487 326 705 362 omit-tendis
759 333 904 374 quanta
949 327 1064 364 fuerit
1106 328 1254 365 librarii
1300 331 1536 379 negligentia
1566 344 1643 368 non

224 396 346 432 solum
384 396 448 432 ubi
488 397 621 433 eadem
664 397 853 434 similiave
891 399 1085 434 vocabula
1122 411 1244 447 parvo
1275 398 1478 435 intervallo
1517 398 1647 446 posita

225 478 391 502 errorem
437 467 680 511 obiecerunt,
732 468 810 504 iam
854 480 902 503 ex
938 468 1064 504 indice
1102 468 1168 504 illo
1206 468 1379 505 locorum
1420 482 1442 503 a
1474 468 1645 516 Grynaeo

224 536 429 571 verborum
460 537 673 573 adiectione
703 537 966 585 suppletorum
998 538 1158 586 intelligi
1187 544 1328 586 potest,
1362 551 1475 586 quem
1498 539 1643 586 Kreys-

225 605 341 654 sigius
372 608 519 644 Annot.
542 619 579 654 p.
607 608 650 643 12
668 607 809 655 posuit,
841 608 910 643 etsi
940 608 972 643 is
1004 614 1040 644 et
1071 609 1256 656 plurimos
1286 609 1372 645 illos
1399 608 1516 652 locos,
1548 619 1645 655 quos

225 677 300 713 iam
328 676 527 713 Bekkerus
560 683 782 719 notaverat,
831 678 959 714 omisit
989 684 1026 714 et
1056 678 1266 726 permultos
1297 678 1393 714 alios
1423 690 1547 725 neque
1579 689 1644 713 eas

225 747 382 783 lacunas
396 747 612 783 numeravit
641 748 734 783 satis
765 748 905 784 multas
937 749 1210 796 molestasque,
1243 760 1339 796 quas
1358 754 1424 784 aut
1454 747 1644 797 Grynaeus

226 816 374 853 notavit
403 822 563 862 tantum,
595 818 774 866 supplere
804 830 919 854 ausus
948 825 1099 854 nonest
1129 820 1186 865 (ut
1217 819 1345 854 statim
1378 819 1479 854 XLI
1509 830 1543 856 e.
1578 819 1645 862 21,

226 888 268 931 9,
307 899 335 923 c.
382 888 453 931 23,
486 889 554 931 3),
587 893 653 923 aut
683 888 732 924 ab
770 901 814 924 eo
850 901 926 924 non
958 889 1268 934 animadversas,
1302 889 1438 924 saltem
1467 900 1544 923 non
1575 900 1644 923 no-

225 963 325 993 tatas
369 957 601 1005 posteriores
639 956 863 1003 notarunt¹)
908 960 966 1005 (ut
996 959 1164 995 eiusdem
1196 959 1294 995 libro
1326 971 1358 996 c.
1395 960 1458 1003 22,
1493 961 1511 995 7
1547 957 1644 995 Cre-

318 1181 391 1211 Lib.
418 1179 528 1213 XLII,
557 1182 610 1217 57,
642 1184 654 1210 1
685 1191 788 1220 quum
816 1183 1032 1213 scribendum
1060 1189 1164 1214 esset:
1200 1184 1310 1213 uude
1346 1183 1504 1214 bellum
1532 1183 1645 1213 ordi-

318 1247 478 1278 rentur,
506 1242 638 1272 omissis
665 1252 776 1273 errore
804 1244 925 1274 litteris
953 1255 1016 1282 or,
1052 1254 1095 1275 ex
1124 1245 1320 1275 direntur
1347 1244 1503 1275 effectum
1536 1245 1646 1275 diri-

319 1307 537 1333 merentur
580 1304 627 1343 (in
665 1314 731 1344 quo
773 1305 850 1335 loco
888 1305 1187 1336 Weissenbornius
1226 1307 1387 1346 deceptus
1428 1305 1502 1346 est).
1571 1306 1645 1337 Lib.

319 1364 447 1401 XLIII,
478 1367 529 1400 14,
557 1368 575 1394 2
603 1364 760 1396 librarius
786 1366 921 1396 inanem
950 1367 1126 1397 sentcntiae
1154 1368 1299 1407 speciem
1327 1368 1361 1397 in
1390 1373 1549 1407 quattuor
1574 1378 1648 1398 ver-

319 1427 381 1457 bis.
407 1426 535 1464 reliqua
561 1427 715 1455 oratione
743 1427 909 1467 neglecta,
937 1438 1082 1468 sequeus
1108 1439 1170 1469 pro
1196 1434 1373 1469 propter
1398 1429 1646 1460 Macedoni-

320 1498 412 1519 cum
442 1486 604 1517 bellum
632 1497 732 1517 cura
769 1489 902 1530 scripsit
926 1496 1109 1530 propter
1136 1489 1421 1521 Macedonici
1445 1491 1554 1521 belli
1582 1501 1649 1521 cu-

322 1559 432 1587 ram;
459 1548 596 1586 XLIII,
645 1551 682 1584 7,
723 1553 740 1580 8
784 1552 868 1581 mira
899 1553 1153 1591 perturbatione
1180 1552 1222 1581 ad
1249 1552 1417 1592 posterius
1443 1550 1646 1581 vocabulum

319 1617 531 1652 przeverteus,
559 1611 616 1640 sed
642 1611 763 1650 prioris
788 1611 932 1642 sormam
960 1613 1217 1651 grammaticam
1248 1620 1385 1649 tenens,
1413 1622 1456 1642 ex
1490 1612 1560 1643 his:
1590 1613 1647 1642 in-

320 1671 537 1711 terrogati
564 1681 644 1702 nou
672 1671 988 1703 infitiarentur
1014 1672 1142 1704 effecit:
1171 1674 1366 1705 infitiati
1404 1684 1488 1704 nou
1515 1674 1648 1704 inter-

320 1738 598 1773 rogarentur-3
637 1733 737 1770 XLI,
783 1737 840 1771 IS,
886 1737 901 1765 7
932 1735 1014 1765 mire
1047 1736 1087 1765 ad
1112 1736 1317 1766 contrariam
1342 1736 1517 1766 notionem
1551 1735 1648 1765 aber-

319 1805 408 1832 rans,
436 1795 595 1825 adiuncto
635 1795 703 1825 alio
750 1805 881 1827 errore.
912 1807 972 1837 pro
1011 1797 1267 1838 priusquam
1310 1797 1648 1837 digrederentur

319 1856 452 1896 scripsit
494 1865 613 1895 quam
650 1859 1039 1895 congrederentur.
1110 1858 1259 1889 Casuum
1303 1858 1418 1889 formis
1449 1866 1582 1887 summa
1607 1855 1648 1885 li-

320 1917 431 1947 centia
455 1918 654 1958 permutatis
682 1918 760 1949 (etsi
793 1920 910 1949 codem
938 1921 1084 1960 pertinet
1111 1919 1241 1955 XLIII,
1277 1923 1328 1955 14,
1357 1919 1393 1957 2)
1419 1916 1513 1954 XLI,
1544 1919 1595 1954 19,
1625 1920 1644 1946 3

319 1989 378 2019 pro
404 1978 513 2009 haud
541 1989 692 2018 magno
719 1987 876 2010 conatu
905 1981 1065 2022 scriptum
1095 1985 1145 2010 est
1170 1979 1284 2010 haud
1315 1988 1490 2019 magnus
1520 1987 1648 2008 cona-

319 2045 386 2070 tus
413 2046 445 2069 et
470 2039 579 2077 LXII,
608 2044 697 2077 29,1
731 2040 770 2073 P.
798 2041 1013 2079 Licinius,
1035 2040 1072 2072 C.
1092 2040 1278 2071 Cassius
1305 2051 1365 2080 pro
1392 2041 1428 2071 P.
1459 2039 1646 2085 Licinig,

320 2100 358 2133 C.
384 2101 552 2138 Cassio,
579 2111 620 2132 ne
641 2102 901 2141 gurgitibus
930 2101 1039 2132 facit
1064 2112 1124 2143 pro
1165 2102 1361 2142 gurgites
1388 2100 1500 2130 facit
1518 2098 1646 2136 XLIV,

320 2162 362 2198 8,
407 2165 424 2192 6
451 2172 643 2200 numerem3
684 2159 842 2197 (XLIV.
884 2165 920 2197 9,
955 2164 970 2192 7
999 2173 1206 2203 procurre
1232 2174 1292 2204 pro
1318 2161 1645 2203 procurrebant

322 2223 497 2253 omittendi
526 2224 659 2264 culpam
688 2224 811 2261 habet3
841 2223 881 2253 de
908 2223 1072 2263 singulari
1099 2225 1245 2265 quoda-m
1272 2234 1382 2254 errore
1408 2222 1550 2264 passivae
1577 2221 1646 2252 for-

321 2293 383 2313 mae
420 2290 535 2315 notam
571 2296 615 2315 ur
654 2285 765 2316 verbis
791 2284 909 2314 activis
941 2285 1153 2316 adscribendi
1180 2285 1289 2315 dicam
1331 2285 1372 2315 ad
1386 2283 1496 2321 XLV,
1519 2286 1549 2320 5,
1572 2286 1645 2320 12).

322 2345 440 2384 Longe
480 2346 625 2385 plurima.
666 2345 788 2375 horum
826 2352 858 2375 et
897 2346 1021 2376 similia
1054 2347 1155 2376 tacite
1183 2346 1372 2376 emendavit
1398 2344 1560 2385 Grynaeus
1585 2353 1646 2374 nec

319 2412 398 2437 aute
426 2414 542 2438 nostra
565 2412 719 2447 tempora
746 2407 937 2442 sciebatur,
977 2407 1010 2436 in
1054 2407 1169 2438 codiee
1211 2408 1309 2438 aliter
1351 2412 1452 2447 atque
1486 2406 1520 2436 in
1547 2406 1646 2436 editis

318 2477 401 2498 esse.
452 2467 574 2498 Cetera
606 2477 740 2508 quoque
783 2468 977 2498 communia
1006 2477 1155 2498 errorum
1190 2477 1333 2507 genera,
1368 2468 1461 2498 velut
1485 2467 1646 2497 termina-

317 2529 446 2560 tiouum
473 2529 514 2559 ad
540 2529 694 2569 proxima
716 2530 1066 2560 accommodationem
1082 2553 1089 2566 ,
1118 2528 1220 2559 etiam
1249 2530 1282 2559 in
1309 2529 1373 2559 hoe
1410 2528 1525 2559 codice
1551 2537 1645 2568 repe-

319 2590 384 2627 riri,
413 2590 496 2620 nihil
525 2599 609 2630 opus
634 2596 685 2620 est
715 2590 953 2621 demonstrari.

250 2647 279 2690 ¹)
317 2651 414 2681 Alius
443 2652 574 2690 generis
601 2657 668 2689 est,
710 2652 800 2692 quod
837 2650 1010 2682 nonnullis
1036 2651 1120 2683 loeis
1141 2651 1288 2682 maxime
1314 2651 1347 2681 in
1372 2650 1458 2682 libro
1484 2651 1565 2682 XLI
1592 2652 1646 2691 (ut
