1811 2925
829 135 907 170 445
1269 130 1345 162 Lib.
1372 130 1578 163 XXXVIII.

168 260 262 296 Lov.
285 262 307 296 4
334 257 572 306 adiungitur)
605 253 928 304 auctoritatem1),
958 263 1035 292 tum
1069 254 1172 302 quod
1202 254 1445 299 minorem,
1478 254 1580 302 quod

167 329 346 378 vulgares
377 328 527 365 codices
557 328 711 373 habent,
753 324 843 365 ferri
883 327 1016 376 nequit
1049 333 1085 362 et
1126 339 1174 362 ex
1217 325 1281 362 illo
1317 333 1442 362 ortum
1473 326 1578 362 vide-

169 408 249 445 tui-3
307 399 410 448 quod
453 399 484 435 si
534 399 587 435 ita
631 406 705 438 est.
750 400 831 436 sine
876 398 992 435 dubio
1038 397 1140 447 apud
1174 396 1379 445 Polybium
1426 409 1581 445 quoque

169 472 348 509 Graecum
388 471 481 507 illud
525 482 663 506 nomen
702 471 868 519 positum
911 470 1000 506 olim
1050 469 1132 505 fuit.
1203 468 1448 516 Quamquam
1485 468 1583 504 inter

169 542 361 578 actuarias
404 554 522 579 naves
566 542 689 588 (tectis
729 549 766 578 et
801 541 966 590 plurium
1007 540 1183 576 ordinum
1221 540 1384 575 navibus
1415 540 1581 576 minores

169 612 432 661 levioresque,
474 605 820 664 τριακοντόρους
851 612 1088 660 similesque)
1130 617 1167 647 et
1196 623 1370 647 moneres
1403 611 1492 659 quid
1522 611 1582 647 in-

168 684 354 728 terfuerit,
387 684 539 721 difficile
570 692 625 720 est
656 684 875 733 excogitatu
897 696 967 720 nec
989 683 1079 719 scio.
1128 682 1205 720 Sed
1225 682 1328 730 quod
1351 683 1455 731 apud
1477 683 1582 719 Livi-

167 768 229 791 um
263 756 444 792 actuariae
474 768 592 791 naves
635 768 720 792 eum
761 755 887 791 locum
920 761 1060 796 tenent„
1099 766 1210 801 quem
1243 754 1345 801 apud
1375 753 1580 803 Polybium

168 826 229 871 (et
260 826 500 875 Appianum)
532 833 640 863 tectae
687 819 1047 877 (κατάφρακτοι),
1094 836 1339 872 nequaquam
1370 833 1472 861 recte
1502 825 1583 861 fieri

170 905 276 946 puto.
348 898 486 946 Itaque
529 904 565 933 et
608 898 710 946 apud
756 897 961 946 Polybium
1002 903 1038 932 et
1076 896 1177 945 apud
1211 895 1361 931 Livium
1397 896 1583 932 excidisse

168 969 352 1005 nonnulla
381 976 495 1018 puto„
535 969 796 1017 scriptumque
826 974 849 1004 a
882 967 992 1003 Livio
1043 967 1092 1002 ad
1122 967 1221 1002 hanc
1253 967 1418 1003 formam
1449 967 1584 1003 fuisse:

169 1053 256 1076 neu
287 1039 454 1088 plures
494 1051 629 1086 quam
673 1039 837 1075 decem
867 1051 1021 1075 naves
1059 1036 1233 1087 [tectas
1263 1050 1384 1073 neve
1417 1037 1583 1086 plures

170 1123 310 1158 quam
342 1132 357 1145 ξ
386 1107 555 1158 naves]
589 1110 860 1153 actuaria&
911 1122 1108 1157 quarum
1139 1108 1273 1144 nulla
1309 1108 1416 1157 plus
1448 1120 1584 1156 quam

169 1181 407 1229 tringinta
451 1181 591 1217 remis
632 1188 829 1229 agatur,
872 1180 1051 1216 habeto
1096 1193 1218 1216 neve
1255 1192 1498 1215 monerem
1530 1191 1585 1214 ex

170 1252 287 1289 belli
317 1263 482 1297 causa,
515 1252 639 1300 quod
670 1252 777 1300 ipse
806 1251 1038 1287 illaturus
1070 1259 1151 1288 est.
1224 1252 1270 1288 In
1313 1250 1371 1286 his
1404 1249 1584 1286 extremis

170 1323 337 1359 residere
371 1324 550 1359 mendum
580 1336 657 1359 non
691 1323 812 1359 solum
845 1335 893 1358 ex
916 1335 960 1358 eo
991 1323 1177 1371 suspicor,
1209 1322 1312 1370 quod
1342 1321 1454 1357 nimis
1486 1320 1585 1356 nude

170 1394 262 1430 illud
293 1406 535 1431 monerem
568 1395 659 1444 poni
701 1394 871 1437 videtur,
914 1394 980 1430 sed
1022 1394 1124 1442 quod
1166 1400 1310 1430 certum
1341 1400 1416 1428 est.
1448 1392 1585 1428 Latine

173 1480 249 1502 non
294 1466 367 1503 dici
414 1477 565 1501 naves
610 1466 788 1501 habere
834 1478 889 1501 ex
945 1466 1063 1502 belli
1110 1477 1278 1509 caus&
1327 1463 1394 1498 sed
1437 1469 1584 1498 tantum

174 1537 293 1574 belli
323 1549 483 1574 eausa.
543 1536 681 1584 Neque
713 1535 918 1584 quicquam
960 1536 1067 1573 iuvat
1100 1537 1133 1572 B
1167 1542 1204 1572 et
1232 1534 1449 1583 vulgarium
1481 1533 1584 1570 codi-

173 1621 257 1644 cum
289 1608 498 1657 scriptura:
527 1619 580 1643 ea
624 1606 742 1643 belli
783 1618 943 1643 causa.
1014 1607 1152 1653 Itaque
1183 1612 1249 1641 aut
1286 1617 1344 1641 ex
1374 1605 1584 1641 tollendum

174 1685 229 1715 est
261 1687 327 1715 aut
359 1691 407 1714 ex
437 1690 482 1714 eo
513 1677 658 1725 aliquid
689 1677 941 1718 efficiendum,
980 1677 1083 1726 quod
1113 1676 1234 1726 possit
1266 1675 1313 1712 ad
1345 1688 1583 1712 monerem

172 1749 339 1798 adiungi.
404 1748 528 1785 Paulo
558 1756 646 1797 post
678 1746 715 1798 (ξ
752 1747 819 1799 14)
849 1761 982 1785 verum
1015 1761 1097 1785 esse
1127 1747 1271 1795 nequit,
1309 1747 1411 1795 quod
1443 1747 1584 1782 editur:

172 1829 215 1856 et
245 1832 330 1868 pro
374 1820 639 1856 frumento.
690 1820 812 1867 quod
856 1819 1182 1857 aestimatione
1232 1817 1348 1862 fiat,
1391 1818 1584 1854 talenta

170 1890 427 1935 CXXVII3
474 1891 554 1927 haec
592 1891 690 1927 enim
732 1890 902 1927 relativae
943 1891 1128 1928 orationis
1169 1889 1296 1926 forma
1327 1889 1473 1936 (quod

171 1962 284 2005 fiat)
317 1969 460 1998 certam
490 1962 607 1998 habet.
636 1962 693 1998 rei
712 1962 1067 1999 circumscribendae
1089 1959 1405 2010 significationem
1439 1959 1583 2003 (dum-

169 2033 305 2069 modo
347 2033 392 2069 id
430 2033 752 2069 aestimatione
781 2032 910 2079 fiat),
953 2034 1001 2069 ab
1034 2034 1107 2069 hoc
1136 2032 1222 2068 loco
1253 2030 1432 2076 alienam,
1467 2043 1582 2079 quum

168 2103 393 2151 praesertim,
424 2103 675 2140 aestimatione
708 2104 786 2140 iam
818 2111 907 2140 ante
939 2103 1057 2145 facta,
1101 2108 1205 2139 certa
1234 2101 1404 2150 pecuniae
1434 2113 1583 2137 summa

169 2180 346 2222 ponatur.
419 2175 450 2210 B
481 2181 518 2210 et
548 2175 648 2212 Lov.
684 2177 704 2212 3
738 2188 809 2224 pro
839 2174 932 2211 fiat.
973 2175 1116 2211 habent
1146 2172 1228 2217 sit,
1259 2173 1375 2209 ceteri
1404 2173 1583 2209 Draken-

168 2244 366 2281 borchiani
406 2246 559 2293 (Voss.‚
590 2247 687 2283 Lov.
735 2248 767 2282 1.
812 2245 849 2289 2,
895 2247 929 2283 5,
972 2244 1101 2281 Mead.
1153 2245 1186 2287 1„
1217 2246 1251 2283 4,
1286 2242 1473 2289 Gaertn.)
1504 2242 1582 2288 fit,

193 2486 223 2528 ¹)
261 2491 415 2521 Graviter
436 2498 523 2522 errat
540 2491 758 2531 Kreyssigius
779 2491 886 2522 codici
905 2491 942 2521 M
969 2492 1174 2522 minorem
1202 2491 1362 2521 tribuens.
1412 2489 1453 2520 Id
1479 2500 1582 2531 quum

259 2553 309 2583 ed.
354 2552 558 2593 Moguntina
599 2562 642 2583 ex
679 2553 906 2593 superioribus
946 2553 1140 2584 retinuisset
1153 2576 1160 2589 ‚
1204 2551 1394 2583 Carbachio
1438 2557 1581 2587 tacente,

260 2613 422 2646 Gelenius
462 2615 636 2654 ”Antiqua
681 2615 782 2645 lectio
798 2639 805 2647 ,
845 2615 972 2655 inquit.
1010 2615 1112 2645 habet
1150 2624 1182 2645 m
1195 2614 1410 2650 onerem”‚
1452 2614 1484 2644 id
1523 2621 1585 2650 est,

260 2677 379 2709 codex.
