1811 2925
170 159 247 190 Lib.
272 157 386 191 XLV.
846 156 923 192 628

173 282 379 331 quicquam
408 277 596 316 eiusmodi
637 278 771 315 Livius
814 276 1056 326 significavit.
1132 276 1328 312 Praeterea
1373 279 1438 318 (ac
1474 276 1590 312 velim

172 353 297 389 minus
328 349 527 388 exercitati
558 349 607 385 ad
637 349 767 386 tenuia
799 350 903 394 haec,
945 348 1012 384 sed
1054 346 1267 383 certissima
1306 345 1403 399 falsi¹
1434 347 1592 396 verique

173 423 314 459 indicia
357 418 572 469 attendant)
617 420 864 457 vitiosissime
903 419 1058 456 dicitur:
1119 417 1296 465 quibus
1346 423 1592 464 uteretur,

174 495 327 531 donec
358 505 440 528 rex
468 491 797 540 pervenisset,
841 489 995 526 nomine
1034 489 1135 538 regis
1176 488 1214 524 in
1244 487 1369 536 prima
1406 490 1594 526 sententia

175 564 317 600 omisso
350 569 386 600 et
415 563 453 598 in
484 561 739 611 posteriorem
759 561 848 597 inde
879 561 1106 610 pendentem
1127 560 1280 598 reiecto,
1340 559 1447 595 Nihil
1476 559 1592 595 relin-

175 641 313 683 quetur
345 633 581 677 offensionis,
623 633 654 668 si
700 632 825 669 oratio
868 632 923 668 sic
964 632 1142 668 distincta
1183 631 1272 666 erit:
1416 630 1593 678 quibus

174 711 405 743 uteretur.
456 704 621 740 Donec
643 703 699 739 ad
726 703 930 740 classem
961 703 1085 738 dono
1118 701 1276 737 datam
1299 701 1339 736 ei
1367 701 1486 749 (ipsas
1507 701 1593 738 illas

174 776 310 825 viginti
339 775 475 822 naves)
503 788 589 811 rex
619 774 953 823 pervenisset,
985 773 1029 809 L.
1055 770 1310 808 Cornelius
1342 771 1507 820 Scipio
1537 785 1594 808 ne

175 848 232 884 ab
264 860 316 883 eo
349 846 628 883 discederet
660 851 729 883 eet..
771 844 901 893 Scipio
924 857 993 893 per
1006 842 1160 879 Italiam
1186 843 1444 878 Brundusium
1463 855 1592 891 regem

176 917 352 955 comitari
392 917 576 962 debebat7
624 916 689 953 ubi
734 929 804 952 rex
845 927 966 951 naves
1010 914 1112 950 dono
1158 913 1268 949 datas
1318 926 1595 950 conscensurus

175 996 269 1026 erat.
351 988 477 1026 Paulo
519 994 608 1037 post
654 990 671 1032 ξ
723 988 768 1023 19
820 985 1084 1023 scribendum:
1133 984 1386 1033 pileatum,
1432 985 1595 1033 capite

174 1072 310 1105 raso,
342 1059 533 1096 obviam
564 1059 635 1095 ire
667 1057 849 1107 legatis
893 1055 993 1103 (cod.
1025 1056 1218 1091 obviam
1247 1055 1440 1103 legatis)
1485 1055 1593 1091 soli-

177 1140 271 1168 tum
299 1131 627 1178 libertumque
650 1142 699 1166 se
722 1127 891 1178 populi
910 1126 1111 1164 Romani
1138 1125 1284 1170 ferre:
1320 1126 1427 1162 ideo
1449 1126 1594 1174 insig-

175 1202 254 1239 nia
286 1201 388 1250 (cod.
422 1200 574 1237 ferret
607 1200 737 1245 ideo,
770 1199 855 1235 edd.
885 1198 1015 1234 ferre
1046 1203 1089 1233 et
1118 1197 1241 1244 ideo)
1275 1196 1375 1232 eius
1407 1196 1594 1232 ordinis

177 1284 357 1320 gerere.
426 1271 552 1319 Ipsius
603 1272 752 1308 Prusiae
795 1271 833 1306 in
873 1270 932 1306 his
970 1267 1150 1305 extremis
1194 1267 1430 1315 significatur
1471 1265 1595 1301 oratio

178 1340 354 1390 (ferre).
435 1342 625 1390 (Ferret
664 1353 734 1392 pro
766 1338 915 1383 ferre„
966 1345 1006 1374 ut
1052 1342 1069 1383 ξ
1107 1341 1150 1375 11
1202 1338 1481 1386 ignosceret

176 1413 396 1457 deberet,
428 1415 446 1457 ἓ
483 1415 528 1450 12
563 1413 841 1462 acciperet,
873 1412 891 1453 ξ
928 1412 973 1445 15
1005 1409 1309 1451 immolaret.)

285 1484 455 1520 Tantum
488 1488 594 1527 erat,
643 1481 747 1530 quod
789 1487 877 1529 post
907 1480 1003 1517 alios
1037 1481 1136 1517 Livii
1178 1479 1284 1516 libris
1318 1478 1601 1515 emendationis

172 1553 419 1602 impertirem.
