1811 2925
876 155 898 190 8

181 281 403 329 cuiquam
436 291 472 314 v.
504 277 617 325 quid
647 288 807 312 eorum
835 273 1055 321 cuiquam
1096 271 1154 324 (in
1183 270 1460 311 recentioribus
1495 276 1608 312 codi-

181 353 288 389 cibus
317 350 438 387 multa
466 354 614 385 tentata
643 352 766 392 sunt);
818 358 848 382 c.
881 346 945 389 56,
978 345 998 379 5
1030 342 1157 379 ferre
1186 356 1262 390 ne,
1292 345 1383 383 Par.
1410 345 1600 384 ferrent

180 436 234 459 ne
273 421 433 470 (ferre,
464 420 544 467 ni);
591 431 623 455 c.
657 419 720 462 58,
752 418 773 452 2
815 427 983 451 verum
1025 413 1233 463 (virum);
1279 427 1310 451 c.
1344 418 1414 463 59,
1456 420 1468 453 1
1504 417 1597 455 iam

180 494 288 530 inde
319 492 424 539 (iam
454 489 632 538 iidem);
678 489 754 525 ibd.
787 489 808 524 3
840 487 1004 536 placet
1038 492 1084 522 et
1113 498 1215 522 cum
1243 486 1281 522 in
1313 488 1397 526 cod.
1429 489 1533 525 Med.
1565 497 1602 525 et

179 563 366 607 Rhenani‚
397 562 498 598 unde
527 562 565 597 in
595 560 771 609 reliquis:
805 558 968 607 placet
999 570 1099 593 cum
1126 563 1170 593 et
1200 555 1386 607 (placet
1416 563 1553 604 cum).

290 635 337 670 In
381 633 601 682 promiscua
640 633 714 668 hac
753 629 978 667 mendorum
1017 628 1214 676 farragine
1255 628 1385 666 insunt
1423 631 1601 680 exempla

181 711 370 742 certorum
412 704 653 752 quorundam
695 701 849 738 errandi
890 712 1074 749 generum
1116 700 1194 736 late
1244 706 1280 735 et-
1320 713 1390 749 per
1430 702 1600 739 omnium

183 777 412 825 scriptorum
443 775 671 812 Latinorum
695 773 845 811 codices
878 781 915 808 et
935 785 1004 820 per
1026 771 1127 807 Livii
1147 771 1266 807 libros
1286 780 1601 820 pervagatorum7

181 861 229 885 ex
261 848 398 896 quibus
429 859 505 883 non
534 846 588 882 ita
618 857 743 894 pauca
773 844 888 881 etiam
918 855 1018 879 nunc
1057 843 1197 878 menda
1227 844 1265 878 in
1296 842 1396 879 Livii
1427 844 1603 880 oratione

180 921 342 964 haerent,
373 917 557 954 nonnulla
589 929 733 965 nuper5
765 928 881 964 quum
916 915 1007 951 olim
1039 913 1200 962 expulsa
1229 920 1373 960 essent,
1404 922 1602 952 revocata.

181 992 242 1027 Ac
282 990 427 1038 primus
473 1002 580 1026 error
618 988 779 1037 pusillus
821 993 878 1023 est
907 986 1087 1034 valetque
1117 985 1341 1033 plerumque
1371 992 1519 1023 tantum
1552 987 1601 1023 ad

180 1060 471 1109 grammaticam
504 1059 689 1097 orationis
720 1059 888 1096 formam
919 1056 1239 1105 corrumpendam
1283 1057 1370 1104 (etsi
1407 1058 1598 1094 interdum

182 1132 295 1167 latins
325 1139 565 1180 propagatur
593 1127 864 1180 perturbatio),
898 1129 1045 1178 positus
1075 1128 1114 1163 in
1143 1128 1269 1164 littera
1298 1141 1332 1167 m
1363 1127 1400 1162 in
1430 1128 1504 1164 fine
1531 1140 1602 1163 vo-

183 1215 267 1238 cum
298 1203 476 1239 addenda
505 1203 808 1246 detrahendave2
852 1200 891 1236 in
923 1212 998 1248 quo
1031 1212 1170 1248 magna
1204 1206 1260 1235 est
1290 1198 1404 1235 etiam
1434 1199 1472 1235 in
1503 1199 1602 1235 anti-

184 1273 374 1321 quissimis
409 1275 626 1320 codicibus,
658 1273 826 1311 maxime
855 1272 894 1308 in
924 1272 997 1307 fine
1026 1282 1218 1314 versuum,v
1249 1269 1397 1318 fuitque
1427 1270 1465 1306 in
1496 1270 1602 1306 codi-

184 1357 268 1380 cum
302 1345 551 1382 Livianorum
586 1347 795 1395 archetypo
826 1343 992 1380 licentia.
1070 1342 1169 1378 Eam
1199 1341 1403 1386 licentiam,
1435 1353 1457 1376 a
1489 1352 1603 1389 supe-

183 1415 346 1452 rioribus
390 1416 599 1454 editoribus
641 1430 717 1453 non
768 1416 910 1463 ubique
959 1413 1207 1462 castigatam,
1273 1425 1394 1461 nuper
1445 1412 1602 1460 quidam

184 1487 310 1523 nescio
352 1501 428 1536 qua
466 1489 735 1537 superstitione
776 1495 812 1524 et
850 1486 1113 1535 ignoratione,
1159 1483 1247 1531 quid
1279 1483 1316 1519 in
1359 1484 1431 1519 hoc
1461 1496 1601 1531 genere

183 1559 364 1595 momenti
394 1560 544 1596 codices
575 1559 765 1603 facerent,
809 1571 911 1607 swpe
941 1557 1129 1594 serviliter
1159 1554 1274 1590 secuti
1308 1562 1413 1590 sunt.
1445 1554 1603 1601 excogi-

183 1630 272 1665 tatis
311 1631 422 1666 etiam
466 1631 570 1667 miris
610 1631 814 1667 enarrandi
860 1637 894 1666 ct
931 1626 1141 1666 excusandi
1182 1625 1369 1662 artificiis:
1412 1625 1600 1661 interdum

184 1701 376 1749 pravitate
418 1702 587 1738 deterriti
622 1703 749 1739 subito
792 1716 815 1738 a
858 1699 1073 1737 constantia
1115 1698 1302 1733 deficiunt.
1397 1696 1523 1743 Quam
1564 1695 1602 1732 in

186 1772 408 1819 quotidiano
426 1774 688 1810 Romanorum
721 1786 896 1811 sermone
930 1772 1059 1819 aliquo
1091 1776 1260 1817 tempore
1290 1768 1328 1804 in
1358 1780 1435 1803 una
1462 1767 1602 1803 altera-

187 1854 259 1889 que
312 1842 504 1880 locutionc
555 1858 602 1881 ex
653 1843 925 1894 pronuntiandi
973 1840 1203 1889 negligentia
1247 1839 1362 1875 etiam
1412 1837 1603 1874 scribendi

186 1912 372 1950 interdum
414 1915 606 1952 licentiam
650 1916 764 1952 fuisse
803 1914 918 1952 Gellii
962 1914 1016 1962 (Ι.
1051 1914 1090 1959 7)
1141 1911 1377 1958 aliorumque
1407 1921 1603 1958 gramma-

186 1983 347 2021 ticorum
385 1987 642 2023 testimoninm
688 1986 1055 2035 inscriptionumque
1095 1983 1302 2019 auctoritas
1341 1979 1525 2017 ostendit.
1562 1986 1602 2014 ut

188 2055 231 2090 in
261 2063 560 2104 potestatem
592 2071 697 2095 esse
728 2058 872 2107 proin
904 2060 1154 2105 potestate
1198 2062 1234 2089 ct
1264 2053 1403 2089 similia
1434 2051 1503 2087 sub
1536 2062 1603 2086 ca-

187 2125 328 2162 lamum
363 2128 558 2174 venirent,v
603 2143 687 2165 eam
728 2128 894 2165 breviter
932 2127 969 2162 in
1010 2125 1261 2173 grammatica
1295 2123 1433 2160 Latina
1472 2125 1489 2166 ς’
1522 2123 1603 2157 230

188 2203 264 2233 not.
298 2198 319 2233 2
351 2200 651 2236 commemoravi
683 2199 966 2246 adrnonuiquc2
1000 2209 1075 2245 quo
1099 2202 1333 2244 *argumento
1362 2193 1605 2230 conciderent

188 2268 318 2303 onmia
343 2268 408 2304 illa
439 2269 624 2307 artificia.
671 2271 808 2318 quibus
846 2276 881 2305 et
927 2269 964 2305 iu
1004 2269 1061 2305 his
1102 2267 1284 2315 exemplis
1315 2263 1605 2313 significationis

189 2337 408 2374 discrimina
438 2341 757 2377 constituerentur
794 2347 829 2376 ct
866 2340 914 2376 ad
953 2340 1028 2376 alia
1059 2352 1104 2375 ea
1135 2337 1443 2374 transferrentur.
1500 2334 1604 2370 Nam

190 2409 234 2444 in
264 2409 423 2445 urbem
462 2417 497 2445 et
537 2411 579 2447 in
610 2413 729 2448 urbe
759 2418 977 2460 permutata
1013 2417 1122 2446 acute
1152 2408 1329 2457 quidam.
1374 2413 1413 2442 ut
1444 2405 1515 2442 sibi
1546 2404 1606 2440 vi-

189 2479 343 2525 dentur,
376 2480 600 2527 expediunt,
632 2482 760 2519 Gellio
791 2482 944 2518 homine
975 2480 1128 2516 minime
1158 2486 1269 2515 acuto
1300 2484 1518 2526 praeeume,
1560 2474 1605 2510 in

189 2549 330 2585 urbes
375 2557 409 2585 et
448 2549 497 2586 in
528 2553 725 2589 urbibus
755 2559 973 2601 permutata
1003 2564 1079 2587 non
1110 2549 1333 2587 ostendunt,
1379 2560 1425 2583 ne
1456 2547 1499 2582 in
1530 2558 1606 2593 op-

188 2619 350 2668 pidum
383 2621 535 2668 quidem
567 2630 601 2657 ct
632 2622 676 2657 in
709 2624 885 2672 oppido
916 2623 988 2659 nisi
1018 2634 1119 2658 raro.
1185 2621 1298 2656 Hanc
1328 2617 1443 2666 igitur
1473 2616 1607 2665 pravi-

187 2696 304 2726 tatem
335 2691 415 2727 sive
459 2692 497 2727 in
540 2692 718 2729 addenda
754 2693 834 2729 sive
872 2693 909 2728 in
940 2691 1174 2728 detrahenda
1206 2696 1297 2725 nota
1329 2692 1429 2735 (quae
1459 2686 1497 2722 in
1530 2686 1607 2730 Ill,
