1811 2925
822 138 896 171 577
1343 133 1418 164 Lib.
1446 133 1574 165 XLIV.

152 258 323 308 figenda.
383 258 556 295 Primum
589 260 668 302 §6‚
704 257 766 293 ubi
797 257 844 293 de
878 256 1012 293 Persei
1034 262 1173 292 conatu
1202 255 1341 292 Gallos
1373 256 1422 292 ad
1453 256 1573 293 socie-

151 336 269 366 tatem
301 327 492 365 alliciendi
523 328 662 376 aghur,
690 328 830 364 editur:
862 327 966 375 ipse
998 326 1198 374 (Perseus)
1231 339 1380 375 equos
1411 328 1573 376 phale-

151 412 327 448 rasque
385 405 429 435 et
481 398 672 447 sagula„
727 398 901 434 donum
957 396 1289 446 principibus,
1346 397 1480 435 ferre
1531 406 1574 436 et

149 482 318 519 parum
351 470 479 514 auri,
512 469 636 517 quod
666 468 794 506 inter
824 480 1004 518 paucos
1036 467 1298 511 divideret,
1330 475 1415 513 cet,
1437 470 1573 506 vitiose

150 553 313 589 parum
351 552 420 589 pro
453 552 521 585 eo,
568 539 671 587 quod
703 547 760 576 est
791 539 1010 588 paulum2
1061 538 1201 587 posito.
1279 539 1324 575 In
1355 539 1487 576 codice
1517 548 1573 576 est

149 623 347 660 parvom
386 611 490 647 auri
533 610 636 659 (ipsa
680 610 840 658 antiqua
870 609 1083 658 scriptura,
1123 622 1237 658 quam
1270 615 1306 645 et
1336 610 1428 646 alibi
1457 610 1572 647 inter-

149 681 239 718 dum
270 681 308 718 in
341 694 546 730 aequom,
577 693 746 729 equom
780 680 864 717 aliis
885 680 1066 717 librarius
1087 681 1288 729 servavit),
1311 681 1415 729 quod
1437 694 1572 730 quam-

149 751 208 788 vis
238 765 368 788 rarum
404 752 452 788 sit
495 750 568 802 (——
599 751 822 788 inusitatum
855 764 959 796 esse,
1005 751 1220 800 significavi
1261 751 1438 790 Gramm.
1483 753 1570 789 Lat.

150 828 167 868 ς’
201 823 277 860 285
311 824 334 860 b
365 823 403 859 in
434 822 607 870 margine
651 823 706 869 —)
749 829 878 858 tamen
909 822 1038 871 sperni
1067 835 1144 859 non
1175 822 1299 867 debet,
1341 836 1418 859 non
1448 823 1572 872 magis

150 906 266 942 quam
299 893 460 930 alterum
492 893 597 938 illud,
636 894 739 942 apud
763 892 989 930 Ciceronem
1013 899 1049 929 et
1071 893 1309 941 antiquiores
1339 906 1416 930 non
1447 894 1571 930 minus

148 964 382 1009 inusitatum,
419 964 522 1013 apud
554 964 707 1000 Livium
739 971 797 1000 ter
827 963 995 1008 omnino,
1026 963 1099 1000 nisi
1129 963 1255 1009 fallor,
1285 965 1467 1013 positum,
1498 978 1571 1001 ex-

148 1034 306 1083 iguum
354 1047 438 1071 cum
485 1034 656 1083 genitivo
703 1034 947 1083 (exiguum
993 1034 1145 1082 spatii
1190 1035 1340 1078 XXII,
1389 1036 1455 1082 24,
1503 1049 1570 1072 ex.

147 1104 299 1153 campi
330 1105 512 1150 XXVII,
545 1106 620 1151 27,
651 1118 717 1142 ex.
753 1104 988 1154 temporis
1020 1105 1109 1148 XL,
1143 1107 1229 1152 28),
1274 1106 1410 1142 deinde
1442 1114 1569 1143 autem

147 1175 250 1224 apud
298 1175 500 1221 Ovidium,
541 1176 710 1212 Plinium
754 1183 979 1223 utrumque,
1031 1176 1140 1212 alios.
1217 1177 1323 1213 Nam
1373 1190 1569 1226 parvum

147 1245 413 1294 sanguinis
446 1247 627 1283 Lucanus
659 1247 755 1283 dixit
784 1247 838 1291 ΙΙ,
876 1247 970 1291 128;
1014 1247 1227 1294 eodemque
1258 1247 1434 1296 pertinet,
1467 1248 1571 1296 quod

146 1329 217 1365 pro
252 1329 310 1362 eo,
341 1317 444 1364 quod
486 1318 589 1367 apud
619 1316 846 1355 Ciceronem
892 1324 928 1353 et
969 1317 1206 1366 antiquiores
1247 1316 1385 1353 dicitur
1417 1317 1570 1366 paulo

146 1388 314 1436 plures
353 1388 551 1434 (maior,
597 1388 712 1433 cet),
745 1388 878 1424 Livius
920 1388 1035 1424 etiam
1070 1400 1224 1436 parvo
1263 1388 1430 1436 plures
1475 1389 1571 1424 dixit

149 1459 222 1505 (X,
242 1458 326 1507 45),
356 1459 551 1506 quomodo
583 1459 750 1496 Plinium
774 1458 962 1495 Maiorem
997 1465 1032 1495 et
1062 1458 1231 1495 Gellium
1265 1459 1414 1495 locutos
1444 1459 1570 1495 lexic-a

148 1529 431 1573 demonstrant3
481 1529 644 1576 (Plinius
677 1530 791 1565 etiam
824 1529 1002 1577 exiguo
1033 1536 1143 1577 post
1173 1530 1319 1576 habet).
1391 1530 1473 1566 Nec
1516 1530 1570 1566 ita

148 1600 314 1637 difficilis
345 1611 427 1637 erat
459 1600 508 1636 ad
543 1601 624 1636 haee
654 1600 838 1637 transitus
863 1601 911 1637 ab
942 1600 1001 1645 iis,
1041 1613 1126 1648 quae
1161 1601 1265 1649 apud
1297 1613 1429 1636 omnes
1460 1614 1569 1650 repe-

147 1672 306 1716 riuntur,
336 1683 487 1720 parvo
520 1678 801 1716 contentus,
835 1683 1041 1707 summas
1073 1670 1365 1720 voluptates
1403 1684 1569 1708 conse-

148 1742 228 1790 qui
258 1754 376 1790 parv
389 1754 424 1785 ο,
455 1741 655 1780 similibus.
715 1742 937 1790 Sequuntur
973 1744 1008 1789 (ξ
1039 1741 1077 1787 9)
1116 1742 1197 1778 haec
1229 1741 1277 1778 de
1305 1742 1441 1779 iisdem
1473 1742 1570 1779 Gal-

146 1812 211 1849 lis:
265 1813 378 1849 Haec
423 1812 651 1848 mandata
695 1813 751 1848 ad
794 1824 874 1849 eos
919 1826 1062 1861 quum
1106 1812 1399 1862 pertulisset
1434 1814 1569 1850 Anti-

146 1895 303 1932 gonus
357 1883 743 1931 adiecissetque,
805 1896 892 1931 per
943 1884 1070 1920 viam
1130 1868 1312 1931 quanta
1365 1885 1568 1921 omnium

146 1960 428 2002 praeparata
458 1965 579 1990 cura
607 1954 744 2003 regis
775 1954 925 2003 eopia
956 1954 1264 1990 multitudini
1299 1954 1440 2000 soret7
1473 1955 1570 2003 qui—

145 2023 328 2071 busque
377 2024 660 2061 muneribus
709 2025 963 2075 principes
1021 2025 1339 2061 advenientes
1395 2026 1570 2071 vestis,

147 2094 339 2142 argenti
382 2106 712 2143 equorumque
761 2103 1060 2144 excepturus
1102 2108 1184 2131 rex
1216 2104 1367 2142 esset,
1410 2097 1466 2134 de
1495 2097 1570 2134 his

148 2163 337 2212 quidem
371 2176 419 2200 se
451 2177 615 2201 coram
647 2165 935 2214 cognituros
972 2166 1291 2215 respondent,
1329 2167 1455 2204 illud
1498 2198 1533 2207 ..

148 2234 481 2283 interrogant,
530 2242 599 2271 cet.
677 2237 841 2273 Poterat
890 2236 1147 2286 suspicionem
1196 2249 1353 2274 movere
1399 2246 1436 2274 et
1475 2239 1570 2275 ordo

147 2305 353 2342 verborum
401 2310 503 2354 (per
531 2305 660 2342 viam
705 2306 786 2344 sine
832 2320 950 2345 causa
993 2307 1212 2357 pronomini
1257 2309 1486 2358 praeposito)
1534 2319 1570 2346 et

147 2375 479 2412 multitudinis
522 2388 662 2412 nomen
691 2377 892 2414 abundans
924 2390 995 2414 nec
1023 2385 1180 2427 aptum,
1226 2380 1407 2427 quoniam
1455 2380 1569 2416 etiam

147 2445 384 2494 principibus
419 2458 466 2482 ea
497 2446 606 2494 copia
638 2456 777 2496 parata
808 2456 908 2494 erat;
939 2449 1007 2485 sed
1037 2455 1166 2485 tamen
1200 2449 1282 2486 haec
1316 2463 1454 2499 parum
1481 2463 1570 2499 gra—

147 2515 212 2552 via
241 2514 404 2552 forsitan
442 2515 682 2563 viderentur,
729 2518 803 2555 nisi
845 2519 957 2556 aliter
1000 2519 1155 2556 Livium
1202 2519 1402 2568 scripsisse
1448 2521 1571 2558 codex

148 2586 348 2635 perspicue
381 2586 611 2633 ostenderet,
644 2587 708 2636 qui
737 2588 819 2625 haec
861 2590 996 2626 habet:
1049 2590 1437 2639 adiecissetque,
1488 2603 1572 2639 per

150 2668 284 2703 quem
316 2663 549 2705 quantam
584 2658 794 2695 omnium
824 2666 1153 2708 praeparatam
1195 2672 1310 2697 cura
1340 2661 1470 2708 regis
1502 2673 1571 2697 co-

222 2734 364 2759 {unwan
382 2736 590 2761 Eunomknv.
1258 2747 1299 2775 37
