1811 2925
870 143 945 179 327
1351 139 1425 170 Lib.
1444 140 1597 171 XXVII.

206 270 307 305 disse
338 268 521 311 verbum,
570 267 629 304 eui
679 266 899 302 adiunctum
930 263 1046 300 fuerit
1081 264 1174 300 illud
1206 264 1262 300 ab
1312 263 1481 311 signis;
1530 275 1620 299 nam

205 339 309 387 quod
338 338 377 373 in
409 337 637 374 editionibus
668 344 755 372 ante
787 334 1156 377 W'eissenbornium,
1191 334 1312 370 altero
1339 344 1424 369 nec
1454 333 1620 377 sublato,

205 409 444 445 scribebatur
489 420 575 444 nee
616 407 671 443 ab
712 406 864 454 signis
916 404 1157 441 absistere
1206 402 1297 452 (pro
1335 402 1620 449 subsistere)

204 480 359 516 cibum
391 479 663 527 capientes,
712 483 747 513 et
778 475 962 512 audacem
1004 475 1254 510 mutationem
1295 480 1331 509 et
1364 485 1474 509 usum
1505 473 1623 509 habet

204 549 337 588 verbi,
379 550 481 597 quod
516 555 573 585 est
607 547 867 586 absistere,
914 544 1120 581 admodum
1154 550 1385 592 suspectum.
1444 543 1491 579 Id
1521 543 1621 579 enim

205 620 308 669 apud
325 620 448 655 bonos
464 632 588 667 prosae
606 617 788 654 orationis
805 615 1011 664 scriptores
1038 615 1084 650 (le
1107 615 1325 650 desistendo
1350 625 1394 649 ac
1411 613 1620 649 desinendo

204 689 372 738 ponitur,
403 689 449 724 de
481 697 585 725 motu
617 701 661 724 ac
691 687 921 724 discessione
953 699 1027 721 non
1072 685 1209 721 dicitur
1254 684 1327 721 nisi
1356 684 1393 719 in
1425 696 1500 719 uno
1535 682 1621 719 (2¹ae-

205 760 303 796 saris
348 759 433 795 loco
479 771 664 807 perquam
711 752 894 802 dubi0.¹)
972 756 1049 792 s'ed
1091 755 1206 791 aliam
1254 761 1442 803 praetcrea
1486 766 1621 790 vocem

204 843 335 866 errore
365 830 511 866 librarii
544 826 726 865 omissam
758 827 950 875 suspicol·;
994 839 1082 861 nam
1129 825 1233 873 quod
1264 832 1454 872 negantur
1483 824 1621 860 milites

205 901 358 937 cibum
391 899 639 948 capientes
669 897 893 933 substitisse.
937 896 1114 944 primum,
1154 895 1184 930 si
1217 907 1263 930 ea
1292 901 1392 930 esset
1421 894 1620 936 sententia,

207 971 338 1006 Livius
387 969 602 1017 scripsisset
650 980 702 1003 ne
738 967 894 1003 cibum
941 965 1134 1013 quidem
1183 965 1435 1013 capientes
1481 964 1619 1014 (quum

206 1040 373 1076 maxime
418 1039 520 1076 credi
565 1037 711 1086 posset)
762 1036 1067 1079 substitisse3
1112 1035 1249 1071 deinde
1293 1035 1411 1071 nimia
1454 1036 1534 1070 haec
1564 1042 1622 1070 est

203 1111 398 1146 festinatio
438 1119 643 1154 rerumque
680 1113 825 1142 naturae
866 1118 1108 1155 repugnans,
1154 1105 1304 1141 etiamsi
1349 1104 1485 1140 milites
1530 1105 1620 1140 solis

203 1179 320 1215 aridis
351 1179 444 1215 cibis
474 1178 615 1214 famem
649 1176 823 1224 explesse
853 1184 1044 1225 putemus„
1082 1182 1124 1212 ut
1152 1183 1255 1212 totos
1287 1175 1367 1211 dies
1398 1188 1475 1211 non
1505 1175 1619 1210 inter-

204 1250 319 1285 misso
349 1249 483 1284 itinere
522 1248 644 1284 ierint.
711 1247 976 1284 Romanorum
1017 1246 1170 1294 quidem
1209 1245 1294 1294 puls
1337 1258 1460 1293 neque
1490 1245 1621 1293 parari

202 1332 325 1367 neque
361 1319 420 1355 edi
450 1319 522 1354 nisi
551 1318 685 1354 itinere
706 1317 917 1365 interrupto
939 1322 1102 1365 poterat.
1169 1316 1310 1364 Itaque
1340 1315 1433 1351 mihi
1463 1315 1619 1351 dubium

202 1402 278 1426 non
309 1390 472 1433 videtum
514 1388 604 1436 quin
638 1387 769 1423 Livius
800 1386 1012 1434 scripserit:
1052 1385 1175 1421 nihil
1220 1385 1400 1421 morari
1443 1397 1526 1422 nec
1564 1386 1619 1421 ab

201 1459 356 1507 signis
389 1456 681 1506 [discedere]
715 1470 796 1493 nee
828 1457 1102 1493 subsistere
1136 1454 1267 1504 [nisi]
1313 1455 1464 1491 cibum
1497 1455 1619 1503 capi-

202 1535 352 1567 entes,

313 1597 409 1647 Cap.
443 1602 506 1638 47,
544 1602 600 1635 10.
668 1600 794 1644 Quum
828 1597 1053 1633 Hasdrubal
1090 1596 1214 1645 prima
1247 1595 1378 1643 vigilia
1411 1595 1620 1631 exercituin

202 1669 338 1704 castris
383 1669 577 1704 eduxisset
621 1668 787 1704 Metauri
831 1667 997 1703 fluminis
1042 1667 1267 1703 transeundi
1313 1678 1442 1710 causa,
1489 1666 1619 1701 Livius

202 1750 341 1786 agmen
372 1751 395 1774 a
434 1739 593 1775 ducibus
640 1738 830 1774 desertum
876 1737 1023 1785 palariq
1066 1737 1204 1772 milites
1245 1737 1356 1784 signa
1406 1736 1621 1784 relinquere

202 1808 374 1855 coepisse
405 1816 550 1845 narrat.
613 1808 913 1849 Hasdrubal,
946 1808 1050 1843 dum
1080 1807 1160 1843 lux
1192 1807 1284 1843 iani
1316 1806 1620 1842 ostendentis

202 1878 275 1931 (sic
306 1879 382 1915 PM
415 1878 543 1923 Cant,
575 1880 673 1916 Lov.
716 1883 752 1924 l,
797 1878 943 1916 Hearn.
983 1881 1014 1918 1,
1061 1877 1305 1914 Gronoviani
1341 1877 1434 1923 tres)
1483 1876 1621 1924 signa

201 1948 328 1985 ferre
359 1949 506 1986 iubet:
543 1957 586 1985 et
615 1963 698 1998 per
743 1948 957 1985 tortuosi
1001 1947 1159 1984 amnis
1200 1947 1331 1983 sinus
1363 1947 1620 1994 flexusque

199 2030 301 2054 cum
346 2032 557 2055 errorem
601 2020 804 2055 volvens
853 2018 977 2054 haud
1034 2017 1227 2053 multum
1274 2016 1619 2066 processisset,

201 2089 281 2125 ubi
310 2089 463 2137 prima
493 2089 574 2126 lux
621 2089 880 2126 transitum
927 2095 1257 2137 opportunum
1303 2087 1619 2129 ostendisset,

200 2159 510 2197 transiturus,
572 2159 666 2196 sed
706 2171 804 2195 eum
846 2165 916 2195 cet.
995 2159 1112 2202 Haec,
1164 2170 1248 2205 quae
1293 2163 1329 2192 et
1371 2163 1552 2205 corrupta
1583 2162 1620 2191 et

223 2275 256 2320 ¹)
286 2280 337 2310 De
364 2278 454 2310 Gall.
482 2280 524 2317 V,
562 2283 618 2310 17:
653 2281 848 2320 Repente
881 2280 1072 2319 (Britanni)
1105 2288 1154 2309 ex
1180 2279 1384 2310 omnibus
1416 2278 1619 2319 partibus

293 2341 344 2371 ad
371 2341 657 2381 pabulatores
683 2342 1050 2377 convolaverunt,
1086 2341 1151 2371 sic
1178 2341 1239 2371 uti
1265 2340 1313 2371 ab
1341 2341 1484 2379 signis
1510 2339 1616 2378 legi-

294 2402 537 2442 onibusque
574 2412 654 2433 non
687 2402 973 2434 absisterent.
1054 2400 1132 2433 Non
1173 2407 1286 2442 potest
1323 2402 1364 2432 <le
1414 2401 1618 2432 discedendo

293 2463 458 2503 intelligi3
485 2473 594 2503 neque
621 2465 709 2494 enim
737 2465 779 2494 ad
814 2465 913 2503 signa
938 2463 1159 2503 legionesque
1187 2460 1328 2493 fuerant.
1379 2462 1525 2493 Videtur
1550 2462 1619 2502 sig-

293 2524 434 2560 nificari,
478 2534 517 2554 ne
554 2525 597 2555 ab
636 2525 740 2564 signis
776 2525 910 2566 quidem
953 2531 987 2555 et
1024 2523 1217 2563 legionibus
1257 2524 1375 2554 Gallos
1401 2524 1617 2555 abstinuisse.

295 2586 404 2616 Debet
436 2585 557 2616 saltem
598 2586 697 2616 verti:
735 2585 807 2616 sich
840 2586 931 2616 nicht
971 2586 1043 2616 fern
1076 2586 1214 2616 hielten.
1272 2585 1394 2616 Fuitne
1428 2585 1618 2615 abstine-

295 2646 412 2676 rent?
