1811 2925
781 157 852 192 271
1263 155 1337 186 Lib.
1355 155 1487 187 XXIV.

626 275 729 322 Lib.
772 275 962 322 Xxlv.
987 276 1023 337 Ι)

222 401 317 450 Cap.
352 403 388 445 2,
421 402 442 437 9
474 400 559 448 (ubi
581 400 751 449 perfuga
783 401 943 437 Bruttiis
967 400 1136 448 exponit,
1169 413 1284 447 quani
1308 408 1526 449 opportuna

110 474 203 509 urbs
223 472 341 509 Croto
380 471 525 506 occulte
557 471 867 519 aggredientibus
887 470 976 520 sit):
1009 476 1053 506 et
1082 471 1125 506 in
1159 478 1302 506 vasta
1332 471 1528 519 lateque

113 543 333 580 omnibus
367 542 590 578 disiectis
614 542 860 578 moenibus
881 553 1017 577 raras
1047 541 1288 579 stationes
1319 543 1527 578 custodi-

114 626 267 661 asque
295 620 570 649 senatorum
594 624 717 654 esse;
750 624 1035 660 quacunque
1058 612 1343 648 custodiant
1372 612 1527 660 plebis

111 684 346 727 homines,
397 696 449 719 eu
495 688 662 730 patere
709 683 903 719 aditum.
992 683 1146 719 Raras
1200 683 1383 718 stationes
1428 690 1528 719 recte

112 753 337 791 Gronovius
369 766 388 789 e
420 753 560 789 codicis
592 754 624 789 P
656 754 846 802 scriptura
885 754 1103 802 (paraset
1140 753 1401 794 stationes)
1437 752 1528 789 effe-

114 825 210 860 cisse
237 825 399 860 videtur.
464 823 539 859 Sed
569 832 756 872 praeterea
794 837 862 860 oin
877 824 1016 859 nibus
1053 836 1129 859 non
1171 824 1294 859 solum
1326 824 1526 869 redundat,

116 895 182 930 sed
213 895 390 931 vitiosam
422 895 647 930 sententiani
669 894 804 938 efficit,
835 907 959 942 neque
990 894 1090 929 enini
1120 894 1158 929 in
1188 894 1260 929 hac
1291 907 1331 929 re
1364 894 1438 930 ulla
1468 901 1528 931 to-

116 967 188 1001 tius
245 967 486 1014 partiumque
543 966 736 1013 separatio
791 972 866 1009 est,
930 964 1039 1011 quasi
1092 963 1205 999 etiam
1259 977 1348 1012 pars
1399 965 1528 1012 aliqua

114 1037 190 1073 late
221 1036 377 1072 disiecta
409 1048 490 1071 esse
519 1035 696 1084 potuerit.
762 1036 907 1071 Verum
942 1035 980 1070 in
1011 1047 1056 1070 eo
1087 1035 1278 1070 vocabulo
1310 1035 1413 1080 nihil,
1446 1036 1528 1084 opi-

115 1120 197 1145 nor,
228 1107 331 1142 aliud
365 1107 494 1142 subest
526 1106 597 1141 nisi
638 1106 724 1154 ipsa
761 1118 840 1142 vox
882 1105 1136 1142 moenibus
1174 1118 1243 1141 suo
1282 1105 1367 1142 loco
1410 1120 1529 1155 prave

117 1176 271 1225 scripta,
313 1175 447 1212 deinde
479 1183 580 1212 recte
610 1176 757 1224 posita,
796 1176 1119 1223 quemadmodum
1154 1176 1328 1222 XXIII,
1368 1178 1431 1220 26,
1481 1180 1526 1213 10

117 1260 231 1295 quum
250 1260 298 1283 ex
327 1246 519 1282 obiecto
554 1253 704 1282 tutum
736 1246 881 1282 factum
903 1254 1002 1283 esset
1033 1247 1226 1282 obiecto
1257 1254 1362 1290 tum,
1394 1248 1529 1284 deinde

115 1324 268 1354 tutum
309 1317 453 1353 etiam
490 1316 694 1353 flumine
739 1317 934 1353 obiecto
980 1323 1072 1352 tum
1120 1316 1302 1365 scriptum
1353 1318 1529 1355 vidimus.

116 1387 169 1423 In
226 1394 366 1423 vasta
416 1388 530 1423 urbe
586 1387 785 1436 lateque
834 1388 1083 1424 moenibus
1127 1387 1348 1425 disiectis
1396 1389 1530 1425 Livius

117 1457 267 1506 scripsit
297 1470 341 1494 eo
374 1459 518 1504 ordine,
550 1472 625 1507 quo
658 1459 731 1501 IV,
765 1460 829 1503 30,
865 1460 906 1495 8:
944 1458 1028 1494 siti
1057 1471 1288 1506 pecorum
1323 1459 1530 1495 morien-

116 1528 231 1564 tium
272 1535 307 1563 et
344 1529 417 1570 VI,
464 1530 528 1569 23,
570 1533 613 1565 4:
655 1542 739 1577 per
780 1541 827 1564 se
867 1529 959 1565 iam
998 1529 1181 1565 milites
1224 1528 1464 1566 incitatos
1495 1537 1530 1566 et

118 1598 258 1643 XXX,
294 1600 356 1643 37,
389 1600 429 1635 6:
461 1600 498 1636 si
527 1613 609 1648 per
635 1599 828 1648 priores
858 1599 1084 1635 inducias
1116 1611 1263 1635 naves
1295 1600 1531 1636 onerariae

119 1675 266 1717 eaptae
305 1699 312 1706 .
333 1699 340 1706 .
361 1699 368 1706 .
406 1670 808 1714 restituerentur,
842 1676 987 1706 retento
1019 1682 1067 1706 ex
1097 1670 1171 1705 hae
1201 1676 1308 1706 recta
1339 1671 1531 1707 oratione:

118 1738 215 1774 late
242 1741 429 1776 moenia
459 1741 673 1778 disiecta
703 1747 853 1777 erant.

230 1807 327 1857 Cap.
365 1810 407 1854 3,
451 1811 471 1846 2
504 1818 540 1846 et
572 1813 592 1847 3
627 1811 692 1854 (de
723 1810 894 1847 Crotone
924 1812 1054 1858 urbe):
1095 1811 1213 1847 Post
1243 1812 1530 1850 vastitatem

118 1892 170 1915 eo
203 1878 377 1930 (Pyrrhi)
408 1881 537 1917 bello
570 1881 749 1918 factam
781 1882 861 1917 vix
889 1894 1006 1930 pars
1038 1881 1240 1917 dimidia
1270 1883 1531 1919 habitaba-

116 1956 212 1994 tur,
255 1950 454 1996 flumen,
499 1952 622 1999 quod
671 1953 827 1989 medio
880 1952 1059 2001 oppido
1105 1952 1341 1997 fluxerat,
1392 1962 1532 1990 extra

118 2019 401 2069 frequentia
431 2021 578 2057 tectis
618 2021 726 2058 loca
765 2022 1160 2071 praeterfluebat,
1223 2029 1267 2058 et
1305 2036 1389 2059 arx
1421 2036 1532 2072 pro-

118 2091 192 2126 cul
237 2092 326 2136 eis,
372 2104 469 2139 quae
513 2093 891 2138 habitabantur,
950 2106 1033 2129 sex
1079 2093 1219 2129 milia
1264 2094 1434 2129 aberat
1476 2095 1531 2130 ab

117 2162 232 2198 urbe
258 2162 421 2198 nobile
451 2163 682 2211 templum
727 2165 852 2213 (ipsa
893 2165 1012 2200 urbe
1051 2170 1154 2200 erat
1183 2163 1415 2212 nobilius)
1448 2164 1532 2200 La-

118 2232 254 2268 ciniae
283 2232 503 2278 Iunonis,
536 2241 753 2270 sanctum
789 2234 1009 2270 omnibus
1041 2235 1171 2270 eirca
1201 2235 1410 2282 populis.
1469 2235 1532 2272 Sic

118 2302 204 2339 inde
234 2315 258 2338 a
290 2302 492 2340 Gronovio
524 2304 660 2350 editur,
692 2304 883 2352 scriptura
915 2317 962 2340 ex
985 2303 1064 2339 eius
1095 2303 1354 2352 Salinasiique
1385 2305 1532 2341 coniec-

119 2377 204 2408 tura
234 2372 480 2419 concinnata3
509 2386 599 2410 nam
630 2374 669 2410 in
701 2375 734 2410 P
758 2374 812 2410 sic
837 2374 1022 2422 seriptum
1052 2380 1128 2410 est:
1159 2374 1533 2423 praeterfluebat

144 2548 172 2591 ²)
210 2552 248 2583 In
274 2553 340 2585 hoc
366 2562 398 2586 et
424 2557 542 2588 ceteris
570 2557 686 2595 libris,
723 2566 793 2588 non
820 2557 962 2588 collatus
994 2563 1044 2588 est
1067 2558 1178 2588 codex
1214 2556 1257 2594 C,
1299 2557 1363 2587 nisi
1403 2558 1461 2588 ubi
1498 2557 1532 2587 in

212 2613 315 2645 XXX
341 2616 368 2646 P
390 2616 512 2647 deficit.
