1811 2925
224 148 298 179 Lib.
332 147 443 178 XLV.
897 147 973 183 602

222 271 398 308 fuimus
438 281 508 318 pro
548 269 681 316 proh.
724 280 904 311 sumus3
948 267 1097 304 accedit
1126 267 1277 316 ineptus
1307 268 1511 305 verborum
1544 269 1639 305 ordo

223 342 328 391 (prot
370 345 608 389 praestare
649 338 786 385 proh.
829 339 899 384 3.).
952 337 1224 375 »δογίὸθῃᾶιιῐη
1262 349 1363 375 esse:
1408 345 1640 388 praestare

221 409 540 458 nequivimus,
573 407 653 443 dixi
670 406 813 455 Opusc.
830 408 873 444 II
890 421 927 456 p.
949 409 1020 444 221
1047 413 1102 450 (et
1118 408 1303 444 adsensus
1319 415 1375 444 est
1393 409 1640 458 Kreyssigius

221 481 351 518 adnot.
382 493 421 528 p⁵
460 479 565 524 110).
624 477 769 523 Miror,
813 491 880 514 cur
910 478 1248 514 VVeissenbornius
1286 478 1404 514 multo
1434 479 1585 527 longius
1616 492 1639 514 a

220 550 351 587 codice
373 548 566 586 discedere
584 547 761 584 maluerit
779 547 1031 596 (praestare
1063 562 1153 585 non
1184 549 1457 597 potuimus).
1497 548 1638 584 Libra-

219 621 297 657 rius
326 620 387 657 hie
417 631 518 668 saepe
555 619 593 655 in
623 618 752 654 verbis
794 618 994 666 nequivi
1025 625 1061 655 et
1092 619 1256 667 quievi
1295 619 1426 666 lapsus
1459 626 1532 663 est3
1576 619 1639 654 hio

218 704 272 728 ne
306 690 447 727 excidit
476 689 716 738 praecedente
742 701 801 726 re.
880 689 986 733 (Hoc
1027 689 1114 737 ipso
1157 690 1282 738 capite
1324 692 1342 733 ξ
1375 691 1395 724 4
1437 700 1507 736 pro
1540 687 1636 735 qui-

218 766 426 797 everunt
455 760 607 808 scripsit
639 759 720 807 qui
752 758 977 806 fuerunt.)
1044 758 1195 804 Infra§
1224 762 1269 795 16
1301 771 1377 794 non
1409 758 1638 793 inaniora

218 831 413 880 ingenia
445 843 468 866 a
503 830 615 866 Livio
648 828 844 877 appellata
874 836 981 877 puto,
1024 830 1091 865 sed
1121 829 1344 873 vaniora,
1387 828 1491 875 quod
1519 840 1637 864 voca-

217 902 347 939 bulum
378 901 427 937 ad
458 900 676 949 superbiam
708 905 745 934 et
774 898 998 934 iactantiam
1029 899 1319 947 significandam
1351 898 1477 946 aptius
1516 895 1634 943 est.¹)

329 970 424 1019 Cap.
474 972 552 1015 24,
599 971 620 1005 2
669 977 705 1005 et
751 970 772 1005 3
821 969 873 1015 (in
919 969 1054 1005 eadem
1085 970 1298 1015 oratione):
1348 968 1637 1005 Voluntatis

216 1048 395 1078 nostrae
436 1041 597 1077 tacitae
646 1039 780 1075 velut
821 1040 954 1076 litem
1000 1040 1235 1076 aestimari
1288 1039 1467 1076 vestris
1510 1039 1637 1074 inter

215 1124 299 1149 vos
344 1110 650 1147 sermonibus
693 1109 860 1154 audio,
901 1110 947 1146 P.
982 1108 1026 1146 C.
1070 1110 1280 1146 Favisse
1324 1122 1408 1145 nos
1450 1109 1554 1157 regi
1592 1115 1636 1145 et

214 1182 349 1218 illum
389 1181 583 1217 vincere
626 1179 882 1224 maluisseg
935 1180 1042 1216 ideo
1099 1179 1230 1215 bello
1269 1179 1635 1227 persequendos

215 1264 321 1288 esse
353 1252 568 1287 credunt.
642 1250 745 1286 Alii
786 1256 996 1286 vestrum
1045 1250 1265 1286 voluisse
1310 1250 1505 1297 quidem
1549 1262 1633 1285 nos

215 1324 320 1366 hoc,
373 1334 467 1357 non
510 1328 667 1357 tamen
720 1320 776 1356 ob
824 1319 869 1354 id
919 1320 1051 1356 bello
1096 1319 1466 1367 persequendos
1516 1332 1632 1357 esse.

214 1393 342 1429 Nimis
387 1392 480 1427 dure
525 1404 548 1427 a
592 1390 772 1427 vestris
815 1390 1124 1426 sermonibus
1162 1389 1346 1426 transitur
1391 1390 1439 1426 ad
1480 1390 1632 1426 tertiam

210 1475 417 1512 personam
460 1462 498 1498 in
547 1461 777 1504 eredunt;
824 1472 893 1495 nee
935 1468 1037 1496 recte
1072 1460 1161 1496 huie
1198 1460 1344 1496 infinite
1373 1459 1500 1507 posito
1533 1458 1630 1508 (sine

211 1533 303 1569 certi
334 1531 495 1569 subiecti
523 1528 739 1577 notatione)
779 1530 979 1566 subiicitur
1009 1530 1192 1567 contrarii
1222 1530 1371 1578 generis
1402 1530 1630 1577 significatio

212 1603 344 1650 (alii).
433 1602 686 1639 Scribendum
721 1607 809 1636 est:
855 1600 1065 1637 Favisse
1111 1613 1194 1637 nos
1239 1600 1343 1648 regi
1381 1628 1473 1644 ...,
1520 1600 1630 1636 ideo

211 1673 339 1710 bello
398 1670 766 1721 persequendos
829 1683 937 1707 esse
997 1671 1199 1706 credunt
1257 1670 1341 1706 alii
1399 1677 1630 1715 vestrum3

213 1741 354 1793 [alii‚]
401 1741 621 1779 voluisse
670 1740 860 1788 quidem
910 1754 995 1777 nos
1039 1742 1146 1786 hoc,
1208 1753 1301 1777 non
1349 1748 1509 1777 tamen
1557 1747 1627 1777 etc.

211 1812 405 1861 Corrupta
449 1812 584 1855 etiam,
653 1823 737 1858 quae
783 1811 961 1860 deinceps
1007 1818 1237 1859 sequuntur:
1280 1823 1432 1858 neque
1481 1811 1629 1847 mori-

210 1883 293 1919 bus
338 1895 493 1929 neque
538 1882 731 1930 legibus
773 1882 926 1917 ullius
985 1881 1214 1917 civitatis
1257 1881 1331 1916 ita
1368 1894 1629 1930 compara-

236 2108 266 2148 ¹)
306 2112 393 2151 De§
421 2114 440 2140 4
467 2117 559 2141 recte
586 2110 778 2142 Gronovius
806 2110 978 2140 iudicavit.
1030 2109 1087 2140 Ne
1114 2119 1175 2150 pro
1206 2110 1357 2139 nedum
1385 2109 1500 2148 aliquo
1528 2108 1629 2140 modo

300 2173 334 2202 in
361 2173 530 2203 sententia
557 2178 709 2203 extremo
740 2172 816 2202 loco
843 2171 977 2201 adiecta
1003 2171 1081 2211 poni
1106 2176 1234 2210 potest,
1270 2171 1304 2200 in
1340 2171 1555 2210 interposita,
1593 2176 1629 2200 ut

302 2232 332 2263 h.
359 2232 393 2269 1.,
435 2236 506 2271 (ut,
550 2243 600 2264 ne
626 2257 633 2264 .
661 2233 716 2273 ,,)
753 2232 846 2263 nullo
883 2232 1004 2270 modo3
1040 2242 1101 2262 nee
1139 2233 1310 2262 sententia
1346 2238 1438 2262 recta
1473 2231 1627 2262 efficitur.

303 2292 380 2323 Duo
405 2293 471 2323 diei
494 2300 660 2334 poterant,
697 2300 771 2324 aut:
804 2298 847 2323 ut
872 2294 925 2323 ab
953 2299 1111 2323 neutra
1137 2298 1257 2333 parte
1283 2294 1473 2331 gratiam
1499 2293 1628 2324 inire-

303 2363 404 2391 mus,
431 2355 582 2385 nedum
609 2355 657 2385 ab
684 2361 882 2394 utraque,
909 2361 977 2392 aut,
1007 2354 1096 2394 quod
1112 2354 1229 2384 Livius
1256 2354 1359 2384 dixit:
1387 2360 1431 2384 ut
1455 2354 1502 2384 ab
1532 2363 1627 2383 neu-

304 2420 368 2444 tra
388 2421 511 2454 parte
542 2425 601 2454 gr.
648 2416 712 2454 in.‚
741 2415 792 2446 ab
818 2415 962 2446 altera
991 2415 1119 2445 ctiam
1228 2414 1470 2454 periculum
1497 2423 1625 2445 esset.

302 2476 321 2516 ξ
348 2478 366 2505 8
394 2475 691 2507 Weissenbornius
719 2476 922 2506 sententiam
950 2477 1110 2516 corrupit,
1142 2476 1255 2506 deleto
1280 2475 1544 2516 aliquando,
1574 2475 1626 2505 cui

302 2536 508 2567 contrarium
547 2543 598 2567 est
631 2547 814 2578 semper,
857 2538 1018 2578 deceptus
1055 2548 1075 2567 a
1099 2537 1319 2577 Kreyssigi0;
1355 2538 1388 2567 in
1426 2536 1542 2567 codice
1579 2536 1625 2566 sic

301 2597 474 2628 scribitur:
510 2603 550 2627 et
576 2598 801 2638 improbos
839 2598 957 2629 cives
994 2606 1033 2629 et
1069 2598 1307 2637 aliquando
1334 2603 1373 2628 et
1411 2597 1626 2638 imperita

302 2657 633 2688 multitudinem
662 2668 829 2698 semper
854 2664 917 2692 cet.
