1811 2925
861 155 936 190 487

195 277 289 313 kero
321 285 354 312 et
387 275 615 324 Kreyssigio
655 275 797 323 pendet
831 273 1193 315 W'eissenbornius,
1228 272 1292 319 qui
1329 271 1517 307 interdum
1562 284 1608 307 ex

195 347 262 390 iis,
306 358 389 394 quae
420 346 670 389 adnotarant,
722 358 852 382 verum
884 344 1045 381 feliciter
1076 342 1230 380 invenit.
1308 342 1393 389 Ego
1425 353 1538 388 quum
1572 341 1608 376 in

196 417 267 452 hac
299 415 451 452 Liviani
501 416 628 464 operis
664 422 775 464 parte
807 414 920 463 pleno
953 420 991 450 et
1021 420 1125 450 certo
1157 413 1412 448 instrumento
1445 411 1497 447 uti
1529 411 1609 447 vel-

195 486 281 530 lem,
316 498 349 521 a.
388 487 487 522 1853
520 486 752 521 Ioannem
784 484 1281 524 Forehhammerum,
1312 481 1487 517 iuvenem
1520 481 1609 518 doc-

195 556 383 592 tissimum
415 562 450 591 et
482 556 573 591 mihi
605 569 653 591 ex
683 554 870 603 discipulo
902 553 1190 591 amicissimum,
1222 564 1339 599 quum
1359 551 1512 588 Italiam
1544 565 1609 600 pe-

196 634 278 661 tens
309 625 550 662 Vindobonae
581 625 859 673 aliquantisper
889 623 1097 660 consistere
1127 623 1164 658 in
1195 622 1324 658 animo
1354 622 1527 665 haberet,
1548 634 1609 657 ro-

195 696 310 744 gavi.
359 702 398 731 ut
438 708 524 732 mea
557 708 674 731 causa
705 695 874 731 codicem
904 694 1245 729 vindobonensem
1278 698 1399 727 totum
1432 698 1610 727 accurate

196 765 386 801 conferret
401 765 722 801 conferendumve
740 771 901 801 curaret.
966 764 1005 799 Is
1035 762 1169 811 ipsein
1199 762 1296 798 libro
1328 761 1611 805 XLLXLIIL

198 835 334 871 XLIV
367 836 415 871 ab
446 836 554 872 initio
587 848 710 883 usque
745 835 792 871 ad
824 835 937 870 finem
972 833 1108 882 capitis
1141 834 1190 868 35
1223 831 1421 879 scripturae
1452 831 1500 866 ab
1532 831 1610 867 edi-

196 905 298 941 tione
329 905 635 941 Tauehnitziana
686 918 720 941 a.
772 906 870 941 1848
917 902 1215 951 discrepantiam
1253 901 1307 937 ita
1338 901 1521 946 enotavit,
1569 911 1611 937 ut

197 974 310 1011 etiam
355 975 510 1011 minima
551 987 711 1023 quaeque
761 986 913 1010 summa
958 986 1043 1009 cum
1086 985 1179 1009 cura
1211 984 1255 1007 ac
1286 970 1483 1019 diligentia
1523 984 1609 1019 per-

195 1052 440 1092 sequen-etum
499 1045 648 1092 reliqua
708 1044 811 1088 (libr.
858 1044 1005 1088 XLII,
1056 1042 1196 1079 XLIV
1237 1054 1259 1077 a
1294 1054 1326 1077 c.
1370 1042 1419 1077 36
1466 1041 1515 1077 ad
1568 1043 1610 1077 fi-

195 1127 294 1159 nem,
326 1115 474 1162 XLV),
504 1115 836 1151 Forchharnmero
866 1114 1125 1150 intercedente
1159 1112 1255 1148 alius
1286 1112 1346 1147 vir
1377 1111 1512 1147 doetus
1557 1111 1612 1146 ita

195 1197 278 1221 cum
311 1191 492 1222 contextu
522 1184 894 1222 Drakenborchiano
927 1183 1098 1227 contulit,
1129 1189 1170 1219 ut
1211 1182 1306 1218 fides
1350 1181 1430 1217 eius
1461 1187 1497 1217 et
1527 1181 1611 1217 dili-

195 1254 320 1303 gentia
366 1267 443 1290 non
487 1254 635 1291 levibus
679 1255 827 1291 indiciis
871 1254 964 1290 mihi
998 1254 1184 1302 probetur
1228 1258 1290 1295 (ex
1326 1251 1463 1299 quibus
1494 1264 1611 1288 unum

195 1330 264 1368 est,
296 1325 412 1372 quod⁷
448 1337 531 1372 quae
573 1325 802 1373 Kopitarius
834 1326 892 1361 bis
922 1323 1091 1373 inspexit
1121 1330 1157 1358 et
1188 1322 1373 1365 enotavit,
1404 1335 1451 1358 ea
1482 1322 1611 1358 omnia

195 1399 260 1429 aut
290 1406 411 1442 prope
443 1395 571 1430 onmia
603 1395 693 1430 mihi
724 1396 777 1432 sie
795 1402 951 1431 enotata
981 1401 1080 1437 sunt,
1113 1392 1438 1440 quemadmodum
1469 1392 1611 1441 scripta

196 1464 371 1500 secundis
405 1464 504 1500 curis
535 1465 764 1513 Kopitarius
795 1465 994 1513 repperit).
1059 1464 1121 1500 Ex
1154 1464 1227 1499 hae
1258 1462 1463 1498 collatione
1495 1474 1611 1509 quum

196 1546 287 1570 casu
318 1534 619 1579 intercidissent,
651 1548 734 1583 quae
766 1535 814 1571 ad
845 1535 933 1571 libri
965 1535 1087 1570 XLII
1119 1534 1246 1582 capita
1286 1535 1328 1569 21
1367 1533 1493 1581 prima
1526 1545 1612 1581 per-

197 1605 381 1644 tinebant,
415 1617 498 1641 eam
534 1611 695 1652 partem.
728 1605 915 1641 benevole
946 1603 1174 1640 conciliante
1205 1605 1432 1640 Hermanno
1477 1603 1611 1639 Bonit-

198 1673 268 1717 zio,
307 1674 390 1710 viro
432 1675 668 1720 clariss-imm
719 1675 911 1723 supplevit
948 1674 1096 1711 iuvenis
1142 1674 1362 1723 philologiae
1406 1672 1611 1717 studiosus,

197 1742 274 1779 Gn.
318 1744 550 1781 Faustkam.
605 1757 694 1781 usus
736 1745 773 1781 in
812 1745 1044 1781 conferendo
1084 1744 1390 1780 W'eissenbornii
1435 1743 1611 1779 editione.

198 1813 285 1849 Hoc
315 1826 386 1861 ego
417 1815 587 1850 subsidio
620 1827 709 1851 usus
741 1816 794 1851 ita
825 1815 971 1851 intenta
995 1827 1087 1850 cura
1117 1815 1188 1850 hos
1223 1814 1342 1850 libros
1365 1813 1612 1862 pertractavi,

198 1884 308 1931 quasi
339 1897 438 1920 nune
468 1884 633 1933 primum
665 1885 880 1930 ederentur,
911 1884 1089 1933 sepositis
1121 1884 1286 1933 primum
1308 1884 1485 1920 omnibus
1516 1884 1612 1920 alio-

197 1965 305 1989 orum
338 1954 502 1990 inventis
533 1961 569 1990 et
586 1955 848 2003 opinionibus,
876 1966 960 2002 quae
989 1955 1121 1990 nonin
1137 1954 1451 1990 Drakenborchii
1467 1955 1612 2003 Kreys-

197 2022 360 2071 sigiique
387 2030 568 2062 contextu
597 2031 743 2069 essent3
776 2024 906 2072 itaque
937 2030 973 2059 et
1003 2023 1041 2059 in
1075 2024 1190 2072 longe
1220 2024 1398 2072 plurima,
1430 2036 1514 2072 quae
1542 2036 1612 2072 po-

197 2095 278 2126 stea
312 2091 360 2126 ab
393 2091 476 2128 aliis
508 2101 698 2142 occupata
726 2094 830 2137 vidi,
870 2094 985 2130 incidi
1017 2101 1053 2130 et
1082 2106 1271 2131 novarum
1303 2093 1612 2131 emendationum

198 2171 358 2196 messem
391 2160 474 2207 feci,
507 2170 547 2199 ut
569 2164 718 2212 opinor,
736 2176 811 2200 non
835 2164 1172 2208 contemiiendan13
1199 2177 1284 2201 eam
1306 2165 1366 2201 hic
1388 2164 1611 2213 explicabo3

198 2241 329 2265 omnes
361 2231 501 2268 codicis
529 2234 752 2282 scripturas,
787 2239 827 2269 ut
859 2233 923 2269 alii
953 2233 1177 2270 examinare
1195 2235 1357 2282 possint,
1388 2235 1612 2284 propediem

289 2476 419 2507 duabus
444 2477 586 2508 vocibus
623 2478 906 2514 (moderatior
939 2478 1104 2518 oratio)
1133 2479 1308 2518 conflatis,
1335 2479 1493 2512 scribitur
1528 2489 1612 2509 mo-

288 2537 478 2576 derati03
501 2547 530 2572 c.
562 2540 622 2575 11,
651 2541 668 2568 5
697 2547 765 2569 non
792 2538 960 2569 omittitur
984 2548 1077 2579 par,
1114 2541 1171 2571 sed
1197 2550 1258 2581 pro
1285 2550 1325 2572 eo
1350 2541 1487 2581 ponitur
1521 2549 1611 2581 pei-3

289 2608 317 2628 c.
358 2602 419 2636 23,
446 2602 465 2630 8
509 2609 575 2630 non
623 2598 787 2630 omittitur
828 2599 1094 2641 aliquando,
1133 2602 1192 2633 sed
1231 2602 1406 2633 scribitur:
1450 2607 1489 2631 et
1530 2601 1611 2631 ali-

289 2660 469 2698 quando.
