1811 2925
190 276 407 318 Imploror
431 285 515 307 rem
529 276 850 310 nonLatinum401.

189 323 237 355 In
263 323 414 353 additum
430 333 450 353 a
468 322 614 353 librariis
632 329 709 363 post
723 332 750 356 ιιι
768 326 850 362 125;

236 369 460 410 interceptum
475 375 552 410 post
569 379 598 402 ιιι
618 372 691 400 185.
739 369 851 400 Abla-

237 416 324 447 tivus
351 422 384 447 et
401 425 512 447 accus.
533 416 620 456 apud
648 416 688 446 in
714 425 849 456 permu-

237 468 328 493 tatus
366 473 385 492 a
418 461 563 493 librariis
601 466 632 499 8,
671 465 701 499 9,
738 465 778 493 10
803 473 848 501 n.,

237 512 291 547 53,
322 512 399 541 231.
431 511 508 545 256,
534 511 601 539 370
625 512 743 550 (prave
760 509 849 540 vari-

237 555 359 595 atum).
420 555 465 586 In
505 565 649 595 agrum
693 558 779 592 (non
811 557 851 586 in

236 607 351 642 agro)
388 602 563 632 deducitur
595 602 729 633 colonia
764 606 849 641 4683

238 649 279 679 in
298 649 540 679 immensum
560 651 639 687 (non
659 649 707 679 ad
728 649 849 689 imm.)

237 699 324 732 3433
368 695 408 725 in
449 696 685 726 mercedem
726 696 850 727 dare?

237 745 327 778 ⁴553
372 742 682 773 continuandis
721 743 850 781 magi-

237 788 453 820 stratibus
487 795 519 818 et
543 789 583 819 in
618 795 728 820 cont.
755 788 849 820 diffe-

236 841 315 865 runt
338 838 397 872 723
421 836 459 865 in
481 836 710 866 Ambracia
732 836 849 867 valet

235 874 333 917 452,
373 883 413 912 in
464 882 740 913 Alexandria
786 893 848 923 pro

235 928 519 959 Alexandriae
565 938 631 959 non
673 928 848 961 ferendum

237 977 316 1007 522.

190 1020 337 1051 Inanis
363 1027 397 1051 et
420 1031 551 1052 vanus
579 1024 654 1052 602.

189 1066 430 1098 Incendere
457 1074 491 1098 et
515 1068 742 1098 intendere
768 1071 823 1099 39.

190 1113 447 1145 Incolentes
474 1114 622 1154 (incolae)
649 1118 726 1145 549.

188 1159 397 1191 Indicativus
423 1161 548 1192 omissa
573 1161 719 1201 obliquae
746 1161 848 1192 orati-

236 1207 309 1238 onis
343 1207 586 1247 significatione
612 1212 673 1246 443
711 1207 849 1248 perfecti

235 1263 336 1294 prave
361 1254 394 1283 in
423 1254 489 1285 obl.
503 1262 584 1285 orat.
607 1261 754 1286 retentus
773 1258 848 1291 130,

859 155 936 192 633

240 1302 302 1330 172
318 1310 363 1335 n.,
387 1303 446 1331 181
461 1311 503 1337 n.,
520 1305 597 1334 410.
616 1305 699 1338 5503
725 1311 871 1342 pravus

236 1352 313 1388 post
340 1357 462 1387 quum
492 1351 565 1384 110,
594 1351 670 1378 511.

188 1392 382 1424 Indidem
409 1404 457 1424 ex
487 1394 603 1434 agris
633 1398 706 1425 121.

188 1439 425 1479 Indulgere
448 1441 579 1472 alicui
599 1441 848 1481 sanguinem

237 1489 302 1517 465
329 1496 362 1516 n.

190 1532 477 1573 Inexpeditus
502 1533 683 1564 barbarum
711 1537 788 1564 245.

188 1579 376 1610 Infinitivus
428 1589 531 1619 prave
579 1590 640 1621 pro
694 1581 850 1620 gerundii

236 1626 385 1666 genitivo
423 1629 487 1656 291
516 1636 567 1665 n„
615 1627 736 1658 dubius
774 1633 850 1668 post

237 1672 339 1712 quia
384 1673 417 1702 in
465 1679 550 1706 orat.
599 1673 666 1704 obl.
711 1677 777 1705 310
815 1685 847 1705 n.

238 1718 337 1751 Infin.
350 1718 528 1750 historicus
540 1730 608 1751 non
620 1726 707 1751 recte
720 1721 849 1761 positus

237 1768 316 1798 251,
351 1769 435 1805 331,
474 1769 540 1796 354
574 1777 624 1803 η,
655 1771 741 1800 411,
769 1771 847 1798 419.

236 1811 333 1842 Infin.
349 1812 478 1843 activus
490 1823 551 1853 pro
567 1814 699 1854 passivo
713 1824 732 1844 a
747 1813 848 1845 libra·

236 1858 293 1889 riis
317 1859 448 1899 positus
479 1861 567 1900 apud
592 1861 696 1891 verba
731 1861 848 1891 volun-

235 1905 314 1935 tatis
339 1908 381 1936 38
409 1915 442 1937 n.
470 1909 507 1943 2,
534 1909 611 1943 248,
639 1911 715 1942 400,
745 1911 822 1939 413.

190 1950 368 1992 Iniquus
400 1952 546 1990 alicui,
583 1954 778 1993 iniquum
807 1955 847 1985 in

237 1998 424 2038 aliquem
450 2001 503 2029 87.

188 2043 339 2084 Inquit
363 2045 453 2075 male
477 2045 623 2086 positum
652 2049 729 2079 578.

188 2089 400 2122 Insistere
427 2093 477 2121 ad
504 2091 751 2123 faciendum
780 2103 848 2124 non

234 2136 395 2168 Latinum
421 2141 498 2168 252.

188 2181 416 2224 Interrogatio
436 2184 629 2215 bimembris
654 2185 686 2215 in
710 2185 848 2216 conclu-

236 2229 348 2261 dendo
367 2234 449 2268 1273
466 2232 685 2270 interrogatio
701 2232 849 2272 pendens

235 2286 255 2306 a
284 2278 443 2316 querendi
469 2278 571 2309 verbo
605 2281 689 2315 4383
723 2279 782 2309 int.
815 2279 848 2309 in

235 2322 374 2362 obliqua
391 2324 542 2354 oratione
559 2325 772 2356 coniunctivo
787 2335 848 2366 pro

236 2368 401 2400 infinitivo
428 2370 518 2401 elata
543 2373 619 2401 449.

189 2413 411 2456 Interpolatio
431 2417 513 2456 (hoe
529 2424 592 2454 est,
614 2418 755 2448 mutatio
768 2427 849 2448 con·

236 2461 312 2492 silio
348 2461 455 2501 saeta)
486 2463 522 2494 in
557 2463 645 2494 Livii
675 2464 848 2496 codicibus

235 2508 370 2548 (primae
403 2509 554 2546 decadis)
589 2513 648 2543 13,
675 2513 735 2545 52.
773 2513 847 2548 157,

236 2555 359 2593 (tertiat
385 2556 536 2595 decadis)
564 2559 641 2593 208,
667 2560 745 2594 245,
771 2561 847 2588 248.

190 2599 433 2642 lutei-rupti
460 2603 718 2634 commercio
745 2607 822 2634 610.

188 2645 343 2678 Invehi
364 2655 496 2689 portae
515 2655 548 2679 et
572 2659 622 2690 po
635 2655 702 2680 rta
719 2650 849 2681 diversa

235 2695 316 2727 270.

941 275 1147 307 Invidere
1190 276 1327 309 alicui
1364 287 1438 308 sua
1477 278 1604 310 laude

992 326 1034 353 60
1059 332 1091 353 n.

941 369 1156 400 Inundare
1186 371 1259 399 169.

941 415 1040 457 Ipse
1083 415 1208 446 nomin.
1243 425 1326 446 casu
1367 415 1603 457 interpositum

989 462 1148 493 ablativis
1175 462 1284 494 absol.
1311 465 1387 493 311.

940 508 983 540 Is
1018 510 1053 540 in
1084 519 1269 550 progressu
1311 509 1513 539 narrationis
1550 511 1603 545 75,

993 559 1068 587 104.

940 602 1149 638 Issensis,
1184 601 1333 633 Issaeus
1367 603 1449 638 (non
1475 600 1605 633 Issai-

989 651 1079 688 cus)
1108 652 1184 679 521.

941 695 1096 737 Itaque
1137 705 1206 726 non
1245 699 1378 724 tantum
1411 694 1454 725 ad
1489 695 1604 735 proxi-

991 753 1081 773 mam
1101 741 1300 774 sententiam
1317 748 1474 781 spectans
1491 744 1556 772 213
1573 752 1604 773 11.

940 788 1124 826 Iterare,
1151 788 1333 819 iteratio
1364 791 1425 818 102
1453 798 1485 822 n,

939 835 1073 867 Iubeo
1102 846 1169 866 non
1189 843 1278 866 recte
1297 844 1372 865 cum
1392 836 1605 867 coniunctivo

986 893 1048 924 pro
1074 882 1242 914 infinitivo
1273 884 1349 915 519,

941 929 1150 961 Iuventas
1178 936 1209 959 et
1235 930 1435 959 iuventus
1462 931 1539 959 230.

939 1021 1172 1062 Kreyssigius,
1201 1025 1255 1059 35,
1282 1025 1358 1052 485.

938 1115 1087 1146 Lacunae
1120 1114 1154 1143 in
1184 1113 1341 1144 omnibus
1368 1112 1453 1142 Livii
1481 1112 1605 1142 codici-

988 1161 1050 1192 bus
1095 1166 1127 1191 et
1167 1160 1270 1190 verba
1297 1160 1421 1190 omissa
1459 1161 1495 1196 6,
1541 1161 1603 1189 168

989 1208 1074 1247 (dec.
1104 1211 1157 1245 1),
1185 1210 1269 1247 202,
1297 1210 1383 1243 208,
1419 1209 1482 1236 321
1514 1206 1603 1245 (dec.

987 1258 1040 1293 3),
1069 1257 1133 1284 437
1163 1254 1254 1293 (dec.
1281 1253 1340 1292 4),
1367 1255 1433 1283 486
1460 1262 1514 1292 n.,
1537 1255 1604 1282 490

989 1311 1050 1342 sq.‚
1085 1304 1147 1331 49⁷
1179 1301 1269 1340 (dec.
1299 1300 1349 1340 5).

940 1347 1138 1379 Latinorum
1175 1348 1215 1377 de
1250 1357 1285 1377 re
1314 1347 1357 1377 ad
1384 1345 1486 1377 ferias
1512 1345 1605 1376 Lati-

988 1405 1048 1425 nas
1076 1394 1255 1435 pertinenti
1287 1394 1456 1424 decretum
1485 1396 1562 1423 500.

940 1441 1050 1481 Leges
1091 1442 1125 1471 in
1159 1451 1228 1481 rep.
1267 1440 1487 1471 feruntur.
1536 1449 1604 1470 uon

987 1489 1144 1518 dantur
1176 1490 1228 1518 75.

940 1535 1110 1566 Letalis
1136 1545 1207 1566 voe.
1234 1533 1404 1575 poeticum
1432 1536 1472 1564 27
1503 1544 1535 1564 n.

941 1582 1073 1613 Libra
1107 1606 1137 1613 ..
1170 1581 1313 1621 pondo
1339 1582 1418 1613 317.

942 1628 1144 1660 Liviioratio
1164 1627 1346 1658 artificiose
1366 1632 1494 1657 structa
1517 1628 1598 1663 1453

987 1684 1116 1705 errores
1153 1675 1187 1704 in
1212 1674 1405 1704 nominibus
1441 1676 1496 1704 50.
1545 1671 1602 1702 Li-

988 1722 1062 1752 vius
1089 1721 1195 1751 critici
1220 1730 1397 1761 personam
1416 1719 1603 1759 suscipiens

988 1772 1075 1805 2343
1114 1768 1185 1798 eius
1212 1768 1252 1798 de
1279 1767 1442 1807 religione
1468 1772 1501 1797 et
1525 1776 1603 1806 pro-

989 1814 1090 1854 digiis
1112 1815 1237 1845 iudicia
1269 1816 1358 1851 2753
1393 1812 1603 1853 negligentia

989 1862 1142 1901 quaedam
1172 1862 1205 1891 in
1230 1860 1390 1891 notandis
1409 1859 1602 1901 provincia-

985 1918 1056 1938 rum
1078 1908 1321 1938 mutationibus
1339 1910 1423 1944 325;
1451 1907 1484 1937 in
1507 1906 1602 1936 insti-

988 1955 1068 1985 tutis
1106 1955 1254 1995 antiquis
1288 1953 1517 1984 describendis
1551 1952 1603 1982 in·

985 2002 1079 2032 curia
1108 2004 1171 2031 160
1198 2011 1248 2037 u.,
1292 2001 1370 2031 item
1407 2001 1441 2030 in
1466 1998 1602 2039 Polybii

984 2048 1176 2079 narratione
1186 2047 1415 2078 contrahenda
1426 2050 1510 2084 2423
1530 2055 1602 2076 ma-

985 2094 1019 2124 la
1043 2094 1126 2125 fides
1147 2098 1224 2125 615.

937 2141 1120 2180 Ludius,
1158 2150 1227 2172 nou
1253 2140 1398 2177 ludio,
1442 2140 1600 2171 Latinum

989 2190 1063 2218 139.

941 2278 969 2312 Μ
1004 2278 1117 2309 littera
1152 2278 1188 2309 in
1220 2277 1285 2308 fine
1310 2288 1429 2308 vocum
1456 2290 1476 2310 a
1500 2279 1602 2310 libra-

986 2326 1043 2356 riis
1074 2326 1191 2356 addita
1224 2325 1441 2365 detractaque
1467 2329 1485 2357 8
1513 2336 1598 2367 sqq.‚

988 2374 1054 2403 256
1081 2381 1153 2412 sqq.

940 2417 1123 2449 Martius
1150 2428 1322 2459 campus
1348 2418 1426 2459 (pro
1455 2428 1601 2460 campo

985 2464 1052 2505 M.)
1080 2465 1137 2495 vix
1162 2464 1302 2505 probum
1336 2467 1391 2495 74.

937 2511 1106 2542 Medius
1144 2513 1226 2548 176,
1265 2520 1339 2541 cum
1374 2510 1521 2551 genitivo
1553 2509 1600 2550 (Ρ)

987 2561 1065 2588 545.

938 2603 1154 2636 Mercatus
1176 2607 1253 2635 390.

937 2650 1062 2681 Milia
1085 2649 1307 2692 Philippei
1332 2658 1402 2679 non
1427 2648 1501 2679 Lat.
1520 2651 1603 2680 435.

937 2695 1053 2738 Milyae
1078 2697 1114 2728 in
1139 2697 1226 2729 Asia
1252 2700 1331 2727 433.
