1811 2925
866 98 916 134 23

171 220 474 270 diligentiusque
504 219 684 266 contulit,
722 219 859 267 hisque
887 219 1004 268 paulo
1034 219 1235 257 inferiores
1266 219 1465 257 Leidensis
1495 221 1603 270 prior

179 298 219 329 et
248 291 482 329 Hal-leianus
511 291 637 340 prior,
685 303 846 339 quorum
891 291 1099 339 scripturas
1136 291 1480 328 Drakenborchius
1517 292 1601 328 vul-

177 363 310 413 gavit,
353 362 555 399 Harleiani
593 362 745 410 quidem
779 363 827 399 ab
867 362 942 398 alio
983 368 1202 411 excerptas3
1248 362 1504 411 reliquorum,
1555 363 1600 399 de

172 435 319 484 *quibus
351 434 503 482 quidem
533 440 710 470 accurate
741 439 778 469 et
807 433 918 482 plene
947 433 1130 470 traditum
1163 439 1244 479 est,
1286 433 1601 470 Drakenborchi-

180 517 276 542 anos
309 505 393 540 dico
437 504 522 551 (etsi
563 511 600 540 et
641 505 802 541 omissas
835 504 1023 552 quasdam
1062 517 1192 541 eorum
1225 505 1434 554 scripturas
1465 517 1534 541 nee
1563 504 1602 540 111

172 575 317 613 ⁴ceteris
347 575 559 611 indicandis
593 588 760 612 errorem
793 589 943 612 omnem
977 577 1112 613 abesse
1143 576 1330 625 suspicari
1360 573 1497 626 licet),
1536 576 1603 612 de-

180 647 300 684 terior
341 652 398 682 est
440 647 576 691 turba⁷
623 647 816 683 communi
860 647 990 695 aliqua
1030 647 1337 697 interpolationis
1382 647 1472 683 labe
1515 646 1601 695 plus

181 718 356 754 minusve
400 718 710 765 depravatorum.
789 719 852 755 De
891 718 1155 756 Gronovianis
1196 722 1348 768 (praeter
1387 718 1601 755 Florentini

179 792 378 837 excerpt-a)
413 787 566 824 difficile
598 794 654 824 est
684 789 888 835 iudicium,
931 802 1000 826 nec
1037 796 1165 826 tamen
1196 790 1295 826 ullus
1333 789 1447 826 valde
1478 789 1602 825 excel-

178 860 298 896 luisse
327 861 494 902 videtur3
528 872 672 902 eorum,
706 859 770 907 qui
801 873 824 895 a
853 861 989 896 ceteris
1021 866 1396 905 commemorantur,
1438 874 1486 896 ex
1515 860 1603 896 reli-

181 944 346 980 quorum
391 931 504 966 turba
541 936 698 978 propter
733 931 966 979 singularem
999 931 1192 979 quandam
1224 931 1492 979 cognationem
1524 930 1604 966 exi-

181 1002 342 1039 mendus
373 1007 431 1037 est
458 1001 502 1045 15,
535 1013 610 1048 quo
642 1001 696 1037 M.
727 1001 914 1038 Klockius
947 1003 997 1049 (a.
1030 1002 1149 1048 1586)
1180 1014 1272 1038 usus
1304 1008 1372 1047 est,
1403 1008 1482 1038 tum
1513 1007 1603 1047 tres,

179 1085 345 1121 quorum
383 1084 505 1120 nuper
545 1071 714 1119 aliquam
751 1072 927 1109 notitiam
970 1074 1018 1109 ab
1049 1072 1334 1121 Heerwagenio
1375 1079 1413 1110 et
1442 1074 1603 1109 Hertzio

180 1143 413 1191 accepimus,
462 1145 523 1179 Ac
552 1143 666 1191 primi
697 1142 850 1191 quidem
884 1143 1066 1179 bonitatis
1101 1150 1138 1179 et
1166 1143 1396 1192 integritatis
1428 1143 1602 1179 codicum

175 1213 324 1262 gradus
371 1213 433 1261 qui
479 1214 577 1259 sint,
625 1215 727 1262 quod
767 1214 816 1249 ad
857 1226 1047 1251 summam
1087 1228 1168 1251 rem
1203 1215 1362 1258 attinet,
1408 1213 1489 1249 fere
1526 1226 1603 1248 uuo

181 1285 359 1333 exemplo
399 1284 503 1321 facili
536 1298 735 1334 parvoque
777 1285 946 1322 breviter
979 1286 1187 1334 significari
1216 1291 1368 1334 potest,
1411 1285 1514 1332 quod
1557 1297 1604 1320 ex

180 1355 280 1392 libro
310 1356 364 1401 X,
401 1358 460 1401 19,
494 1359 512 1392 7
546 1368 693 1392 sumam
705 1353 751 1404 ¹).
816 1357 920 1393 Nam
958 1357 1011 1394 ibi
1040 1357 1083 1393 M
1113 1358 1147 1394 P
1179 1358 1264 1404 (nec
1296 1356 1461 1393 dubitari
1493 1356 1539 1392 de
1570 1356 1603 1392 R

175 1426 312 1473 debet)
348 1427 472 1476 ipsam
510 1439 643 1463 veram
685 1427 914 1476 scripturam
954 1435 1110 1465 servant
1150 1427 1312 1477 (duis),
1356 1428 1410 1464 Ll
1465 1433 1501 1463 et
1538 1427 1598 1462 ΠΙ

181 1497 319 1533 leviter
349 1497 553 1534 deflectunt
584 1498 715 1544 (des)7
748 1499 863 1535 ceteri
894 1499 1045 1547 longius
1077 1500 1219 1535 abeunt
1250 1498 1499 1546 (dederis),
1534 1497 1606 1534 nisi

182 1568 287 1615 quod
320 1568 435 1604 Voss
470 1569 491 1604 2
523 1568 644 1613 idem7
677 1569 779 1616 quod
811 1570 866 1606 Ll
904 1571 990 1615 Η1,
1018 1570 1158 1615 habet,
1198 1570 1295 1606 Lov.
1332 1572 1354 1605 4
1387 1581 1509 1617 prope
1541 1580 1604 1604 ac-

181 1639 286 1675 cedit
317 1637 454 1687 (das).
536 1638 612 1676 Sed
643 1645 679 1674 et
710 1640 743 1675 P
773 1641 821 1676 ab
852 1641 895 1677 M
926 1642 990 1688 (R)
1022 1641 1278 1689 seiungendus
1309 1646 1367 1676 est
1397 1646 1434 1675 et
1465 1640 1513 1675 ab
1546 1639 1596 1675 L]

184 1710 249 1746 Hl
284 1710 494 1746 deteriores
523 1710 672 1758 longius
704 1711 922 1759 separandi.

299 1779 479 1817 Codicem
493 1781 535 1817 M
549 1793 631 1817 cum
646 1781 813 1830 Rprope
833 1782 985 1830 gemino
1007 1782 1045 1818 in
1063 1794 1132 1818 sua
1149 1794 1195 1818 ac
1211 1787 1393 1830 separata
1410 1781 1606 1830 archetypi

183 1851 302 1900 stirpe
315 1853 514 1899 ponendos
528 1864 620 1897 esse7
634 1864 716 1900 quae
726 1865 850 1900 neque
867 1866 915 1889 ex
925 1853 1059 1889 ceteris
1077 1853 1286 1901 quidquam
1304 1853 1467 1890 traxerit
1483 1865 1607 1900 neque

178 1922 396 1970 quidquam
428 1923 477 1958 ad
507 1935 572 1959 eos
592 1923 858 1968 transmiserit,
889 1924 1055 1960 ostendit
1076 1925 1213 1960 horum
1239 1924 1400 1960 duorum
1433 1923 1606 1960 codicum

184 1992 223 2028 in
254 1992 469 2041 duplicibus
502 1994 698 2042 scripturis
729 2007 749 2030 e
791 1994 924 2032 codice
965 1996 1175 2044 archetypo
1215 1994 1479 2043 propagandis
1515 2006 1606 2031 con-

178 2063 328 2100 iunctio
359 2070 395 2099 et
425 2077 448 2100 a
479 2065 613 2101 ceteris
644 2065 848 2111 seiunctio,
890 2065 1057 2102 ostendit
1089 2077 1239 2101 summa
1277 2065 1496 2102 communio
1539 2065 1607 2101 ad-

179 2134 425 2170 notationum
455 2135 723 2184 marginalium
754 2137 792 2172 in
827 2137 1040 2173 orationem
1071 2141 1312 2184 receptarum
1344 2136 1464 2183 (velut
1494 2136 1532 2172 in
1562 2136 1608 2172 li-

186 2204 257 2240 bro
286 2205 340 2250 11,
367 2207 436 2249 36)
468 2207 618 2242 omissis
648 2207 707 2252 115,
739 2219 822 2255 quae
852 2207 889 2243 in
921 2208 1017 2244 alios
1047 2206 1198 2244 codices
1228 2213 1446 2252 manarunt,
1478 2213 1607 2243 osten-

185 2275 282 2311 dunt
311 2275 450 2311 menda
471 2277 644 2313 omnibus
662 2277 834 2325 apicibus
851 2277 1002 2322 similia,
1034 2289 1197 2325 quorum
1227 2277 1265 2313 in
1297 2277 1431 2314 ceteris
1462 2278 1606 2314 nullum

179 2345 391 2394 vestigium
424 2353 503 2392 est,
556 2347 660 2384 velut
701 2347 804 2395 quod
841 2347 879 2383 111
911 2347 1009 2384 libro
1040 2349 1091 2394 V,
1126 2349 1190 2393 28,
1223 2350 1244 2385 2
1283 2361 1354 2397 pro
1388 2361 1456 2394 eo7
1505 2349 1608 2396 quod

213 2580 245 2624 ι)
282 2584 430 2615 Posthac
469 2585 521 2616 his
564 2585 652 2616 notis
690 2592 781 2625 utar⁷
832 2591 869 2617 ut
904 2586 941 2617 M
975 2587 1018 2618 sit
1052 2587 1246 2626 Medicam,
1292 2587 1323 2619 R
1358 2588 1606 2618 Vormatieusis

282 2646 456 2686 Rhenani,
483 2646 510 2677 P
536 2647 756 2686 Parisiensis,
782 2648 830 2679 Ll
858 2648 1035 2681 Leidensis
1060 2650 1167 2691 prior⁷
1194 2649 1245 2680 Η]
1275 2649 1479 2681 Harleianus
1504 2650 1607 2690 prior.
