1811 2925
844 142 920 176 479
1424 140 1499 171 Lib.
1517 141 1592 174 XL.

175 262 347 311 guutina.
432 261 684 299 Scribendum
729 263 899 298 videtur:
956 275 1038 298 nec
1092 263 1227 299 aliud
1272 275 1592 312 magnopere,

174 346 255 373 eur
298 334 482 373 vicisse
525 331 775 376 crederes,
821 332 1000 369 fecisse
1032 334 1299 377 Romanos,
1340 333 1431 369 nisi
1463 335 1590 381 quod

173 410 370 454 postero
401 403 475 439 die
507 401 820 439 lacessierint
852 404 1042 452 proelio
1075 410 1323 438 manentes
1346 403 1474 440 intra
1496 405 1590 440 val-

175 475 291 522 lumg
323 473 486 522 spolia
516 485 598 520 per
628 479 780 509 totum
814 474 935 510 diem
967 474 1164 522 legisse.
1225 474 1411 522 Magnam
1441 482 1590 523 partem

172 544 419 581 correctionis
458 542 682 579 Gronovius
729 544 938 592 praecepit,
989 544 1060 580 nisi
1109 544 1211 592 quod
1273 551 1467 592 postrema
1511 547 1590 582 haec

173 615 350 664 (spolia
375 645 382 652 ,
402 645 410 652 .
452 611 771 661 legisse‘),quae
802 626 886 650 cum
920 614 1104 650 fecisse
1134 614 1375 662 copulantur,
1406 615 1592 652 violenter

171 699 256 723 cum
288 684 604 721 lacessierint
622 684 853 732 coniungere
872 691 1032 720 conatus
1055 692 1130 730 est;
1148 685 1186 720 iu
1212 690 1384 720 monstro
1406 685 1470 720 illo
1491 686 1590 721 ber—

174 754 277 790 biee
309 761 343 790 et
374 754 533 802 propius
564 754 613 790 ad
644 754 808 802 vestigia
838 755 980 791 codicis
1006 755 1153 802 (qualia
1184 754 1337 802 quidem
1368 756 1405 791 in
1427 756 1591 792 editione

173 837 355 874 expressa
386 825 490 873 sunt)
523 825 729 861 accessisse
746 825 882 860 videor
903 832 937 861 et
956 826 1157 862 rectiorem
1175 826 1402 862 sententiam
1420 825 1592 863 effecisse

172 907 286 943 quam
320 895 543 932 Gronovius
589 896 659 940 (ne
709 890 866 931 victos
905 896 1157 941 crederes).
1238 896 1328 932 Non
1367 896 1482 932 modo
1513 909 1588 932 non

171 966 260 1001 victi
292 978 385 1008 esse,
417 966 482 1001 sed
514 965 650 1001 vicisse
680 966 846 1001 Romani
880 966 1002 1001 videri
1032 966 1228 1004 volebant.

283 1036 377 1083 Cap.
412 1038 474 1073 51.
507 1036 550 1073 2:
601 1035 763 1083 Opera
802 1039 997 1083 (censores
1047 1037 1101 1072 M.
1133 1037 1317 1072 IEmilius
1346 1043 1380 1072 et
1413 1037 1466 1072 M.
1497 1037 1589 1072 Ful-

171 1106 271 1149 vius)
317 1119 372 1142 ex
403 1106 610 1154 pecunia
658 1106 904 1141 attributa
948 1106 1207 1155 divisaque
1250 1108 1379 1143 inter
1417 1120 1464 1142 se
1493 1107 1589 1143 haec

171 1177 496 1212 confecerunt.
556 1175 792 1212 Conficicndi
830 1177 990 1212 verbum
1034 1177 1266 1226 singularem
1298 1178 1442 1214 habere
1472 1178 1588 1225 signi-

170 1247 386 1283 ficationem
437 1253 474 1283 et
515 1247 562 1283 ab
609 1247 682 1282 hoc
725 1247 810 1282 loco
859 1246 1023 1283 alienam
1055 1248 1230 1292 videtur,
1275 1249 1341 1285 ubi
1384 1249 1590 1297 requiritur

171 1317 382 1353 communis
420 1317 531 1353 huius
566 1318 620 1353 rei
662 1317 893 1366 appellatio:
939 1330 1089 1365 opera
1129 1349 1165 1356 ..
1220 1319 1314 1355 haec
1366 1320 1590 1355 fecerunt

173 1387 340 1436 (XLIV,
377 1390 445 1432 16,
479 1390 519 1424 9:
571 1388 627 1424 ad
666 1400 817 1437 opera
847 1387 1046 1436 publica
1071 1387 1345 1434 facienda);
1392 1403 1439 1426 ex
1469 1391 1588 1438 gemi-

170 1464 261 1493 nata
289 1458 417 1493 littera
457 1470 476 1497 c
506 1464 631 1494 ortum
660 1472 746 1495 con
778 1458 892 1495 credo
929 1457 1335 1504 (haeccfecerunt).
1461 1461 1586 1498 Paulo

168 1533 257 1575 post
287 1530 319 1571 (ξ
351 1528 408 1576 4),
439 1528 503 1564 ubi
536 1529 668 1564 Livius
699 1541 722 1564 a
753 1529 795 1565 M
826 1528 966 1565 Fulvio
998 1528 1127 1564 locata
1160 1536 1293 1565 narrat
1322 1536 1513 1579 portum
1545 1537 1588 1567 et

168 1598 297 1646 pilas
324 1599 491 1646 pontis
522 1599 566 1634 in
600 1599 829 1643 Tiberim,
861 1598 1034 1646 quibus
1064 1598 1180 1646 pilis
1210 1598 1432 1638 fornices
1471 1631 1507 1640 ..
1538 1603 1584 1638 P.

170 1668 335 1716 Scipio
366 1669 635 1705 Africanus
677 1676 720 1705 et
752 1670 797 1705 L.
830 1667 1088 1704 Mummius
1120 1681 1359 1708 censores
1394 1672 1586 1708 locave-

168 1746 282 1774 runt
314 1740 649 1788 imponendos,
680 1752 756 1776 non
778 1738 935 1783 dubito,
954 1739 1044 1786 quin
1072 1740 1285 1788 scripserit:
1317 1743 1445 1790 pilas
1475 1756 1585 1792 pon-

167 1810 228 1845 tis
254 1810 298 1845 in
330 1810 512 1855 Tiberi,
547 1810 723 1858 quibus
755 1817 824 1848 cet.
859 1817 942 1845 aut:
975 1810 1101 1857 pilas
1131 1812 1299 1859 pontis
1329 1813 1375 1848 in
1396 1814 1585 1851 Tiberi.

167 1880 211 1915 in
243 1880 417 1927 quibus
451 1888 520 1917 cet.
596 1881 699 1917 Nam
731 1886 922 1928 pontem
954 1880 1000 1915 in
1030 1881 1251 1918 Tiberim
1287 1882 1470 1928 facere,
1514 1885 1584 1920 lo-

166 1962 276 1986 care
306 1963 428 1998 neque
458 1963 529 1987 usu
559 1950 777 1987 defenditur
807 1962 931 1998 neque
971 1951 1132 1989 ratione.

278 2020 375 2069 Cap.
422 2023 492 2066 53,
534 2023 578 2058 3:
624 2020 868 2058 Celeriter
920 2026 964 2056 et
1011 2033 1066 2056 ex
1107 2022 1366 2069 provincia
1408 2023 1584 2059 litterae

166 2091 362 2128 Romam
392 2098 644 2128 venerunt.
705 2093 825 2128 Recte
863 2090 1203 2128 Vs'eissenbornius
1243 2092 1404 2129 alteram
1435 2100 1583 2141 partem

165 2161 385 2206 sententiae,
424 2161 529 2197 cuius
568 2161 750 2197 indicium
790 2157 883 2195 facit
918 2161 1107 2208 particula
1139 2169 1207 2207 et,
1243 2164 1431 2200 excidisse
1461 2171 1584 2213 putat,

165 2243 243 2278 qua
273 2231 448 2279 suppleta
480 2238 571 2279 apta
602 2231 671 2267 erit
703 2229 909 2266 celeritatis
940 2231 1096 2276 mentio,
1128 2232 1209 2269 sive
1232 2233 1269 2269 in
1299 2235 1399 2271 hanc
1433 2241 1583 2271 senten-

165 2300 255 2336 tiam
300 2301 432 2337 Livius
470 2301 648 2350 scripsit:
692 2299 935 2337 Celeriter
975 2300 1041 2348 [et
1080 2315 1133 2338 ea
1176 2311 1318 2351 gesta
1348 2313 1484 2341 erant
1517 2304 1580 2355 et]

164 2384 220 2406 ex
250 2371 509 2419 provincia
538 2371 714 2407 litterae
754 2371 801 2407 R.
834 2383 885 2415 v.,
916 2371 996 2407 sive
1026 2372 1155 2420 potius
1186 2373 1224 2409 in
1256 2375 1374 2411 hanc:
1406 2374 1583 2411 Celeri-

163 2447 236 2476 ter
269 2448 310 2476 et
345 2439 510 2490 [Roma
556 2440 724 2476 consul
756 2440 813 2476 ad
844 2441 1008 2478 hostes
1041 2443 1098 2489 et]
1133 2456 1188 2479 ex
1218 2445 1479 2492 provincia
1505 2445 1582 2481 lit-

165 2517 276 2547 terae
306 2513 353 2549 R·.
385 2524 423 2549 v,
541 2510 618 2548 Sed
661 2523 738 2546 non
781 2510 905 2547 minus
937 2512 1143 2549 manifesta
1173 2513 1312 2550 lacuna
1343 2515 1460 2563 paulo
1494 2522 1582 2551 ante

163 2583 196 2624 (ς’
228 2580 268 2628 2)
315 2593 446 2618 omnes
489 2580 636 2617 fefellit.
724 2581 788 2617 Sic
819 2581 919 2617 enini
951 2581 1146 2618 scribitur:
1192 2584 1368 2631 Neque
1398 2591 1582 2622 tantum

163 2650 270 2686 acie
300 2651 418 2688 vicit
448 2651 515 2699 (Q.
546 2651 706 2688 Fulvius
737 2651 880 2688 consul,
902 2652 1113 2700 Ligures),
1157 2654 1240 2689 sed
1271 2661 1438 2691 castra
1474 2668 1581 2703 quo-
