1811 2925
221 284 313 316 Pers.
352 285 422 319 ind.
457 290 535 324 post
562 292 704 322 quum,
729 290 834 321 quo-

221 332 304 362 ties
331 334 407 362 621.

175 377 270 411 Pers.
285 383 318 408 et
338 386 485 417 praesens
498 376 678 416 permutari
697 375 832 406 solitum

221 425 254 455 in
282 425 484 464 quibusdam
511 421 621 452 verbis
647 425 724 453 354.

173 470 272 503 Pers.
300 469 502 501 conium-tivi
528 478 628 509 prave
654 478 715 510 pro
740 467 832 509 plus-

220 517 408 558 quampers.
436 520 490 551 43,
520 518 598 552 220,
624 525 684 556 pro
704 513 831 555 imperf.

221 567 275 597 55.
302 568 378 601 201,
407 566 496 599 2353
530 572 591 603 pro
617 562 701 603 perf.
729 561 830 594 indic.

221 618 296 651 post
324 621 460 651 quum,
488 608 659 650 quoties
688 611 768 641 621.

172 656 263 688 Pers.
291 657 447 688 infinitivi
473 662 551 697 post
586 655 687 686 nolo
714 657 792 686 381.

173 703 388 744 Persequi
441 705 522 744 (uno
564 708 679 732 tenore
720 701 832 742 sequi)

223 753 302 783 590.

172 797 319 833 Phacus,
346 806 407 826 arx
432 795 545 831 Pellae,
574 798 638 825 562
666 803 716 834 sq.

175 842 444 883 Pluzqunmperf.
485 841 687 872 coniunctivi
731 850 833 881 prave

217 900 276 930 pro
303 888 384 930 perf.
400 889 573 919 indicativi
592 888 682 929 apud
709 897 831 927 quum

220 939 273 968 63.
304 939 380 967 469.
409 938 485 970 571,
511 936 599 976 apud
626 944 707 965 non
733 941 831 965 autc

222 992 403 1022 —quam
446 985 529 1019 359,
567 982 654 1021 apud
692 981 831 1011 donec

219 1032 298 1059 596.
354 1028 493 1069 Plusqu.
521 1028 608 1059 coni.
645 1027 745 1058 simul
771 1027 830 1068 hy-

218 1075 425 1117 potheticum
453 1082 486 1106 et
511 1075 646 1106 causale
674 1077 751 1104 544.

171 1122 401 1153 Polliceor
433 1121 579 1152 fucere
612 1124 690 1153 248.

171 1168 331 1209 Populi
367 1168 508 1208 (singuli
537 1168 746 1208 singulorum
773 1178 832 1208 op-

217 1216 389 1256 pidorum)
415 1219 490 1246 443.

170 1261 355 1292 Portare
388 1268 420 1292 et
446 1263 682 1302 deportare
711 1264 787 1291 569.

171 1309 344 1340 Positivus
370 1319 432 1349 pro
454 1309 684 1349 comparativo
711 1308 833 1339 dubius

218 1358 273 1388 80.

171 1401 275 1433 Post
300 1411 374 1432 sex
408 1401 535 1432 annis
568 1401 710 1442 improb.
753 1404 830 1439 474,

219 1449 298 1479 item
325 1458 459 1479 annos
491 1457 566 1479 sex
590 1454 690 1488 post
716 1452 793 1479 513.

171 1495 455 1535 Praecipitare
488 1495 655 1526 inti-ausit.
688 1499 760 1526 143.

171 1540 483 1572 Praeiudicium
514 1540 668 1582 fit(non
695 1541 830 1573 affer·

217 1588 298 1627 tur)
320 1590 374 1618 80.

170 1633 370 1665 Praenomen
382 1643 448 1664 nou
466 1642 556 1666 reete
571 1635 731 1667 omissum
751 1639 828 1674 256,

219 1684 296 1712 272.

171 1727 372 1768 Praepositio
399 1727 449 1758 bis
480 1727 700 1767 intelligenda
726 1729 831 1769 (apud

217 1774 349 1814 velut)
378 1776 437 1812 633
471 1785 490 1805 a
523 1784 602 1806 cusu
640 1785 701 1806 suo
727 1776 831 1806 inter-

217 1827 317 1851 ventu
343 1820 429 1852 alius
454 1822 705 1862 praepositionis
733 1832 830 1862 sepa-

218 1874 291 1898 rata
322 1870 394 1898 144.

171 1913 326 1944 Praescns
352 1914 384 1943 in
418 1914 616 1944 condicione
642 1913 745 1944 futuri
772 1914 830 1954 (ni

219 1960 289 1997 sit)
317 1963 404 1997 4223
436 1970 584 2001 praesens
619 1967 651 1991 et
685 1959 769 2001 perf.
797 1961 831 1990 in

218 2007 419 2047 quibusdam
434 2007 542 2038 verbis
556 2007 734 2038 scribendo
751 2017 831 2038 con-

219 2053 295 2084 fusa
321 2057 399 2084 354.

173 2099 366 2131 Praeseus
396 2100 454 2140 (de
480 2099 644 2141 pecuniis)
682 2103 760 2131 389.

172 2146 433 2177 Praesidium
460 2147 583 2188 duplici
596 2147 739 2186 signific.
755 2150 830 2178 109.

171 2192 335 2224 Praeter
360 2193 553 2224 adverbium
581 2198 668 2231 340,
694 2197 771 2225 599.

173 2239 337 2270 Praetor
362 2240 477 2270 inter
518 2241 634 2271 cives
667 2250 736 2271 non
773 2251 833 2282 up-

219 2285 364 2326 pellatur
389 2286 558 2326 urbanus3
586 2290 640 2320 52,

174 2331 342 2363 Primus
369 2333 547 2373 quisque
574 2337 651 2365 528.

171 2377 382 2419 Princeps
407 2383 460 2410 41.

174 2424 255 2455 Pro
281 2425 449 2457 indicio
475 2427 617 2458 dicere
643 2430 732 2465 3893
758 2438 831 2468 pro

221 2478 433 2512 quaestore
459 2473 593 2504 alicui
634 2474 718 2513 (non
751 2474 826 2505 ali-

220 2518 357 2555 cuius)
384 2522 463 2552 498.

174 2563 457 2596 Prodictator
488 2575 556 2597 non
588 2566 702 2599 usitat.
729 2570 806 2598 233.

174 2609 357 2642 Prosusc
381 2621 484 2652 prave
516 2611 647 2653 (fuse)
683 2615 758 2644 194.

174 2656 366 2688 Pronomen
391 2658 585 2690 reflexivum
612 2659 726 2693 omiss.
755 2663 830 2691 408.

220 2703 436 2735 Pronominis
479 2705 609 2736 relativi
651 2706 832 2737 nominati-

843 163 920 198 635

972 291 1033 312 vus
1059 292 1102 312 ex
1138 282 1207 312 alio
1243 291 1323 312 casu
1349 281 1589 321 intelligendus

973 332 1060 365 4183
1107 329 1178 360 eius
1222 327 1340 359 formae
1381 338 1402 358 a
1441 328 1587 359 librariis

971 382 1170 416 permutatae
1206 378 1260 406 47.
1328 375 1490 406 Ριόῐιοῐῐι.
1530 375 1587 406 rel.

971 421 1061 452 male
1087 422 1130 452 ad
1159 422 1320 453 remotius
1352 421 1409 452 rel.
1438 424 1492 452 58.

924 468 1216 509 Prospectat-e
1243 469 1353 499 viam
1391 471 1467 500 152.

924 514 1188 556 Prospectus
1242 523 1275 546 et
1319 521 1587 555 conspectus

970 565 1047 592 347.

922 607 950 638 P
964 608 1178 639 ulvinario
1194 607 1295 648 (abl.)
1313 609 1494 639 barbarum
1508 611 1586 638 229.

923 654 1154 686 Putearius
1177 658 1254 686 582.

926 746 1078 786 Qualis
1115 748 1185 788 qui
1218 747 1252 778 in
1291 747 1494 788 superlativo
1527 757 1588 778 au-

974 796 1085 834 gendo
1111 795 1191 827 dub.
1223 797 1285 825 173
1309 804 1340 825 n.

926 840 1308 882 Quantuscunque
1351 851 1411 882 pro
1458 839 1588 870 infinito

972 891 1048 919 326.

926 934 1060 973 Quasi
1087 944 1163 965 cum
1195 944 1290 975 praes.
1320 939 1353 964 et
1377 932 1509 973 imperf.
1531 936 1586 963 91.

924 981 1010 1020 Que
1034 987 1202 1021 transpOS.
1229 981 1306 1012 499.

924 1028 1183 1067 Quicunque
1208 1037 1309 1068 prave
1334 1026 1479 1067 positum
1508 1028 1562 1056 78.

925 1075 1035 1113 Quid
1061 1075 1173 1115 quod
1199 1078 1264 1104 392
1291 1084 1323 1104 n.

925 1122 1102 1160 Quidem
1143 1120 1244 1161 (non
1283 1131 1364 1161 qu.‚
1402 1119 1473 1149 vix
1509 1116 1587 1159 ‘qud

972 1171 1059 1205 2743
1087 1168 1290 1207 quoniam
1317 1167 1486 1207 quidem
1512 1169 1585 1196 180.

925 1214 1006 1253 Qui
1032 1215 1169 1245 minus
1186 1225 1247 1255 pro
1274 1213 1500 1254 quominus
1527 1214 1588 1242 du-

973 1263 1066 1293 bium
1095 1264 1171 1293 355.

926 1308 1163 1348 Quisquam
1199 1317 1304 1348 prave
1342 1317 1404 1347 pro
1430 1307 1587 1347 quispi-

971 1366 1032 1386 am
1059 1358 1114 1386 47.

925 1401 1117 1442 Quisque
1149 1401 1275 1431 nomin.
1310 1410 1392 1431 casu
1417 1401 1503 1431 inter
1528 1401 1588 1431 ab·

971 1449 1092 1479 lativos
1118 1451 1201 1485 311;
1246 1456 1351 1488 pravo
1389 1457 1470 1477 casu
1496 1448 1587 1488 posi-

970 1503 1041 1526 tum
1079 1498 1167 1526 311.
1206 1497 1273 1524 454
1305 1504 1337 1524 n.
1403 1493 1588 1524 Familia

968 1542 1142 1582 Eluaeque
1207 1540 1388 1571 trahunt
1440 1541 1585 1581 improb.

972 1592 1035 1620 173
1063 1599 1094 1619 n.

922 1636 1013 1674 Quo
1054 1635 1168 1676 plus,

969 1685 1049 1715 457.

922 1728 1044 1767 Quod
1072 1729 1117 1769 (si
1144 1729 1244 1765 forte)
1272 1737 1347 1759 cum
1367 1727 1584 1758 coniunctivo

970 1779 1082 1806 415η.
1131 1774 1251 1813 Quod
1279 1781 1313 1805 et
1339 1781 1442 1815 quot
1468 1777 1534 1805 386
1555 1784 1584 1805 n,

923 1822 1098 1863 Quoque
1124 1832 1193 1852 nou
1221 1826 1311 1853 recto
1339 1823 1414 1852 loco
1439 1821 1585 1862 positum

971 1873 1025 1903 85.
1052 1872 1126 1905 102,
1157 1871 1218 1899 107
1246 1878 1279 1898 n.

924 1916 1115 1955 Quoteni
1145 1919 1219 1946 133.

924 1963 1059 2002 Q'uum
1099 1972 1174 1992 cum
1213 1962 1317 1992 modo
1350 1967 1409 1990 aut
1435 1966 1586 2002 tempore

968 2010 1059 2039 verbi
1089 2019 1155 2040 non
1182 2016 1274 2038 recto
1301 2010 1365 2044 63.
1397 2011 1479 2044 110,
1511 2011 1585 2041 112.

970 2059 1048 2093 469,
1077 2059 1154 2092 511,
1183 2058 1260 2092 571,
1289 2057 1373 2092 608,
1402 2057 1479 2092 615.
1509 2057 1586 2085 621.

1212 1645 1279 1665 uon
1325 1635 1435 1675 quod
1477 1634 1584 1674 plus⁷

921 2149 1170 2180 Rebellium
1197 2147 1441 2179 nonLatinum
1470 2150 1533 2179 517
1552 2158 1586 2178 n.

923 2195 1142 2227 Recensus
1170 2198 1244 2226 569.

924 2242 1154 2273 Remorari
1181 2249 1213 2273 et
1239 2242 1399 2272 morari
1427 2244 1503 2272 322.

922 2289 1136 2320 Reversus
1159 2299 1228 2319 nou
1255 2288 1431 2319 Livianum
1460 2291 1538 2319 581.

923 2335 1069 2366 Risias
1096 2345 1219 2366 nomen
1245 2345 1314 2365 non
1331 2335 1486 2366 Graecum
1505 2337 1587 2367 382.

923 2428 1202 2468 Sanguineus
1232 2435 1264 2458 et
1299 2434 1508 2458 cruentus
1530 2430 1585 2457 46.

922 2475 1051 2507 Sal-ta
1077 2481 1190 2506 tecta
1214 2474 1363 2505 locare
1390 2477 1469 2507 510.

924 2522 1126 2554 Secundo
1169 2531 1229 2562 pro
1282 2522 1433 2551 iterum
1486 2530 1586 2560 prave

969 2571 1045 2599 521.

923 2613 1170 2645 Secundum
1197 2614 1383 2655 aliquem
1411 2614 1491 2653 quid
1518 2623 1586 2644 non

972 2660 1153 2699 significet,
1173 2663 1227 2691 58.

927 2706 1078 2739 Serere
1106 2707 1295 2738 circulos
1322 2709 1400 2736 405.
