1811 2925
765 174 835 210 163
1258 175 1331 206 Lib.
1361 176 1459 210 VIII.

88 302 164 339 est;
203 308 325 343 neque
366 296 463 332 enim
495 296 572 333 ullo
604 297 719 333 modo
760 296 888 333 sicut
921 297 1096 333 missus
1128 298 1308 346 (Decius)
1342 319 1405 345 --,
1436 301 1502 336 ita

90 366 246 402 omnis
277 372 440 402 terror
459 374 530 403 cet.
564 368 600 403 in
632 381 747 404 unam
779 368 1007 404 sententiam
1032 374 1134 404 recte
1159 369 1317 406 conflari
1334 379 1506 418 possunt.

201 435 296 486 Cap.
337 440 394 482 10,
427 439 475 474 3:
518 437 594 485 qui
642 439 779 485 (triarii
812 438 961 478 Latini)
996 438 1302 487 aliquamdiu
1347 454 1506 490 pugna

91 507 252 543 atroci
295 520 433 556 quum
480 515 527 544 et
557 516 702 545 semet
747 509 840 558 ipsi
896 508 1197 556 fatigassent
1237 517 1279 546 et
1332 511 1506 548 hastas

88 584 170 614 aut
198 578 567 628 praefregissent
599 587 679 616 aut
724 580 1053 623 hebetassent,
1084 580 1327 628 pellerent
1358 582 1403 618 vi
1433 588 1505 619 ta-

89 661 189 685 men
231 651 439 694 hostem„
477 651 780 687 debellatum
822 650 920 685 iam
964 650 1059 686 rati
1090 672 1163 695 —‚
1202 658 1295 687 tuin
1333 654 1504 689 consul

85 720 298 761 triariis,
341 721 642 770 Consurgite
673 733 806 759 nunc.
837 721 1012 768 inquit7
1055 728 1126 759 cet.
1188 722 1327 770 Neque
1357 723 1405 759 vi
1439 736 1506 760 cur

88 791 275 836 addatur,
319 792 564 841 intelligitur,
603 793 713 841 quasi
757 799 869 828 atrox
912 804 1043 839 pugna
1074 792 1154 828 sine
1189 792 1227 828 vi
1258 805 1341 829 esse
1371 794 1505 842 possit.

85 874 210 910 neque
241 863 331 911 quid
362 871 453 912 agat
483 871 658 902 tamen:
688 875 777 898 nam
809 862 1024 898 vehementi
1055 863 1209 899 conatui
1240 862 1398 900 effectus
1428 877 1505 900 non

87 934 301 970 contrarius
332 941 407 977 est;
440 934 553 970 addo.
587 934 625 969 in
655 932 723 969 tali
754 932 940 981 asyndeto
971 945 1047 968 non
1072 933 1244 981 potuisse
1274 940 1436 970 tamen
1466 934 1504 970 in

87 1004 237 1040 tertium
272 1005 397 1041 locum
427 1005 553 1049 reiici,
595 1004 662 1040 sed
699 1003 916 1039 necessario
959 1003 1031 1051 ipsi
1076 1004 1194 1039 verbo
1225 1004 1502 1040 subiiciendum

86 1073 203 1110 fuisse
233 1075 494 1123 (pellerent
525 1073 714 1123 tamen).
791 1073 1007 1121 scripserat
1040 1073 1190 1110 Livius:
1236 1075 1504 1125 pellerent-

86 1157 174 1196 que
207 1146 398 1185 tandem
423 1147 621 1182 hostem.
695 1145 906 1182 Tandem
938 1156 1009 1192 pro
1040 1151 1196 1180 tamen
1227 1145 1503 1182 restituendum

86 1215 235 1251 ostendi
266 1217 380 1253 etiam
416 1217 552 1261 11,st
590 1219 648 1253 10.
751 1215 899 1253 Eodem
932 1214 1058 1262 capite
1088 1217 1106 1259 ξ
1143 1215 1188 1250 13
1221 1215 1275 1251 sio
1305 1216 1501 1253 scribitur:

86 1284 167 1322 Sin
199 1293 354 1323 autem
396 1299 505 1324 sese
543 1288 785 1325 devovere
819 1286 976 1330 volet,
1018 1284 1163 1321 sicuti
1197 1286 1379 1322 Decius
1419 1287 1503 1324 de-

83 1357 231 1401 vovit,
263 1358 308 1394 ni
337 1359 567 1404 moritui-2
613 1371 769 1406 neque
801 1369 933 1393 suum
965 1369 1118 1404 neque
1148 1357 1398 1405 publicum
1440 1358 1503 1394 di-

85 1427 243 1464 vinum
274 1441 391 1477 pure
422 1429 599 1475 faciet,
649 1428 728 1477 qui
766 1439 872 1464 sese
910 1427 1186 1463 devoverit.
1280 1428 1502 1466 Vulcano

86 1510 215 1535 arma
247 1500 348 1536 sive
380 1501 454 1538 cui
485 1501 571 1537 alii
593 1501 681 1536 deo
708 1510 888 1535 vovere
906 1497 1052 1542 volet,
1075 1497 1178 1534 Sive
1207 1499 1370 1535 hostia
1401 1499 1503 1535 sive

86 1580 176 1615 quo
208 1570 306 1606 alio
337 1571 492 1616 volet,
522 1572 594 1608 ius
626 1576 711 1607 est.
777 1569 823 1605 In
854 1567 913 1604 his
943 1568 1111 1616 primum
1141 1569 1290 1605 notatio
1320 1569 1385 1606 illa
1415 1583 1503 1618 per-

85 1650 209 1676 sonae:
242 1642 320 1689 qui
350 1654 455 1679 sese
486 1641 759 1685 devoverit,
791 1651 973 1688 perverse
1005 1645 1040 1675 et
1074 1651 1159 1675 cum
1190 1639 1306 1675 foeda
1336 1641 1503 1677 tautolo-

85 1709 149 1757 gia
181 1710 236 1758 (si
266 1725 445 1749 —sese
476 1714 718 1749 devovere
747 1710 883 1747 volet
910 1730 955 1735 —
979 1709 1057 1757 qni
1091 1721 1198 1746 sese
1229 1710 1500 1760 devoverit]

84 1785 257 1818 extremo
294 1782 380 1820 loco
426 1784 618 1829 adhaeret,
664 1782 842 1819 omnibus
883 1781 960 1817 iam
993 1780 1104 1827 quasi
1134 1780 1181 1816 de
1212 1793 1380 1829 persona
1409 1782 1502 1818 satis

84 1849 240 1888 definita
270 1853 397 1899 dictis;
427 1867 496 1891 nec
526 1854 700 1903 profecto
732 1852 889 1889 dubium
921 1863 1004 1887 esse
1036 1857 1208 1899 poterat,
1241 1851 1332 1898 quin
1364 1851 1502 1889 intelli—

83 1930 238 1968 geretur
250 1926 394 1969 consul,
409 1926 586 1970 dictator,
616 1931 759 1974 praetor
788 1922 954 1959 hostium
976 1921 1148 1969 legiones
1165 1921 1372 1958 devovens.
1425 1922 1501 1960 Sed

83 1991 257 2030 vitiosius
287 1995 424 2032 deinde
454 1996 491 2032 in
515 1996 635 2032 altera
658 1994 847 2031 Sententia
870 1993 937 2029 illa
955 1992 1168 2027 adduntur:
1200 1993 1307 2030 sive
1334 1995 1501 2031 hostia

82 2063 187 2100 sive
219 2078 308 2113 quo
341 2067 436 2103 alio
467 2067 616 2111 volet3
648 2078 757 2102 arma
787 2064 886 2100 enim
918 2076 988 2111 per
1018 2075 1081 2107 se,
1123 2075 1247 2110 neque
1278 2064 1406 2102 hostia
1435 2078 1501 2102 ne-

84 2147 158 2182 que
189 2136 264 2172 alio
301 2138 377 2174 ullo
412 2137 596 2182 adhibito,
627 2137 888 2178 vovebantur3
930 2133 1066 2170 hostiae
1096 2131 1238 2168 mentio
1269 2132 1416 2170 aliusve
1446 2135 1501 2171 rei

85 2205 207 2250 (velut
236 2206 342 2251 turis,
373 2205 464 2257 cet.)
495 2207 545 2243 ad
574 2221 653 2244 rein
685 2207 856 2243 divinam
884 2203 1102 2241 faciendam
1131 2202 1314 2251 pertinet,
1345 2218 1422 2241 non
1450 2206 1500 2242 ad

82 2282 214 2312 votum
249 2278 551 2326 concipiendum.
609 2277 764 2315 Accidit
796 2277 870 2312 hoe
899 2276 999 2318 loco,
1031 2273 1134 2321 quod
1162 2273 1229 2313 lib.
1259 2275 1402 2321 XXII,
1439 2277 1499 2319 10,

86 2346 107 2381 3
139 2345 268 2383 itidem
316 2348 354 2384 in
401 2355 552 2385 vetusto
584 2348 752 2385 carmine
797 2345 936 2383 accidit
979 2344 1157 2391 (datum
1195 2344 1366 2381 donum
1399 2345 1498 2382 duit

82 2417 291 2465 populus
321 2419 561 2456 Romanus
594 2417 874 2467 Quiritium)
907 2415 1088 2464 quodque
1117 2415 1155 2451 in
1185 2416 1259 2451 hoe
1292 2416 1377 2464 ipso
1401 2416 1498 2453 libro

82 2498 116 2524 c.
149 2488 212 2532 31,
236 2491 256 2524 5
287 2489 326 2524 in
355 2489 432 2525 MP
452 2489 591 2526 Klock.
615 2496 652 2526 et
677 2489 763 2527 edd.
790 2494 882 2526 vett.
909 2485 966 2527 (id
997 2491 1066 2530 est,
1097 2485 1246 2534 opinor,
1277 2486 1408 2523 codiee
1438 2500 1498 2523 ar-

84 2556 269 2608 chetypo)
298 2558 440 2596 factum
473 2572 575 2605 esse,
620 2561 669 2597 ab
703 2559 881 2596 omnibus
913 2555 1146 2592 intellectum
1180 2562 1258 2597 est,
1308 2564 1349 2593 ut
1379 2558 1499 2594 verba

82 2628 258 2675 quaedam
288 2630 453 2678 primum
484 2631 628 2667 omissa
657 2630 795 2667 deinde
823 2628 950 2665 alieno
981 2626 1066 2663 loeo
1102 2633 1378 2675 reponerentur
1412 2627 1498 2674 (cfr.

80 2709 252 2746 prooem.
283 2713 319 2749 p.
353 2700 434 2750 29).
493 2702 645 2738 Livium
678 2701 777 2738 enim
809 2698 1007 2749 scripsisse
1039 2696 1283 2733 manifestum
1316 2710 1398 2734 esse
1428 2710 1500 2746 pu-

1167 2780 1231 2813 ιι*
