1811 2925
837 133 881 169 81
1352 129 1426 160 Lib.
1460 128 1525 160 111.

150 265 248 297 sunt,
315 258 420 295 Nam
455 256 558 305 quod
590 255 741 304 magis
773 255 898 292 omitti
929 252 1088 299 dicitur,
1119 252 1265 289 frustra
1312 266 1480 303 quaeras,
1510 254 1576 291 ubi

152 330 286 367 Livius
329 329 367 365 in
404 328 471 365 tali
506 327 690 364 orationis
736 326 863 363 forma
901 324 1111 375 (adiunctis
1150 324 1328 373 proxime
1369 326 1417 362 ad
1448 326 1574 375 ipsum

152 401 382 438 adiectivum
430 400 544 436 rebus
577 397 828 448 comparatis)
875 398 929 434 ita
983 397 1144 442 dixerit3
1190 397 1306 433 habet
1352 397 1451 433 enim
1495 398 1576 435 haec

150 473 306 510 licentia
350 484 439 509 suas
487 483 649 515 causaS,
699 482 788 506 suos
827 470 934 508 fines.
1011 468 1203 517 Equidem
1244 481 1291 505 ue
1333 469 1379 505 de
1422 469 1576 507 XXIII

153 544 306 594 quidem
367 544 439 588 43,
490 543 536 579 13
591 548 656 578 aut
698 541 914 585 XXVIII,
957 543 1036 585 44,
1079 542 1100 577 9
1147 540 1402 590 suspicionem
1444 542 1573 578 exclu-

153 618 214 654 do.
305 617 511 653 Postremo
563 612 780 663 (subeunda
825 612 938 658 enim,
971 612 1135 649 veritate
1166 620 1345 662 cogente,
1404 614 1576 650 audaciae

152 687 399 737 reprehensio
449 686 522 735 est)
568 688 586 730 ξ
629 688 648 721 5
702 697 835 721 verum
883 696 965 720 esse
1003 697 1119 734 posse
1168 697 1288 732 nego,
1334 685 1437 733 quod
1482 686 1576 723 scri-

154 760 274 797 bitur:
316 771 455 807 quum
486 757 641 801 aliud,
674 762 999 805 praeterquam
1043 754 1096 791 de
1131 767 1221 803 quo
1255 757 1576 803 rettulissent,

154 829 420 868 decemviri
462 829 626 865 dicere
664 827 1013 876 prohiberent,
1047 826 1301 864 Claudium
1340 828 1576 878 interpel-

152 902 287 940 landi
322 900 621 938 verecundia
667 898 780 939 fuit:
819 899 899 935 haec
946 899 1043 935 enim
1077 899 1131 935 sic
1163 899 1351 945 dicuntur,
1390 907 1576 949 tanquam

153 975 279 1024 ipsum
323 972 527 1010 Claudium
573 971 637 1019 (de
669 983 713 1006 eo
746 970 846 1007 enim
879 970 1020 1019 agitur)
1054 971 1321 1019 prohibuerint
1355 972 1426 1008 nisi
1460 973 1506 1009 de
1536 986 1577 1009 re

153 1046 276 1082 relata
308 1044 446 1081 dicere.
516 1043 621 1079 Nam
654 1041 757 1090 quod
789 1041 1020 1078 adscribitur
1038 1041 1289 1080 Germanice:
1320 1051 1468 1085 sonst,
1499 1045 1577 1081 bei

154 1117 240 1154 (len
275 1115 495 1164 iibrigen,
536 1127 612 1151 non
660 1119 786 1163 potest
818 1113 943 1149 omitti
972 1113 1038 1159 id,
1088 1114 1126 1150 in
1159 1127 1235 1163 quo
1274 1115 1358 1163 ipsa
1389 1116 1578 1152 sententia

153 1188 328 1226 vertitur.
388 1186 598 1223 Manifesta
628 1185 824 1222 sententiae
856 1185 955 1221 ratio
987 1192 1024 1221 et
1055 1186 1335 1222 contrariorum
1367 1188 1491 1236 figura
1508 1201 1576 1237 po-

155 1259 284 1305 stulat,
305 1265 347 1295 ut
367 1259 575 1295 scribatur:
608 1270 748 1306 quum
780 1257 920 1302 alios,
951 1264 1276 1305 praeterquam
1301 1258 1352 1294 de
1375 1271 1464 1306 quo
1488 1267 1577 1296 ret-

154 1330 405 1373 tulissent,
437 1329 701 1367 decemviri
731 1328 893 1365 dicere
937 1328 1279 1377 prohiberent,
1323 1328 1577 1367 Claudium

154 1401 508 1450 interpellandi
547 1400 848 1438 verecundia
877 1396 1018 1448 suit.1)

278 1471 371 1522 Cap.
406 1475 469 1518 50,
505 1475 549 1509 10
585 1472 666 1521 (ubi
696 1472 742 1508 de
771 1471 914 1519 togatis
945 1471 1083 1520 agitur,
1116 1472 1180 1520 qui
1210 1479 1298 1520 post
1330 1473 1471 1509 caedem
1491 1473 1582 1509 Vir-

158 1544 270 1593 giniae
302 1557 351 1580 ex
379 1544 475 1580 urbe
503 1544 542 1580 in
567 1550 694 1579 castra
717 1550 937 1590 venel-anm:
970 1543 1135 1579 eadem
1166 1543 1259 1579 illa
1288 1544 1389 1590 (quae
1418 1543 1456 1579 in
1489 1544 1583 1580 urbe

160 1613 402 1657 accidissent)
436 1615 686 1661 querendo
732 1613 1070 1662 docendoque,
1104 1620 1282 1662 quanto
1314 1615 1420 1650 visa
1444 1627 1584 1662 quam

160 1685 633 1734 auditaindigniora
654 1685 912 1734 potuerint
941 1686 1115 1722 videri.
1157 1686 1282 1733 Quum
1304 1699 1385 1722 rem
1402 1693 1584 1732 atrocem,

160 1757 220 1793 cui
250 1756 323 1805 ipsi
352 1756 605 1802 interfuimus,
641 1757 724 1793 aliis
756 1769 979 1802 narramus,
1016 1757 1197 1794 docemus
1229 1770 1314 1794 eam
1345 1758 1464 1794 oculis
1495 1759 1584 1794 sub-

158 1828 297 1864 iectam
329 1840 445 1876 quam
476 1829 647 1865 auditam
678 1828 934 1877 indigniorem
965 1835 1031 1865 aut
1064 1829 1187 1865 visam
1219 1841 1302 1866 esse
1333 1838 1398 1865 aut
1430 1842 1586 1867 necesse

160 1898 279 1936 fuisse
309 1899 449 1945 videri3
479 1900 699 1949 potuisse
730 1899 852 1937 videri
879 1900 1152 1949 indigniorem,
1182 1901 1276 1937 nihil
1297 1908 1365 1947 est,
1398 1902 1500 1950 quod
1517 1901 1585 1937 do-

161 1982 340 2016 ceamus,
372 1971 555 2019 quoniam
586 1971 625 2008 id
656 1971 705 2008 ad
735 1984 814 2008 rem
847 1971 941 2008 nihil
971 1972 1139 2021 pertinet
1171 1978 1208 2008 et
1236 1985 1307 2021 per
1339 1984 1379 2008 se
1408 1972 1586 2022 intelligi-

187 2135 216 2180 1)
258 2136 340 2178 Cap.
369 2140 436 2175 44,
482 2140 500 2167 8
530 2141 621 2167 recte
656 2135 883 2176 Ingerslevius
910 2137 1106 2168 orationem
1132 2136 1178 2167 sic
1205 2137 1398 2178 descripsit:
1444 2137 1585 2169 Vocat

253 2199 445 2241 puellam
470 2198 514 2228 in
538 2198 613 2228 ius.
663 2199 949 2238 Auctoribus,
972 2199 1043 2241 qui
1070 2199 1269 2236 aderant,
1291 2205 1334 2230 ut
1360 2209 1586 2241 sequeren-

255 2267 333 2298 tur,
361 2261 411 2291 ad
438 2259 631 2291 tribunal
660 2261 789 2302 Appii
818 2267 1089 2302 perventum
1117 2267 1193 2294 est.
1244 2261 1404 2294 Postulat
1424 2268 1586 2303 assertor3

256 2322 521 2354 concedentibus
537 2322 809 2361 adversariis,fit,
822 2325 911 2364 quod
925 2323 1133 2366 postularat.
1187 2322 1268 2365 Cap.
1290 2327 1345 2362 49,
1363 2327 1380 2354 6
1401 2325 1490 2365 quod
1516 2325 1587 2366 ipse

256 2384 472 2416 scribendum
501 2384 727 2415 conieceram:
753 2385 967 2425 Agitatus
1006 2386 1165 2416 deinde
1192 2386 1406 2424 consiliis,
1433 2385 1476 2420 ad
1505 2397 1590 2431 quae

256 2456 304 2477 ex
336 2446 448 2477 omni
490 2451 614 2487 parte
649 2446 946 2479 adsentiendo
986 2448 1139 2479 multis
1171 2449 1422 2480 auctoribus
1456 2450 1588 2491 trepi-

255 2510 448 2546 daverat,
478 2513 678 2539 senatum
704 2511 861 2541 vocari
886 2516 1111 2552 postremo
1137 2510 1280 2548 iussit,
1306 2518 1424 2553 postea
1449 2522 1468 2542 a
1493 2512 1589 2544 Stro-

256 2571 326 2601 thio
352 2575 553 2612 occupatum
566 2569 648 2603 vidi.
685 2569 728 2601 Iu
747 2572 902 2603 codicum
927 2574 1093 2615 scriptura
1112 2573 1191 2611 (etsi
1218 2579 1259 2604 at
1285 2583 1363 2614 que
1389 2584 1507 2616 reapse
1521 2584 1589 2605 non

255 2629 367 2662 differt
399 2633 442 2663 ab
481 2632 530 2662 ad
556 2634 653 2672 quae)
697 2635 960 2674 perversissima
993 2641 1044 2667 est
1076 2635 1237 2666 orationis
1269 2637 1483 2677 progressio,
1512 2646 1588 2678 per-

253 2693 480 2724 versissimum
506 2694 888 2736 plusquamperfectum.

199 2764 342 2788 nlADVffill
362 2765 488 2788 Euzxon.
501 2765 575 2789 an.
1299 2762 1317 2792 (l
