1811 2925
806 179 856 215 99
1324 178 1396 209 Lu„
1434 178 1493 209 iv.

126 300 305 348 coniungi
335 300 490 335 omnino
521 312 597 335 non
628 307 811 347 possun13
842 306 946 337 recte
977 301 1076 336 enim
1108 301 1232 337 dicas:
1262 314 1364 337 voni
1398 302 1542 339 (lber-

125 378 226 407 sten
260 371 332 407 bis
355 370 778 412 zumLieutenant;
796 379 897 407 recte
916 371 1169 407 eti-‹11112v01n
1189 374 1541 422 erstenHaupt-

124 454 263 478 mann
294 441 365 477 bis
396 452 496 476 zum
526 440 705 476 lctzten
738 441 1043 478 Lieutenant.
1074 441 1200 490 inepte
1231 455 1332 480 vom
1362 444 1541 493 Haupt-

125 524 261 548 mann
293 511 364 548 bis
396 524 495 547 zum
528 511 728 547 Lieutcn
741 518 830 550 ant.
896 512 1044 548 Deinde
1074 512 1139 548 illa
1170 514 1445 562 significatione
1469 529 1541 551 ne-

124 583 290 619 cessario
330 583 410 618 liaec
454 583 573 618 verba
618 595 702 618 cum
741 583 912 619 zul‘niecto
939 583 1135 619 sententiae
1167 585 1418 633 (captivis)
1451 598 1540 622 con-

124 653 382 701 iungerentur.
445 653 567 701 Atqui
598 653 690 689 nihil
721 661 775 690 est
809 653 959 697 certius,
993 667 1108 701 quam
1127 655 1345 702 significari,
1378 656 1425 691 ad
1444 668 1541 704 quos

123 730 225 760 sorte
252 723 394 772 captivi
425 724 685 772 pervenerint:
725 723 895 770 alioquin
941 724 1040 761 enim
1090 725 1248 774 intelligi
1283 726 1437 762 omniuo
1475 739 1540 762 ne-

123 794 205 842 quit
234 795 347 830 sortis
379 794 706 838 commemoratio,
737 793 915 841 idemque
946 796 1185 843 apertissime
1215 797 1329 832 etiam
1361 797 1542 846 proxima

124 864 187 900 illa
215 865 496 900 demonstrant:
528 873 569 901 et
599 877 798 913 quorum
823 865 1001 901 eximia
1030 866 1186 902 virtus
1210 867 1383 911 fuerat,
1402 868 1540 906 binis,

123 935 261 983 Itaque
293 936 348 971 ab
380 936 543 983 equite
572 936 790 972 necessario
813 935 1038 984 simpliciter
1068 937 1312 986 coniungitur
1328 951 1413 974 cum
1443 951 1540 976 sor-

122 1013 166 1041 te
201 1005 379 1050 ductis3
419 1007 600 1043 adiuncto
639 1006 750 1042 simul
781 1006 845 1042 illo
880 1007 935 1041 ad
968 1008 1297 1044 centurionem
1330 1010 1432 1045 nulla
1465 1011 1539 1047 alia

123 1075 286 1113 efficitur
319 1077 505 1112 sententia
536 1076 607 1112 nisi
642 1089 800 1125 prorsus
833 1077 1014 1123 ridicula,
1069 1078 1241 1127 singulos
1279 1080 1452 1128 captivos
1491 1083 1540 1118 ab

122 1147 251 1194 aliquo
297 1147 424 1195 equite
462 1147 509 1182 ad
548 1147 714 1195 aliquem
757 1148 1016 1184 centurionem
1057 1156 1160 1185 sorte
1200 1151 1397 1186 traductos
1439 1164 1539 1197 essm

121 1217 190 1254 etsi
235 1218 475 1254 traductis
507 1217 582 1254 dici
611 1218 788 1262 debebat,
819 1231 894 1255 non
926 1219 1096 1255 ductis.
1162 1220 1263 1267 Quid
1297 1222 1429 1258 Livius
1459 1222 1540 1259 iac-

120 1295 199 1324 tum
231 1300 313 1324 esse
344 1288 542 1337 significet,
574 1289 779 1325 obscurum
810 1303 885 1326 non
917 1297 992 1327 est:
1022 1291 1095 1327 hoc
1123 1292 1221 1327 enim
1254 1292 1355 1337 dicit,
1401 1294 1540 1341 equiti-

119 1360 190 1396 bus
236 1366 272 1396 et
315 1359 598 1396 centurionibus
637 1360 710 1395 hoc
755 1361 938 1409 praecipui
984 1362 1117 1398 datum
1166 1374 1274 1406 esse„
1320 1371 1358 1399 ut
1402 1364 1539 1413 singuli

119 1431 290 1479 singulos
344 1430 517 1479 captivos
557 1437 659 1466 sorte
705 1431 909 1478 ducerent,
963 1446 1081 1481 quum
1125 1434 1311 1482 gregariis
1358 1435 1540 1472 militibus

121 1508 268 1538 tantum
318 1501 483 1550 pecunia
524 1514 572 1537 ex
629 1501 759 1550 praeda
806 1504 1040 1540 venumdata
1088 1504 1312 1543 solveretur.
1412 1506 1540 1556 Scrip-

121 1578 222 1608 serat
264 1572 399 1621 igitur,
446 1573 549 1620 quod
593 1585 710 1609 unum
747 1573 850 1609 illam
897 1574 1123 1610 sententiam
1156 1576 1288 1611 habet:
1335 1577 1542 1625 singulis

121 1643 332 1691 captivis
374 1644 429 1679 ab
475 1643 636 1691 equite
676 1656 727 1680 ac
759 1645 1042 1681 centurione
1083 1654 1214 1682 sorte
1252 1647 1431 1692 ductis,
1462 1649 1541 1684 sin-

121 1714 246 1762 gulari
277 1726 436 1750 numero
469 1713 648 1762 (equite
669 1736 719 1741 —
753 1715 1054 1763 centurione)
1094 1717 1132 1752 in
1176 1704 1442 1755 distributione
1476 1732 1541 1756 eo·

122 1785 206 1821 dem
238 1784 354 1820 modo
384 1785 510 1832 posito
530 1813 538 1829 ,
571 1797 646 1832 quo
676 1786 761 1831 IX,
801 1788 850 1823 43
884 1787 942 1823 bis
973 1785 1011 1835 (ξ
1045 1790 1066 1824 6
1101 1794 1137 1824 et
1167 1790 1232 1829 2¹1)
1269 1789 1469 1838 singulae
1496 1790 1542 1826 in

120 1855 322 1891 militem
352 1855 523 1891 tunicae
555 1855 731 1892 dicuntur
763 1863 797 1892 et
829 1857 970 1902 XXIL
1005 1859 1075 1903 23,
1109 1861 1129 1895 6
1161 1862 1351 1908 argenti
1382 1863 1540 1911 pondo

120 1927 232 1963 bina
263 1934 308 1962 et
337 1925 528 1962 selibrae
556 1927 600 1962 in
632 1927 829 1964 militem
864 1933 923 1979 (et
955 1928 1058 1977 apud
1091 1928 1340 1970 Ciceronem:
1385 1933 1541 1969 tritici

121 1997 306 2034 modius
337 2003 438 2034 erat
469 1996 539 2035 HS
571 1997 754 2043 ternis).
817 1998 944 2035 Semel
975 1999 1118 2048 ¹§cripte
1151 2003 1538 2051 e(ac‹3111111·ione)

120 2068 263 2104 factum
296 2068 432 2105 deinde
463 2075 520 2104 est
560 2069 734 2117 (propter
772 2069 828 2105 ab
874 2069 1054 2117 equite)
1098 2072 1155 2107 ad
1193 2073 1540 2119 centurionerrn

121 2138 187 2187 qui
230 2151 337 2175 error
379 2139 454 2184 (ad
488 2139 743 2187 colloquia
784 2152 855 2188 pro
898 2152 950 2176 ac
987 2141 1252 2192 colloquia)
1284 2144 1386 2189 VII,
1420 2147 1484 2190 40,
1517 2147 1538 2181 2

121 2210 370 2258 corrigendus
400 2210 482 2246 erit.
550 2210 658 2246 Vera
700 2210 890 2259 scriptura
931 2211 968 2247 in
1014 2213 1144 2249 codice
1174 2214 1387 2251 Loveliano
1421 2217 1442 2250 5
1474 2228 1540 2250 ex-

120 2287 195 2316 stat
233 2281 452 2317 coniectura
481 2288 647 2329 reperta.

232 2350 327 2400 Cap.
361 2352 424 2389 35,
458 2354 493 2388 6.
553 2350 822 2400 Obiurgabant
855 2352 996 2389 tribuni
1019 2353 1312 2395 multitudinem,
1345 2356 1469 2403 quod
1489 2377 1536 2381 —

118 2434 209 2458 non
241 2423 378 2458 modo
425 2422 482 2458 ad
523 2434 649 2470 spem
689 2423 976 2461 consulatus
1013 2425 1058 2460 in
1094 2433 1280 2473 partem
1311 2438 1539 2463 revocan-

121 2493 229 2528 dam
275 2493 499 2541 aspirare
538 2505 628 2528 non
660 2493 885 2536 auderet,
928 2494 1007 2530 sed
1042 2507 1095 2531 ne
1125 2496 1170 2531 in
1201 2496 1411 2533 tribunis
1443 2498 1540 2545 qni-

121 2563 220 2598 dem
253 2563 456 2599 militum
489 2563 714 2600 creandis
748 2586 794 2590 —
829 2571 908 2600 aut
939 2565 1010 2601 sui
1044 2573 1124 2601 aut
1154 2579 1348 2603 suorum
1380 2569 1539 2604 memi-

120 2634 284 2670 nisset.
345 2634 562 2670 Ridiculum
595 2641 651 2670 est
683 2643 719 2670 et.
749 2635 828 2671 sine
845 2647 958 2672 sensu
979 2635 1117 2672 dicitur
1147 2648 1274 2685 spem
1306 2651 1540 2676 revocare

121 2704 165 2740 in
202 2711 387 2753 partem
427 2712 462 2741 et
506 2705 729 2753 aspirare
760 2706 816 2741 ad
847 2718 974 2755 spem
1008 2707 1052 2743 in
1085 2714 1270 2756 partem
1311 2722 1540 2747 revocan-

1299 2793 1335 2804 -Ο
