1811 2925
815 130 893 165 415
1298 126 1375 157 Lib.
1393 125 1558 157 xxxw.
1582 105 1587 111 ’

149 252 320 289 undum
373 265 396 288 a
425 252 600 300 Magno
645 250 929 287 Alexandro
970 250 1153 294 serens,
1196 247 1322 285 filiis
1372 249 1560 286 duobus

150 323 431 371 Philippum
464 327 609 369 atque
639 321 970 358 Alexandrum
1001 325 1045 356 et
1076 319 1193 356 filiae
1223 321 1454 368 Apamam
1486 333 1560 356 no-

151 393 277 430 mina
306 393 627 442 imposuerat,
676 404 812 439 quam
843 392 992 441 regiis
1023 390 1285 439 (Amynandri
1311 390 1563 440 Athamanis)

151 465 385 501 inclutam
416 463 600 512 nuptiis
646 462 802 499 maior
839 475 896 499 ex
933 461 1176 499 fratribus
1206 461 1468 510 Philippus
1498 473 1562 497 se-

152 541 288 572 cutus
319 535 363 570 in
381 533 720 571 Athamaniam
752 532 930 570 fuerat.
991 532 1090 570 Mire
1120 531 1263 569 femina
1290 532 1423 580 regulo
1445 538 1564 580 nupta

152 606 282 643 statim
317 605 459 642 incluta
491 604 548 641 his
580 603 720 652 nuptiis
752 603 907 646 dicitur,
937 610 1121 651 tanquam
1151 602 1315 639 nominis
1346 603 1499 639 claritas
1515 603 1564 639 ad

152 676 383 725 longinquos
414 682 448 712 et
478 682 654 724 posteros
685 681 901 723 propagata
925 674 1169 723 significetur,
1193 680 1229 710 et
1247 673 1366 710 frater
1384 673 1565 710 inclutam

156 747 298 796 nuptiis
330 753 493 787 secutus,
530 754 714 794 tanquam
753 744 859 781 fama
903 758 923 781 e
968 745 1178 793 longinquo
1220 744 1338 780 allata
1367 744 1566 781 excitatus.

153 817 302 867 Opinor
332 828 408 854 una
446 816 573 853 littera
617 817 837 853 aberratum
869 828 974 861 esse,
1019 829 1133 864 quum
1166 815 1299 852 Livius
1329 815 1566 864 scripsisset:

153 901 289 937 quam
319 888 466 937 regiis
496 887 732 928 inclusam
762 886 960 935 nuptiis.
999 917 1035 925 ..
1074 886 1336 935 Philippus
1366 892 1566 923 secutus

151 961 195 996 in
229 958 568 996 Athamaniam
599 957 772 993 fuerat.
845 957 950 993 Nam
1002 958 1250 1006 illigatam
1301 957 1450 1006 longius
1489 957 1566 994 dis-

151 1030 260 1068 cedit.
274 1027 305 1078 ¹)

649 1198 753 1246 Lib.
805 1199 1048 1247 XXXVI.

262 1324 356 1374 Cap.
388 1325 424 1366 2,
462 1329 497 1361 1:
528 1325 616 1361 His
646 1325 714 1361 ita
744 1325 789 1361 in
815 1332 990 1361 senatu
1020 1326 1077 1362 ad
1107 1326 1281 1374 id,quae
1302 1326 1438 1362 cuius
1466 1338 1568 1375 pro-

150 1396 312 1433 vincia
337 1394 487 1440 foret,
517 1395 763 1441 decretis,
793 1401 888 1432 tum
919 1396 1100 1433 demum
1131 1397 1302 1433 sortiri
1339 1397 1564 1434 consules

178 1610 209 1654 ¹)
252 1613 331 1654 Cap.
359 1617 412 1651 49,
449 1618 487 1645 13
515 1614 564 1654 (in
591 1613 631 1644 T.
660 1613 810 1652 Quinctii
837 1615 989 1646 oratione
1016 1616 1050 1646 in
1077 1617 1221 1648 concilio
1247 1615 1469 1657 Achaeorum)
1497 1625 1566 1647 non

248 1676 355 1707 minus
381 1685 471 1706 nunc
497 1685 597 1715 quam
630 1676 711 1706 olim
750 1677 808 1716 (ad
834 1675 907 1710 Cic.
942 1677 1016 1708 libr.
1048 1682 1062 1708 1
1091 1679 1131 1709 de
1157 1679 1234 1714 Fin,
1261 1689 1287 1710 c.
1317 1681 1333 1709 7
1360 1689 1392 1720 p.
1419 1677 1477 1718 51)
1504 1678 1566 1708 mi-

248 1747 312 1775 ror,
339 1738 395 1778 qui
421 1737 550 1768 factum
575 1737 627 1775 sit,
653 1744 689 1767 ut
715 1738 921 1769 recentiores
948 1748 1065 1770 omnes
1092 1740 1374 1772 Drakenborchio
1395 1741 1567 1772 crederent

248 1804 338 1830 recte
357 1799 473 1830 scribi:
500 1798 602 1830 Nam
629 1800 743 1840 quod
769 1800 973 1841 optimum
1001 1810 1094 1832 esse
1119 1802 1290 1838 dicant,
1322 1812 1405 1834 non
1431 1803 1568 1833 inter-

246 1861 345 1902 poni
378 1870 453 1891 vos
487 1861 624 1897 bello,
669 1861 782 1892 nihil
818 1861 906 1892 imo
940 1869 1021 1892 tam
1048 1863 1234 1895 alienum
1261 1865 1386 1896 rebus
1410 1864 1568 1895 vestris

247 1928 320 1954 est.
372 1921 613 1954 Coniunctivus
639 1922 727 1953 enim
753 1923 787 1952 in
811 1923 877 1953 hoc
903 1933 1044 1963 genere,
1072 1925 1128 1956 ubi
1155 1926 1322 1957 iudicatur
1347 1926 1388 1956 de
1406 1935 1440 1957 re
1466 1924 1566 1963 facta,

247 1985 287 2014 de
314 1985 478 2016 sententia
502 1984 570 2015 iam
596 1984 638 2015 ab
664 1984 739 2015 aliis
767 1985 952 2025 proposita,
977 1985 1054 2017 ferri
1067 1988 1193 2028 nequit,
1211 1988 1378 2028 longeque
1399 1989 1568 2019 diversum

248 2052 297 2077 est
322 2047 431 2086 quod
456 2047 545 2087 apud
571 2046 768 2077 Terentium
797 2056 870 2077 cum
899 2049 1115 2079 coniunctim
1150 2049 1365 2090 (potentiali)
1408 2050 1454 2081 sic
1479 2050 1568 2090 posi-

248 2114 329 2146 tum,
356 2115 392 2139 ut
418 2108 611 2139 coniectura
636 2108 851 2149 praecipiatur
871 2110 905 2139 id
921 2133 928 2147 ,
956 2110 1045 2150 quod
1069 2111 1142 2150 quis
1169 2110 1314 2143 fortasse
1341 2113 1488 2143 dicturus
1515 2112 1568 2150 sit,

249 2177 284 2200 ut
310 2170 418 2210 quod
446 2170 564 2201 dieas
591 2170 649 2200 sit:
676 2168 897 2210 fingamus
923 2177 963 2201 te
988 2171 1157 2210 dicere3
1192 2173 1227 2204 si
1252 2171 1366 2205 forte
1391 2174 1568 2205 dixeris.

247 2232 347 2262 Hunc
373 2237 486 2262 tamen
512 2231 688 2268 Terentii,
727 2231 793 2262 hoc
818 2237 887 2270 est,
920 2233 1041 2263 veteris
1068 2234 1231 2265 sermonis
1259 2235 1445 2274 quotidiani
1471 2245 1568 2266 usum

249 2300 382 2324 secutus
408 2299 459 2324 est
486 2292 606 2325 Cicero
640 2303 708 2324 non
743 2293 853 2324 solum
886 2294 920 2324 in
946 2293 1063 2325 Pison.
1099 2304 1129 2327 c,
1157 2298 1211 2334 27,
1237 2299 1300 2333 66,
1333 2306 1432 2337 quem
1458 2297 1568 2328 locum

248 2355 328 2386 olim
355 2365 423 2385 non
448 2360 536 2386 recte
562 2356 686 2386 tentavi
715 2355 829 2395 (Nam
857 2356 965 2395 quod
1001 2356 1123 2388 vobis
1163 2357 1244 2389 iste
1280 2360 1570 2390 tantummodo

248 2417 480 2457 improbus,
507 2417 704 2448 crudelis
731 2441 762 2448 ..
791 2427 887 2448 esse
912 2417 1128 2457 videatur,
1151 2419 1260 2450 nihil
1287 2420 1449 2451 scitote
1475 2430 1569 2452 esse

248 2478 562 2519 luxuriosius),
589 2479 648 2510 sed
663 2479 775 2516 etiam,
796 2479 851 2519 qui
866 2479 962 2510 loeus
984 2488 1036 2509 me
1064 2485 1097 2510 et
1122 2480 1206 2511 alios
1225 2480 1321 2521 fugit,
1347 2481 1444 2512 Verr.
1458 2481 1501 2520 V,
1515 2485 1569 2520 68,

254 2543 335 2571 175:
368 2539 486 2578 Quod
524 2540 633 2571 enim
675 2546 712 2571 te
750 2540 984 2572 liberatum
1018 2541 1097 2572 iam
1137 2567 1146 2575 .
1173 2566 1180 2573 .
1209 2565 1216 2572 .
1245 2543 1432 2583 cogites,
1467 2543 1570 2574 mihi

250 2603 397 2641 crede,
425 2609 488 2635 eet.
553 2602 656 2644 Apud
683 2603 819 2634 Livium
849 2601 1022 2634 Creverius
1055 2608 1144 2634 recte
1169 2604 1320 2635 dieunt
1356 2605 1498 2636 edidisse
1524 2607 1571 2635 vi-

249 2663 357 2697 detur.
