1811 2925
199 145 274 176 Lib.
301 144 428 175 XLIV.
878 145 954 181 586

200 274 437 306 contractum
468 265 625 303 narret?
699 265 828 313 Quum
870 266 1039 303 decrevit
1066 266 1278 315 imperator
1306 279 1492 316 pugnare³
1543 279 1624 303 om-

200 339 310 377 nibus
345 337 598 387 praeparatis,
650 343 730 372 tum
763 336 915 372 demum
944 336 1094 385 signum
1142 337 1324 386 proponit
1369 343 1405 374 et
1433 337 1471 373 in
1502 338 1623 374 aciem

200 411 290 447 exit.
356 408 508 445 Deinde
540 408 625 456 quis
657 420 827 456 unquam
861 407 915 444 sic
947 408 1097 444 locutus
1130 414 1198 453 est,
1220 414 1261 444 ut
1290 409 1476 457 signum
1508 421 1623 458 pug-

198 494 263 517 nae
313 480 370 517 ad
416 479 681 515 exeundum
727 478 773 514 in
818 478 971 514 aciem
1021 479 1165 515 diceret
1207 491 1277 528 pro
1308 492 1378 525 eo,
1434 480 1535 528 quod
1568 486 1625 516 est

199 552 386 600 signum
438 549 650 586 exeundi
703 552 790 595 (aut
833 549 889 585 ad
921 549 1210 593 exeundum)
1263 549 1311 585 in
1361 551 1512 586 aciem
1558 556 1624 586 aut

200 623 391 671 signum
422 632 546 669 pugn
559 619 620 657 ae‘?
706 620 961 668 Perspicuum
993 626 1076 665 est,
1107 620 1145 656 in
1189 620 1345 657 consule
1389 633 1488 666 non,
1521 620 1625 668 quod

199 693 345 730 factum
381 698 507 735 esset,
556 690 623 727 sed
662 690 766 739 quod
814 688 1032 725 faciendum
1065 691 1200 728 fuisset
1239 705 1309 729 nec
1338 691 1482 728 factum
1514 698 1626 735 esset,

199 765 472 813 reprehensum
504 761 655 797 narrari
688 761 844 810 (quum
871 791 878 797 .
900 790 907 796 .
934 761 1211 798 exeundum
1241 761 1285 797 in
1317 763 1475 799 aciem
1506 762 1626 798 fuis-

200 837 302 876 set).
368 834 509 881 Itaque
542 839 609 869 aut
653 833 691 868 in
722 831 1026 881 propositum
1060 837 1242 880 corrupta
1279 833 1472 882 participii
1500 832 1627 869 forma

201 910 257 941 est
289 910 325 940 et
356 904 410 940 sic
440 904 702 941 scribendum:
750 916 888 951 quum
944 902 1054 938 luce
1094 902 1251 951 prima
1289 904 1480 953 signum
1514 918 1626 957 pro-

199 976 472 1029 ponendum
516 987 685 1024 pugnae
729 977 875 1025 atque
917 973 1189 1010 exeundum
1240 974 1285 1010 in
1318 976 1473 1013 aciem
1504 974 1626 1012 fuis-

200 1053 283 1093 set,
315 1053 382 1083 aut
411 1058 523 1082 casus
557 1046 718 1082 licenter
749 1050 931 1090 mutatus
966 1051 1006 1080 ut
1035 1045 1109 1080 hoc
1128 1045 1276 1082 restitui
1299 1046 1459 1083 debeat:
1489 1059 1625 1094 quum

199 1119 305 1155 luce
334 1117 511 1167 prima,
553 1117 700 1167 signo
749 1116 1007 1168 proposito
1042 1128 1235 1164 pugnae,
1275 1117 1547 1153 exeundum
1578 1117 1627 1153 in

201 1189 348 1226 aciem
380 1188 572 1224 fuisset.
633 1187 725 1224 Non
757 1187 935 1232 decerno,
970 1187 1007 1222 in
1039 1192 1165 1222 utram
1196 1193 1346 1235 partem
1369 1188 1518 1225 maiora
1536 1201 1626 1236 pro-

1268 1271 1290 1294 u
1309 1285 1316 1293 .

200 1314 410 1353 habilitatis
441 1320 639 1350 momenta
669 1314 862 1352 inclinent.
959 1312 1112 1358 (Codex
1154 1313 1365 1362 signasm
1407 1327 1478 1362 pro
1530 1314 1627 1363 sig-

201 1387 339 1429 num.)
418 1385 591 1429 (Livium
621 1398 697 1421 uno
730 1391 766 1420 et
802 1384 924 1420 altero
958 1383 1043 1419 1000
1074 1384 1496 1433 plusquamperfectum
1537 1398 1627 1421 con-

203 1457 361 1494 iunctivi
391 1456 682 1505 hypotheticum
728 1455 937 1492 subiecisse
977 1455 1236 1491 coniunctioni
1276 1469 1345 1504 per
1375 1467 1415 1491 se
1448 1456 1628 1493 coniunc-

201 1529 320 1565 tivum
352 1527 574 1577 postulanti,
608 1526 911 1562 commemoravi
930 1527 978 1562 ad
996 1527 1264 1570 XLII,59‚7:
1295 1527 1368 1571 1110,
1402 1527 1633 1563 510011111ηο-

203 1600 256 1636 tio
294 1600 469 1642 abesset,
514 1603 618 1633 recte
662 1597 868 1633 diceretur:
921 1598 1181 1633 exeundum
1225 1597 1434 1644 fuerat).
1552 1598 1632 1634 Ex-

202 1677 326 1709 tremo
363 1670 488 1718 capite
528 1672 545 1713 ξ
584 1670 657 1713 13,
704 1668 769 1703 ubi
819 1668 959 1704 editur:
1014 1669 1135 1704 Post
1176 1681 1424 1705 sermones
1475 1674 1632 1705 tamen

203 1740 379 1777 consul
411 1739 690 1775 orationem
723 1740 912 1784 habuit,
944 1740 979 1775 in
1013 1740 1143 1776 codice
1174 1739 1317 1775 nullum
1349 1739 1632 1788 praepositionis

204 1812 348 1861 (post)
389 1810 594 1858 vestigium
634 1816 690 1846 est
729 1810 920 1858 nimisque
954 1811 1099 1846 infinite
1131 1816 1167 1846 et
1197 1811 1365 1847 breviter
1396 1816 1507 1858 post
1536 1822 1632 1846 ser-

203 1895 369 1919 mones
402 1882 542 1918 dicitur
584 1881 630 1916 de
672 1881 954 1917 consultatione
996 1881 1235 1929 aliquamdiu
1265 1881 1422 1926 habita,
1454 1881 1627 1917 videtur-

206 1966 279 2001 que
310 1953 444 1990 Livius
476 1953 581 1989 aliud
614 1952 814 2000 scripsisse
855 1952 995 1998 (velutz
1027 1953 1147 1988 Tum
1180 1958 1353 1988 contra
1383 1952 1574 1988 huiusm
1587 1964 1633 1987 o-

205 2025 252 2061 di
283 2025 580 2070 sermones);
613 2023 706 2059 illud
727 2023 881 2071 quidem
902 2030 1066 2067 constat,
1093 2023 1335 2059 scribendum
1354 2035 1454 2058 esse:
1486 2022 1631 2062 talem

205 2095 378 2132 consul
428 2094 703 2130 orationem
750 2095 773 2130 h
788 2094 937 2130 abuit.
1013 2094 1192 2129 Tamen
1238 2094 1429 2142 particula
1473 2105 1632 2142 prorsus

205 2166 335 2215 inepta
366 2171 421 2202 est
453 2166 502 2201 ad
534 2165 776 2202 sententiam.

318 2236 415 2285 Cap,
450 2237 523 2279 39,
574 2240 586 2272 l
639 2236 691 2278 (in
740 2236 915 2272 oratione
945 2235 1097 2272 AEmilii
1129 2235 1318 2271 consulis.
1359 2235 1424 2270 ubi
1455 2234 1632 2277 ostendit,

207 2319 321 2355 quam
362 2307 494 2354 iniqua
533 2307 753 2343 conditione
789 2305 957 2343 Romani
989 2306 1187 2354 superiore
1221 2306 1281 2341 die
1310 2305 1518 2354 pugnaturi
1548 2304 1630 2341 fue-

206 2377 319 2425 rint):
364 2379 426 2414 At
458 2378 654 2414 hercule
695 2379 849 2414 aciem
883 2377 1071 2424 quidem
1104 2375 1408 2412 inconditam
1442 2375 1632 2411 inordi-

207 2454 465 2495 natamque
509 2449 884 2493 habuissemus,
925 2454 1090 2483 castra
1131 2446 1333 2490 munita,
1379 2446 1630 2494 provisam

208 2517 538 2565 aquationem„
569 2526 723 2555 tutum
756 2519 812 2554 ad
846 2531 944 2553 eam
971 2517 1064 2553 iter
1094 2516 1340 2565 praesidiis
1371 2515 1631 2564 impositis,

207 2588 468 2637 explorata
501 2589 633 2625 cirea
683 2588 864 2630 omnim
915 2601 971 2624 an
1015 2588 1137 2624 nihil
1184 2588 1341 2623 nostri
1386 2587 1631 2623 habentes

207 2665 387 2708 praeter
417 2660 591 2695 nudum
624 2672 869 2708 campum„
907 2659 952 2694 in
985 2671 1076 2706 quo
1108 2656 1464 2707 pugnaremus?
1525 2655 1632 2693 Scire
