1811 2925
821 140 869 174 57
1360 136 1433 167 Lib.
1462 136 1506 167 ΙΙ.

139 273 254 309 quum
293 259 329 295 in
362 272 446 295 eam
478 258 618 295 tribum
662 260 750 295 novi
796 260 953 296 tribules
987 267 1095 296 extra
1141 273 1225 296 eum
1269 272 1402 309 agrum
1435 260 1553 296 addit-i

139 338 283 376 essent,
325 342 392 366 usu
426 336 618 378 receptum
652 336 727 375 cst7
766 337 806 366 ut
835 330 908 374 illi,
942 330 1007 378 qui
1039 343 1086 366 ex
1120 343 1164 367 eo
1196 343 1290 380 agro
1321 332 1485 368 Romam
1518 339 1552 367 et

140 402 189 438 ad
219 401 372 438 comitia
403 399 585 444 venirent,
616 401 790 437 veteris
812 402 951 450 Appiae
981 402 1103 438 tribus
1133 402 1391 451 appellatione
1421 402 1552 438 distin-

139 478 344 521 guerentur
374 484 397 507 a
423 470 556 506 ceteris
585 469 799 507 tribulibus.
858 474 1048 520 Apparet,
1080 485 1147 509 cur
1164 473 1297 509 Livius
1327 473 1363 509 in
1392 473 1554 509 relativa

140 543 325 580 sententia
356 541 596 578 coniunctivo
627 542 741 578 modo
773 555 842 578 suo
875 556 981 580 more
1014 544 1060 579 de
1090 557 1131 580 re
1162 544 1299 592 saepius
1330 544 1434 581 facta
1466 557 1555 581 usus

140 614 200 652 sit.
259 613 524 661 Appellata
569 613 750 661 scriptum
793 619 868 654 est,
915 615 1018 662 quod
1056 615 1228 663 sequitur
1268 628 1289 654 a
1321 614 1554 664 (Appius).

141 683 220 722 Cfr.
256 686 288 725 1,
321 685 384 720 43.
421 686 435 720 1
472 684 625 732 prima
655 684 828 720 classis
859 696 1018 721 omnes
1049 682 1343 733 appellati1).

253 753 349 802 Cap.
388 756 446 799 18,
483 758 523 790 4:
562 754 653 792 Sed
683 767 765 790 nec
796 767 886 802 quo
917 768 1039 792 anno
1070 768 1152 792 nec
1184 756 1356 804 quibus
1389 767 1554 792 consu-

141 826 286 869 libus,
338 825 449 874 quia
501 838 554 861 ex
608 825 823 861 factione
875 826 1213 874 Tarquiniana
1263 831 1424 861 essent
1490 823 1555 872 (id

143 910 329 945 quoque
360 896 480 932 enim
511 896 766 941 traditur),
788 908 953 944 parum
985 898 1220 933 creditum
1249 897 1311 933 sit
1339 908 1423 932 nec
1451 895 1557 943 quis

142 968 340 1017 primum
372 967 584 1002 dictator
622 973 815 1002 creatus
860 967 941 1005 sit,
987 968 1108 1004 satis
1147 974 1351 1004 constat.
1424 967 1556 1003 Prima

142 1039 207 1075 illa
237 1038 437 1074 disiunctio
482 1038 580 1082 (nec
626 1049 716 1084 quo
756 1050 877 1074 anno
922 1051 1005 1075 nec
1056 1039 1228 1087 quibus
1273 1038 1557 1074 consulibus

141 1122 304 1158 parum
350 1108 582 1144 creditum
614 1108 692 1155 sit)
728 1116 763 1144 ct
802 1116 1032 1146 structuram
1065 1110 1249 1146 orationis·
1286 1110 1403 1146 habet
1431 1109 1558 1158 perin-

142 1187 268 1229 eptam
302 1180 369 1227 (—
401 1191 524 1226 neque
554 1179 653 1214 enim
683 1192 752 1227 per
781 1192 821 1216 se
852 1181 970 1228 quaeri
1000 1187 1147 1229 potest,
1190 1193 1266 1229 quo
1297 1193 1397 1217 anno
1429 1181 1557 1216 nes-:oio

143 1251 202 1287 cui
232 1250 375 1287 homini
404 1263 540 1299 parum
572 1250 756 1286 creditum
787 1252 846 1296 sit,
878 1252 989 1300 quasi
1012 1251 1225 1287 seiunctum
1255 1252 1328 1287 hoc
1349 1251 1397 1287 sit·
1421 1264 1442 1287 a
1467 1263 1556 1287 con-

143 1322 301 1361 sulibus,
331 1321 396 1357 sed
429 1327 588 1359 tantum,
631 1334 706 1369 quo
739 1335 851 1359 anno.
883 1324 955 1359 hoc
984 1330 1051 1362 cst.
1083 1323 1189 1359 cuius
1220 1322 1308 1358 anni
1340 1322 1559 1358 consulibus

142 1404 278 1441 parum
311 1392 494 1428 creditum
526 1392 572 1427 sit
592 1394 662 1436 ——)
694 1399 728 1428 et
760 1393 947 1441 reliquam
978 1394 1223 1430 sententiam:
1255 1406 1343 1430 nam
1377 1394 1557 1441 quoniam

143 1464 245 1513 apud
275 1465 472 1501 Romanos
503 1463 592 1498 anni
629 1464 847 1500 consulibus
883 1472 1084 1509 notantur,
1128 1464 1286 1500 ridicule
1334 1464 1443 1512 quasi
1483 1465 1558 1501 duo

142 1535 222 1571 haec
251 1542 462 1583 ponuntur:
516 1546 599 1570 nec
643 1546 733 1581 quo
776 1548 897 1571 anno
942 1548 1025 1571 nec
1057 1535 1231 1583 quibus
1265 1534 1560 1570 consulibus.

144 1604 301 1653 Duplex
338 1611 420 1640 erat
458 1605 665 1650 dubitatio,
706 1605 846 1644 altera.
885 1606 1023 1654 quibus
1061 1606 1280 1641 consulibus¹
1314 1615 1409 1653 (quo
1441 1605 1558 1652 anno)

145 1675 289 1723 primus
319 1675 483 1712 dictator
519 1682 669 1712 creatus
707 1683 804 1712 esset
845 1677 978 1724 (iisne.
1030 1689 1127 1724 quos
1159 1676 1291 1713 Livius
1321 1677 1394 1713 hoc
1437 1676 1561 1724 capite

145 1747 374 1782 nominavit.
414 1759 483 1785 an-
527 1759 688 1794 quorum
720 1760 820 1783 anno
852 1748 1063 1796 Dionysius
1094 1748 1144 1792 V,
1178 1749 1225 1784 72
1265 1760 1344 1784 rem
1377 1747 1559 1795 assignat.

146 1816 193 1864 Q.
225 1816 383 1854 Cloelio.
415 1818 462 1854 T.
496 1817 629 1854 Lartio
659 1818 730 1864 ΙΙ),
762 1819 895 1856 altera.
928 1819 1012 1866 quis.
1043 1819 1188 1867 primus
1220 1819 1386 1855 dictator
1416 1818 1560 1855 fuisset.

146 1890 334 1937 Apparet,
354 1889 503 1936 opinor,
520 1889 672 1924 Livium
694 1896 840 1925 tantum
867 1890 946 1925 haec
970 1890 1194 1938 scripsisse:
1226 1890 1315 1927 Sed
1349 1902 1432 1926 nec
1464 1889 1561 1937 qui-

146 1960 230 1995 bus
261 1958 563 2003 consulibus7
595 1959 706 2007 quia
731 1971 786 1995 ex
812 1959 925 1996 fact.
944 1961 1052 1997 Tar.
1075 1967 1235 1997 esseut
1255 1960 1460 2012 (i.q.e.t.)‚
1485 1972 1561 2008 pa-

146 2043 243 2066 rum
275 2030 509 2067 creditum
540 2030 622 2075 sit7
645 2043 729 2067 nec
755 2030 860 2078 quis
890 2032 1090 2079 primum
1123 2033 1339 2068 dictator
1369 2038 1562 2067 ereatus

147 2101 228 2146 sit,
258 2101 378 2137 satis
407 2107 613 2139 constat.
657 2101 758 2137 Illud
784 2114 867 2137 uec
900 2114 990 2149 quo
1016 2116 1138 2139 anno
1163 2103 1395 2151 adscriptum
1419 2109 1474 2138 est
1498 2102 1562 2138 de-

148 2172 337 2208 olarandae
353 2173 405 2208 rei
430 2184 548 2208 causa
562 2172 727 2208 fortasse
745 2173 792 2208 ab
811 2172 953 2220 aliquoq
980 2174 1045 2221 qui
1062 2186 1137 2209 non
1155 2173 1248 2209 satis
1267 2173 1488 2209 attendisset
1515 2174 1563 2208 ad

150 2243 248 2279 Livii
261 2242 444 2279 orationis
458 2243 683 2279 brevitatem
696 2243 865 2279 studiose
881 2244 1095 2291 quaesitam2
1107 2257 1182 2292 qua
1196 2245 1378 2293 temporis
1390 2251 1425 2281 et
1439 2256 1563 2280 causae

149 2313 375 2361 significatio
411 2314 448 2349 in
480 2326 592 2349 unam
613 2314 838 2350 sententiam
868 2314 1068 2351 conflatur.
1116 2313 1245 2361 (Quod
1268 2315 1305 2351 in
1324 2315 1407 2350 cod.
1432 2315 1564 2350 arche-

149 2391 241 2432 typo
271 2384 452 2432 scriptum
483 2383 575 2431 fuitzr
613 2385 784 2432 quibus
814 2384 934 2420 facti
965 2384 1272 2430 consulibus,
1304 2393 1428 2422 ortum
1460 2385 1565 2421 vide-

149 2463 210 2492 tur
242 2455 398 2492 librario
427 2455 612 2503 primum,
656 2467 772 2503 quum
802 2454 973 2502 quibus
1002 2454 1235 2503 scripsisset,
1283 2456 1485 2492 aberrante
1516 2455 1564 2491 ad

150 2526 262 2574 quia
293 2539 366 2570 ex,
406 2526 540 2562 deinde
576 2526 613 2562 in
652 2526 778 2561 media
820 2538 915 2561 voce
951 2524 1168 2562 factione
1207 2538 1289 2562 sese
1319 2526 1564 2571 retrahente.)

190 2618 217 2662 ¹)
244 2621 326 2653 Sero
351 2623 582 2659 animadverti,
604 2622 867 2653 Mommsenium
894 2632 1007 2653 veram
1029 2623 1242 2653 sententiam.
1270 2632 1338 2653 nou
1367 2623 1564 2662 scripturam

243 2684 380 2715 vidisse.
