1811 2925
201 140 277 171 Lib.
309 139 419 171 XLV.
875 141 952 176 594

201 263 325 307 nitur3
355 274 479 309 neque
510 262 609 298 enim
640 269 746 299 recta
775 260 902 298 forma
933 263 1051 307 (Rex
1082 263 1126 300 P.
1159 261 1311 298 Paulo
1359 263 1492 309 sah),
1534 275 1620 311 quae

201 346 271 382 per
302 345 342 368 se
371 331 499 380 posita
528 332 681 369 facilem
711 332 827 368 habet
859 332 1026 380 ellipsin,
1067 332 1120 369 sic
1153 332 1307 379 oblique
1337 332 1493 381 reliquae
1532 345 1620 370 ora-

200 403 295 439 tioni
327 402 443 438 inseri
478 403 555 439 ullo
586 403 702 439 modo
738 409 878 451 potest,
908 408 949 438 ut
981 402 1180 438 omitt-atur
1195 402 1419 440 infinitivus.
1464 402 1620 440 Codex:

200 485 310 521 rege
331 473 523 509 Persea.
581 472 714 508 Livius
736 473 960 521 scripserat:
994 479 1253 521 postquam
1285 486 1307 509 a
1338 475 1620 521 regePerse

201 542 396 579 consuli
434 543 480 582 P.
516 543 722 579 salutem
752 539 929 591 legit.¹)

313 611 408 661 Cap.
442 615 477 657 5,
510 616 531 649 4
565 613 647 659 (ubi
675 613 720 650 L.
743 613 882 650 Atilius
895 614 1167 650 Samothraces
1191 614 1229 650 in
1247 614 1472 651 Euandrum
1489 627 1620 652 sacro-

200 688 372 718 sanctam
404 683 568 720 insulam
589 683 822 731 polluentem
841 683 1043 729 eoncitat):
1076 683 1226 730 Quum
1259 684 1457 720 creditae
1487 697 1620 721 sanc-

200 752 335 788 titati
366 753 737 789 adsentirentur
767 765 942 798 omnes,
969 752 1066 789 Cur
1092 753 1257 802 igitun
1280 753 1450 802 inquit,
1482 754 1618 803 polui

201 835 302 859 eam
333 824 401 866 (sic
431 823 533 870 cod.)
564 821 815 860 homicida
848 823 1084 871 sanguine
1113 823 1242 872 regis
1259 824 1490 861 Eumenis
1520 825 1620 861 vio-

200 893 353 930 lavit?
385 900 441 941 et,
476 906 614 942 quum
647 894 804 931 omnis
835 892 1065 942 praefatio
1097 905 1349 931 sacrorum
1379 893 1619 945 (cod-prae-

199 964 450 1010 fatiorum)
483 977 583 1009 eos,
614 965 792 1013 quibus
824 976 914 1000 non
956 965 1051 1000 sint
1080 977 1211 1013 purae
1242 976 1429 1009 manus,
1460 965 1620 1001 sacris

200 1041 391 1078 arceat,
443 1047 528 1071 vos
573 1036 859 1083 penetralia
900 1042 1068 1071 vestra
1126 1035 1453 1072 contaminari
1510 1035 1619 1081 [cod.

200 1105 577 1153 conti-aminari)
637 1113 836 1142 cruento
894 1106 1107 1142 latronis
1154 1118 1360 1154 corpore
1418 1105 1619 1142 sinetis?

199 1176 279 1212 Pro
309 1176 455 1224 polui
487 1189 587 1212 eam
604 1176 796 1225 Grynaeus
814 1183 997 1225 posuerat
1027 1176 1276 1224 pollutam,
1298 1175 1517 1221 infeliciter3
1549 1188 1619 1212 ne—

226 1427 252 1468 ¹)
293 1428 333 1459 In
360 1429 459 1459 huius
486 1427 604 1468 capitis
639 1426 738 1457 initio
779 1437 884 1467 quum
911 1426 1104 1458 Gronovius
1131 1426 1422 1456 animadvertisset
1464 1425 1620 1457 inaudita.

295 1489 549 1521 constructione
575 1488 660 1527 legi:
704 1489 751 1518 ad
779 1497 982 1518 summam
1009 1489 1263 1519 sestertium
1291 1487 1478 1524 deciens,
1520 1488 1619 1527 quasi

293 1553 402 1582 dicas:
431 1551 480 1581 ad
507 1560 704 1581 summam
732 1550 812 1580 duo
843 1549 981 1582 milia,
1025 1550 1309 1590 scribendumque
1337 1558 1409 1580 esse
1434 1549 1620 1580 iudicasset

293 1612 504 1646 sestertii,
533 1612 679 1642 mirabili
706 1611 875 1642 oblivione
902 1616 934 1641 et
960 1610 1160 1642 confusione
1175 1611 1403 1651 K1·eyssigius‚
1433 1610 1486 1640 cui
1506 1609 1618 1641 Weis-

294 1675 494 1706 senbornius
521 1683 555 1704 se
582 1673 760 1710 adiunxit,
788 1673 934 1713 primum
961 1673 1119 1703 Tacitum
1160 1680 1192 1704 et
1218 1673 1304 1703 alios
1332 1672 1514 1712 scriptores
1538 1678 1617 1712 post

298 1737 470 1767 Ciceronis
497 1741 631 1766 aetatem
661 1735 726 1771 sic,
766 1740 802 1764 ut
828 1732 1022 1764 Gronovius
1064 1735 1166 1765 scribi
1200 1734 1325 1771 voluit,
1371 1734 1505 1764 locutos
1545 1742 1619 1763 esse

294 1798 390 1834 dixit,
433 1807 538 1837 quum
565 1796 592 1826 is
619 1805 698 1826 usus
731 1794 785 1833 (ut
817 1796 1009 1826 sestertium
1035 1806 1112 1826 cum
1139 1796 1301 1826 adverbio
1326 1795 1471 1825 decies
1506 1800 1539 1825 et
1565 1803 1619 1825 ce-

293 1860 371 1890 teris
399 1869 460 1900 pro
487 1858 625 1889 nomine
651 1857 815 1896 singulari
842 1856 1045 1896 declinetur)
1081 1863 1113 1887 et
1139 1855 1314 1888 Ciceronis
1341 1862 1372 1887 et
1398 1856 1550 1887 omnium
1577 1855 1619 1887 sit

293 1931 354 1951 nec
380 1921 486 1961 possit
511 1921 609 1950 aliter
634 1919 713 1951 diei.
780 1917 867 1948 Nam
902 1924 949 1948 et:
985 1919 1239 1949 sestertium
1272 1917 1532 1958 quadragies
1560 1925 1620 1946 re-

293 1982 525 2021 linquitun
553 1980 763 2011 nominativo
782 1989 872 2010 casu.
900 1985 933 2009 et
957 1979 1022 2011 Hs
1049 1979 1313 2018 quadragies
1343 1979 1493 2019 accepi
1519 1983 1551 2009 et
1577 1978 1619 2008 in

294 2043 505 2075 sestertio
532 2042 669 2072 vicies
697 2049 827 2080 egere
869 2046 901 2070 et
940 2041 1188 2080 syngrapha
1229 2040 1432 2071 sestertii
1473 2039 1619 2070 decies

295 2104 518 2135 Ciceroniana
544 2108 632 2133 sunt.
685 2102 818 2132 Deinde
846 2101 929 2131 nihil
956 2106 1104 2131 mutasse
1131 2100 1340 2132 Gronovium
1362 2102 1455 2131 addit
1475 2099 1564 2130 infra
1590 2109 1617 2132 c,

296 2171 350 2204 40,
380 2170 408 2203 l,
431 2166 488 2196 ubi
517 2170 607 2195 recte
635 2164 700 2194 dici
727 2167 857 2203 potest:
889 2172 1046 2192 summa
1082 2168 1145 2192 est
1173 2163 1423 2193 sestertium
1451 2161 1615 2192 millies

296 2227 537 2263 ducenties,
566 2230 715 2256 ceterum
739 2224 799 2255 HS
825 2223 858 2253 in
886 2223 1001 2253 codice
1028 2233 1096 2253 non
1122 2230 1171 2253 est
1204 2222 1251 2264 (et
1274 2223 1381 2254 omitti
1407 2224 1618 2255 nominativo

295 2293 327 2318 et
352 2287 545 2318 accusativo
572 2296 654 2317 casu
679 2285 739 2317 HS
764 2284 907 2325 potest),
934 2290 992 2314 aut
1019 2293 1046 2314 c.
1066 2288 1121 2321 43,
1142 2289 1173 2322 8,
1199 2285 1257 2315 ubi
1287 2294 1424 2325 prorsus
1463 2294 1620 2316 necessa-

296 2349 364 2379 rius
391 2355 443 2379 est
469 2348 696 2379 accusativus:
729 2346 986 2376 sestertium
1014 2346 1242 2377 ducenties
1267 2347 1483 2377 redactum
1511 2355 1617 2377 csse.

296 2409 385 2440 Illud
422 2410 585 2440 maiorem
610 2409 713 2439 habet
731 2407 989 2444 dubitationem,
1016 2408 1204 2448 potueritne
1232 2407 1372 2446 obliquo
1398 2417 1478 2437 casu
1506 2407 1618 2438 solum

296 2471 491 2501 adverbium
518 2470 618 2510 poni.
661 2468 947 2509 quemadmodum
990 2469 1099 2498 editur
1136 2469 1225 2510 apud
1251 2469 1386 2499 Livium
1412 2468 1616 2505 XXXVIII,

295 2534 359 2568 55,
401 2534 438 2561 9:
475 2531 743 2571 quadragies
776 2530 961 2563 ..litem
989 2530 1250 2560 aestimatam
1286 2529 1335 2570 (id
1358 2535 1424 2566 est,
1463 2530 1618 2560 sestertio

296 2592 515 2632 quadragies)
559 2598 590 2622 et
621 2596 678 2622 12:
722 2591 983 2632 quadragies
1025 2591 1138 2621 ratio
1172 2596 1433 2631 posceretur
1466 2590 1515 2630 (id
1549 2596 1616 2623 est.

298 2654 440 2684 sestertii
467 2652 698 2692 quadragies),
726 2662 768 2682 an
794 2653 874 2683 addi
901 2652 1103 2683 substantivi
1130 2657 1210 2682 nota
1236 2651 1369 2682 debeat.
