1811 2925
821 151 894 187 133
1353 150 1429 181 Lib.
1457 151 1520 184 VI.

258 272 352 322 Cap.
390 272 449 317 18,
482 274 503 309 6
522 271 576 320 (in
607 272 661 308 M.
695 272 831 308 Manlii
866 272 1066 317 oratione,
1097 271 1283 320 plebeios,
1313 279 1479 321 quantas
1510 275 1567 310 vi-

142 355 207 380 res
236 344 428 387 habeant,
463 343 669 380 docenti-sl:
720 343 768 379 Si
798 343 977 392 singuli
1015 342 1236 391 singulos
1277 346 1566 392 aggressuri

146 413 343 459 essetis,
374 419 533 450 tamen
573 413 741 450 acrius
780 414 1024 450 crederem
1065 425 1150 450 vos
1205 426 1291 462 pro
1333 414 1567 452 libertate

145 496 284 531 quam
313 484 428 521 illos
458 497 543 533 pro
586 484 926 521 dominatione
957 489 1254 529 certaturos3
1301 490 1415 532 quot
1445 485 1565 521 enim

145 554 351 591 clientes
382 555 512 591 circa
540 555 761 603 singulos
809 554 976 591 fuistis
1020 560 1280 603 patronos,
1324 561 1394 591 tot
1442 568 1567 592 nunc

145 625 379 661 adversus
410 638 547 662 unum
587 626 771 661 hostem
804 625 954 661 eritis.
1020 626 1188 662 Prorsus
1230 637 1353 674 prave
1383 626 1438 662 rei
1468 627 1566 663 fictae

144 695 202 745 (si
248 696 427 744 singuli
472 696 696 744 singulos
741 696 1026 744 aggressuri
1073 696 1265 743 essetis)
1307 708 1434 733 causae
1478 698 1564 735 loco

144 766 296 813 (enim)
342 767 379 802 id
410 766 625 811 subiicitur,
671 767 774 814 quod
805 767 973 803 maxime
1016 767 1250 803 contrarium
1277 772 1334 803 est
1365 767 1457 803 etin
1488 780 1565 815 quo

143 837 375 883 ostenditur,
425 842 568 884 quanto
600 837 735 873 melior
765 838 814 874 sit
844 850 939 874 vera
969 837 1189 874 certaminis
1220 838 1415 884 condicio,
1462 851 1564 886 quo-

143 908 247 944 niam
277 921 353 945 non
385 908 523 956 singuli
553 907 743 955 singulo&
784 908 851 944 sed
887 908 996 944 multi
1025 921 1142 944 unum
1174 909 1394 957 aggressuri
1425 909 1565 957 plebeii

143 979 228 1017 sint.
288 979 427 1027 Itaque
457 977 674 1014 necessario
704 979 778 1014 hoc
810 985 877 1014 aut
903 978 957 1015 sic
975 978 1257 1027 adiungendum
1279 985 1378 1015 erat:
1411 980 1451 1016 N
1462 993 1483 1015 u
1496 993 1562 1024 nc,

143 1054 259 1095 quot
289 1048 494 1085 clientes
526 1071 597 1094 —,
635 1054 707 1085 tot
738 1055 809 1085 cet.
841 1055 909 1085 aut
937 1062 1024 1086 cum
1053 1050 1224 1098 pondere
1255 1049 1336 1085 sine
1367 1049 1446 1085 ulla
1474 1063 1565 1098 par—

141 1118 259 1154 ticula
288 1120 520 1156 contrarium
554 1120 787 1169 ponendum.
866 1120 980 1157 Unde
1019 1126 1147 1156 tamen
1180 1120 1301 1156 enim
1333 1126 1457 1156 ortum
1492 1133 1562 1169 pu-

140 1189 334 1227 tabimus?
380 1191 542 1227 Poterat
586 1197 766 1239 suspecta
795 1202 878 1226 esse
917 1202 1042 1238 prava
1071 1190 1219 1226 librarii
1249 1191 1447 1240 diligentia
1477 1203 1562 1227 sen-

140 1260 280 1297 tentias
310 1266 461 1297 nectere
491 1261 676 1297 studentis
708 1267 745 1297 et
773 1261 811 1297 in
843 1274 887 1297 eo
917 1260 1146 1306 aberrantis,
1176 1261 1249 1297 nisi
1281 1269 1425 1298 certam
1455 1274 1560 1297 men-

141 1332 179 1368 di
226 1331 410 1380 originem
453 1331 671 1367 ostenderet
709 1332 955 1368 distributiva
992 1331 1229 1379 pronominis
1261 1330 1388 1368 forma
1424 1333 1562 1376 rarior,

140 1415 258 1451 quam
303 1400 438 1438 Cicero
487 1401 604 1437 semel
647 1402 765 1438 habet
810 1401 877 1449 (ad
908 1401 1025 1438 Attio.
1057 1401 1146 1446 XII,
1180 1403 1265 1445 33).
1346 1402 1563 1450 Scripserat

144 1473 244 1509 enim
278 1472 429 1508 Livius:
479 1472 684 1516 (luoteni
731 1472 936 1508 clientes
977 1472 1107 1508 circa
1135 1472 1358 1520 singulos
1389 1473 1561 1509 fuistis

142 1549 398 1591 patronos,
445 1547 516 1577 tot
556 1554 680 1578 nunc
721 1543 962 1579 adversus
1011 1555 1150 1579 unum
1187 1543 1371 1580 hostem
1404 1544 1560 1584 eritis,

145 1612 370 1662 (Quoteni
401 1632 450 1638 --
484 1612 715 1661 singulos,
745 1619 818 1649 tot
847 1635 900 1640 —-
932 1616 1103 1658 unum.)
1176 1614 1239 1650 Ex
1269 1614 1343 1650 eni
1372 1614 1506 1651 litteris
1538 1628 1562 1651 a

144 1690 263 1732 quot
294 1683 485 1719 distractis
516 1682 660 1719 factum
693 1689 750 1719 est
781 1684 915 1723 enim.

256 1753 352 1802 Cap.
387 1755 460 1799 27,
494 1757 514 1790 3
549 1754 629 1800 (ubi
660 1755 706 1790 de
737 1755 821 1791 aeris
853 1755 967 1791 alieni
994 1755 1140 1791 incerta
1170 1754 1276 1791 fama
1307 1755 1450 1804 agitur)
1482 1769 1560 1792 non

143 1830 245 1861 recte
284 1824 416 1861 scribi:
461 1825 852 1873 aggravantibus
895 1837 1121 1862 summam
1171 1826 1318 1862 etiam
1361 1826 1561 1862 invidiae

236 2054 550 2086 Weissenbornium
596 2056 714 2086 eodem
753 2057 802 2087 uti
838 2056 996 2097 perfugio
1038 2057 1214 2097 indignor,
1256 2058 1441 2098 praesertim
1484 2066 1561 2099 post

237 2115 422 2155 Kreyssigii
449 2117 712 2148 admonitionem
741 2117 775 2147 in
800 2118 946 2150 Adnott.
984 2119 1027 2149 ad
1064 2119 1149 2149 Livii
1187 2119 1291 2150 libros
1328 2119 1560 2151 XLI—XLV

235 2187 269 2217 p.
287 2179 340 2207 90.
389 2177 470 2207 Dixi
497 2178 538 2208 de
567 2183 637 2208 tota
664 2187 697 2208 re
724 2184 756 2208 et
782 2179 871 2210 hunc·¹
896 2179 1006 2220 ipsum
1026 2180 1138 2211 locum
1166 2190 1243 2211 cum
1269 2180 1436 2212 similibus
1464 2191 1558 2212 com-

236 2238 368 2278 praravi
396 2248 498 2280 supra
523 2249 555 2280 p.
586 2243 632 2270 14
659 2249 707 2280 sq.
758 2240 824 2271 Sed
851 2241 958 2272 multo
984 2242 1121 2281 gravius
1147 2247 1207 2279 est,
1235 2242 1326 2282 quod
1354 2252 1383 2273 c.
1404 2246 1459 2280 20,
1480 2246 1498 2273 8
1516 2242 1560 2272 ab

236 2300 355 2330 eodem
382 2300 641 2342 interpolatore,
680 2302 877 2342 perturbata
901 2312 1037 2343 prorsus
1071 2308 1239 2334 structura
1265 2304 1445 2342 orationis,
1474 2305 1560 2335 inter

233 2362 366 2393 medios
394 2361 574 2394 infinitivos
600 2363 835 2404 interpositum
862 2370 912 2395 est
938 2366 1167 2405 produxit,
1200 2376 1261 2407 pro
1295 2376 1362 2406 quo
1388 2367 1477 2407 quod
1504 2376 1560 2397 su-

235 2423 382 2463 periores
410 2423 505 2463 (ante
535 2424 809 2465 Alschefskium)
837 2426 982 2458 editores
1008 2427 1252 2458 substitueram
1277 2427 1558 2467 produxisse,

236 2484 440 2515 Rhenanum
462 2485 579 2523 secuti,
608 2487 731 2518 rectius
758 2488 896 2518 alteram
924 2488 1073 2519 eiusdem
1103 2488 1348 2526 coniecturam⁷
1388 2489 1430 2519 ad
1457 2499 1558 2530 quam

236 2546 307 2586 ipse
333 2547 439 2586 magis
466 2547 668 2585 inclinabat,
696 2549 801 2579 secuti
828 2554 960 2581 essent.
987 2554 1024 2580 ut
1055 2550 1194 2581 verbum
1220 2559 1356 2590 prorsus
1384 2550 1559 2588 tollerent3

237 2607 372 2637 auditur
398 2608 487 2638 enim
516 2608 573 2649 (ex
591 2609 762 2649 superiore
777 2610 853 2641 illo:
881 2621 966 2642 non
993 2621 1352 2642 commemorasse
1378 2617 1558 2650 tantum,

235 2669 307 2699 sed
333 2670 593 2709 produxisse
620 2671 765 2711 etiam)
792 2681 1164 2704 commemorasse.
