1811 2925
286 171 361 202 Lib.
387 171 483 202 xxt.
903 174 980 211 224

241 294 367 330 scendi
397 299 576 342 possent,
619 301 838 342 praeparata
867 301 903 331 et
932 296 1104 332 homines
1134 309 1203 344 per
1235 295 1409 344 speculas
1449 291 1640 341 dispositi;

242 365 367 412 itaque
407 377 475 412 pro
515 364 665 400 simili
694 377 769 399 non
809 365 943 401 missi
980 367 1241 411 scribendum,
1285 372 1325 403 ut
1362 378 1445 402 cum
1483 362 1642 400 teneri

240 435 503 482 coniungatur,
534 435 600 470 sed
633 434 805 479 missis
837 442 878 472 ut
911 449 997 473 cum
1027 438 1186 474 edicto
1216 435 1490 486 proposito,
1537 433 1641 470 Nam

241 505 399 541 missis
430 512 495 541 aut
524 505 656 541 missi
694 506 850 542 subesse
881 513 917 543 et
947 508 995 544 ab
1039 509 1213 556 Itaque
1256 520 1396 543 novam
1442 505 1640 554 periodum

240 576 424 625 incipere-‚
468 576 710 624 perspicuum
753 583 819 616 est,
897 579 1019 615 Totus
1057 579 1172 627 igitur
1200 578 1305 614 locus
1339 577 1392 614 sio
1422 575 1642 613 scribendus

241 653 313 683 est:
363 646 619 695 Extemplo
663 652 706 682 et,
749 659 771 686 a
802 652 1008 700 praetore
1045 650 1178 689 circa
1228 649 1459 688 civitates
1509 645 1643 682 missi

241 717 397 766 legati
428 717 736 765 tribunique,
775 719 852 766 qui
883 731 996 756 suos
1029 720 1083 755 ad
1118 732 1276 756 curam
1306 717 1538 754 custodiae
1567 717 1641 753 in-

240 788 501 831 tenderent,
522 792 564 828 et
594 795 703 824 ante
737 789 1172 839 omniaLilybaeum
1197 789 1350 826 teneri
1370 786 1642 836 (strepereP)

241 862 472 911 apparatu
502 859 643 902 belli‚
682 859 840 896 edicto
871 861 1150 909 proposito,
1201 866 1249 895 ut
1280 860 1402 896 socii
1439 858 1643 895 navales

242 931 403 967 decem
427 929 608 965 dierum
634 936 772 966 cocta
804 931 989 967 cibaria
1017 932 1070 968 ad
1100 943 1247 967 naves
1282 928 1644 974 deferrent,ubi

241 1002 430 1050 signum
461 1001 618 1036 datum
653 1007 797 1045 esset,
843 1015 897 1038 ne
931 1003 1041 1054 quid
1085 1015 1261 1038 moram
1289 999 1644 1039 conscendendi

242 1073 435 1118 faceret,
466 1084 646 1121 perque
675 1084 854 1108 omnem
887 1085 1040 1115 oram,
1083 1073 1160 1121 qui
1199 1086 1253 1108 ex
1284 1072 1495 1121 speculis
1525 1084 1643 1120 pro-

242 1144 484 1192 spicerent
536 1143 881 1179 adventantem
928 1143 1134 1180 host-ium
1188 1143 1419 1187 classem,
1467 1142 1643 1182 missis.

241 1214 339 1250 Illud
371 1214 490 1257 addo,
537 1220 580 1249 et
611 1219 698 1261 post
727 1213 1041 1249 intenderent
1080 1214 1265 1250 excidisse
1309 1226 1385 1249 non
1415 1212 1643 1260 infrequenti

241 1284 414 1332 exemplo
446 1285 550 1332 (post
582 1290 643 1328 nt,
675 1282 742 1321 cfr.
775 1284 828 1327 X,
860 1285 924 1327 21,
957 1286 991 1328 6,
1022 1285 1180 1329 XXIV,
1212 1287 1248 1326 4,
1282 1287 1342 1330 5),
1375 1291 1461 1332 post
1493 1283 1645 1319 defer-

241 1362 345 1392 rent
374 1356 543 1392 additum
575 1367 668 1396 esse,
701 1355 802 1403 quod
834 1355 1106 1390 sententiarum
1137 1355 1351 1391 coniunctio
1377 1367 1452 1390 non
1473 1353 1645 1390 animad-

240 1423 502 1472 verteretur¹)‚
561 1425 694 1462 Potuit·
727 1425 840 1460 etiam
869 1426 1000 1462 scribi:
1030 1433 1089 1469 ut2
1119 1426 1272 1463 ubi
1304 1438 1358 1461 ne
1389 1426 1501 1473 quid
1531 1431 1600 1462 cet.

361 1495 456 1544 Cap.
490 1498 560 1539 51,
605 1499 648 1532 4:
691 1496 789 1532 Nec
832 1495 1085 1544 quisquam
1131 1497 1345 1533 hostium
1392 1497 1521 1532 circa
1567 1506 1647 1531 eas

241 1566 427 1602 insulas
461 1566 668 1612 (Vulcani)
702 1567 953 1611 inventus3
987 1567 1078 1603 iam
1110 1567 1241 1604 forte
1271 1567 1648 1604 transmiserant

242 1637 300 1672 ad
330 1637 625 1673 vastandam
658 1637 819 1673 Italiae
860 1649 1006 1673 oram.
1053 1637 1302 1675 Scribendum
1334 1651 1415 1674 esse
1444 1650 1559 1682 nam,
1589 1637 1646 1685 ip·

241 1719 322 1743 sum
354 1708 574 1743 adverbium
606 1707 733 1743 forte
765 1708 1013 1752 demonstrat,
1045 1709 1148 1756 quod
1169 1721 1247 1745 rem
1274 1722 1363 1745 casu
1395 1709 1550 1753 factam,
1571 1721 1645 1743 non

241 1778 385 1813 consilii
417 1785 503 1813 ante
533 1778 635 1826 capti
665 1779 949 1815 exsecutionem
980 1779 1190 1827 significat„
1236 1780 1282 1816 de
1324 1793 1400 1828 qua
1444 1780 1527 1815 sola
1556 1778 1647 1827 poni

242 1849 525 1896 quodammodo
555 1849 645 1884 iam
679 1856 848 1897 poterat;
879 1849 949 1885 etsi
982 1849 1043 1885 vel
1072 1849 1125 1885 sic
1139 1850 1269 1886 Livius
1294 1851 1524 1899 scripsisset:
1555 1849 1645 1885 iam

242 1920 372 1957 enim.

357 1989 452 2038 Cap.
489 1990 551 2033 52,
590 1992 629 2025 ll
667 2002 783 2037 quum
813 1990 851 2025 in
882 1990 1074 2026 codicibus
1100 1989 1202 2038 (PC)
1220 1991 1466 2027 scriberetur:
1494 1992 1646 2028 Varia

266 2193 294 2233 ¹)
329 2198 409 2228 Haec
445 2199 547 2229 totius
582 2199 646 2229 loci
684 2198 874 2230 emendatio
904 2200 971 2230 iam
1005 2200 1093 2240 apud
1121 2199 1361 2239 Ingerslevium
1399 2202 1552 2241 exposita
1584 2208 1645 2239 cst,

331 2260 391 2291 nisi
418 2261 507 2300 quod
533 2261 579 2291 ibi
605 2261 654 2291 ad
681 2270 939 2301 apparatum
968 2262 1074 2292 belli
1102 2261 1246 2292 edicto
1272 2264 1503 2303 proposito
1529 2264 1645 2294 scribi-

333 2328 392 2352 tur.
465 2322 785 2361 XVcissenbornius,
821 2323 877 2363 qui
903 2330 1002 2355 antea
1027 2329 1115 2354 recte
1158 2323 1389 2360 intellexerat,
1432 2325 1643 2356 scribendum

333 2393 423 2414 csso:
451 2394 469 2414 a
498 2390 684 2424 praetore
712 2384 836 2414 cirea
865 2384 1091 2421 civitates,
1117 2384 1151 2414 in
1176 2385 1252 2416 edit.
1279 2384 1562 2416 WVeidmanniana
1586 2396 1645 2416 ne-

331 2445 399 2476 scio
423 2456 488 2484 quo
515 2455 625 2475 errore
662 2451 693 2475 ct
734 2446 767 2475 in
794 2445 879 2475 Livii
921 2446 1072 2476 oratione
1103 2451 1135 2476 et
1161 2446 1195 2476 in
1232 2447 1500 2478 coniecturarum
1535 2448 1644 2478 indice

332 2507 377 2543 (in
403 2506 467 2536 fine
494 2507 693 2547 voluminis)
719 2506 832 2547 posuit
859 2507 978 2537 circa
1004 2507 1052 2537 ad
1080 2507 1313 2545 civitates,
1347 2510 1437 2548 quod
1464 2509 1643 2540 baibarum

331 2575 396 2606 est,
425 2570 458 2599 in
484 2569 703 2599 adnotatione
730 2575 843 2599 tamen
868 2578 952 2598 verae
977 2566 1094 2598 formae
1120 2571 1281 2611 exemplis
1324 2572 1448 2607 utitur⁷
1485 2577 1642 2611 tanquam

331 2640 369 2660 ea
395 2630 428 2660 in
455 2636 616 2660 contextu
643 2632 751 2670 posita
780 2631 834 2661 sit.
886 2630 952 2661 Pro
979 2630 1116 2661 simili
1150 2632 1260 2672 posuit
1287 2632 1408 2662 missi
1436 2638 1595 2672 tanquam
1624 2642 1644 2662 a

331 2701 363 2721 se
390 2691 576 2724 inventum.
