1811 2925
275 144 348 175 Lib.
376 142 489 174 xxn.
899 144 976 180 242

344 266 439 315 Cap.
476 267 539 307 24„
576 266 618 301 8:
650 264 800 301 Simul
832 269 875 300 et
904 276 987 312 per
1019 276 1193 301 aversa
1222 271 1386 301 eastra
1420 279 1439 302 e
1462 265 1640 302 eastris

230 336 522 375 Hannibalis
569 336 825 384 equitatus
858 336 1089 381 (Romanus)
1118 348 1217 372 cum
1261 336 1358 372 levi
1392 342 1641 373 armatura

231 409 434 445 emissus
457 407 502 443 in
532 406 918 443 frumentatores
949 405 1046 441 late
1077 406 1244 442 caedem
1276 406 1542 454 fugamque
1562 407 1641 442 ho-

231 479 370 516 stium
408 478 681 527 palatorum
713 477 846 514 feeit.
910 476 955 512 In
986 477 1059 512 hae
1089 477 1260 513 codicum
1295 478 1482 526 scriptura
1524 489 1639 525 quum

230 551 310 586 iure
324 550 564 598 displicerent
597 560 777 584 aversa
807 554 974 583 eastra
992 560 1011 583 e
1032 547 1215 583 eastris
1235 547 1544 592 Hannibalis,
1561 547 1640 584 fere

233 634 277 657 eo
308 620 507 656 decursum
528 625 595 663 est„
619 626 659 655 ut
690 618 952 655 omitterentur
983 618 1103 654 verba
1134 630 1153 653 e
1184 618 1361 654 castris
1381 619 1550 663 Hann„
1569 618 1641 654 nisi

237 692 339 740 quod
369 690 707 727 Weissenbornius
758 688 903 737 aiiquid
950 688 1136 724 excidisse
1180 688 1394 736 suspicatus
1440 695 1515 733 est,
1555 701 1639 737 quae

234 763 399 812 suspicio
430 763 502 798 hoe
535 761 689 810 quidem
719 761 817 801 loeo,
849 759 912 796 ubi
942 759 1035 794 nihil
1065 759 1219 795 omnino
1254 759 1303 794 ad
1320 759 1544 795 sententiam
1576 772 1642 795 ex-

234 835 413 884 plendam
444 833 650 882 requiritur
679 844 748 867 nee
766 831 972 879 quiequam
1004 830 1169 866 occurrit
1199 829 1463 878 supplementi.
1483 830 1521 865 in
1539 830 1640 878 quod

232 906 298 942 illa
330 906 450 942 verba
479 910 567 952 apte
600 903 856 945 includantur,
886 901 1030 936 nullam
1051 901 1167 937 habet
1187 900 1513 949 probabilitatem,
1566 900 1643 937 Sed

233 976 383 1014 omissis
422 975 493 1011 illis
530 987 667 1022 parum
697 973 836 1009 usitate
875 985 956 1020 per
997 983 1173 1007 aversa
1223 978 1386 1007 eastra
1431 971 1567 1006 dieitur
1597 970 1644 1006 de

237 1060 374 1084 aversa
408 1052 619 1082 castrorum
652 1050 763 1094 parte
784 1044 843 1080 vel
874 1043 1000 1092 potins
1032 1043 1078 1078 de
1108 1055 1245 1079 aversa
1270 1049 1481 1079 castrorum
1507 1046 1641 1088 porta:

234 1132 358 1167 neque
396 1117 494 1153 enim
540 1129 622 1165 per
653 1121 814 1152 eastra
858 1115 920 1161 (ne
949 1127 1018 1163 per
1047 1121 1194 1162 partem
1228 1113 1377 1161 quidem
1410 1114 1641 1156 castrorum)

235 1191 476 1232 emittuntur,
508 1187 571 1235 qui
609 1187 744 1223 eastris
777 1185 1033 1234 egrediuntur.
1094 1185 1190 1221 Mihi
1221 1184 1372 1231 quidem
1404 1183 1522 1219 multo
1553 1194 1642 1230 pro-

235 1261 398 1299 babilius
438 1259 588 1294 videtur
618 1263 781 1293 castra
812 1270 834 1293 a
865 1256 967 1292 mala
997 1269 1110 1292 manu
1143 1255 1360 1298 accessisse„
1373 1267 1488 1302 quum
1511 1253 1644 1290 Livius.

235 1332 465 1381 scripsisset:
496 1342 578 1377 per
609 1340 784 1364 aversa
815 1340 838 1363 a
861 1328 954 1374 (ab)
983 1327 1161 1363 eastris
1195 1325 1489 1362 Hannibalis
1518 1324 1644 1372 equi-

235 1409 368 1439 tatus
399 1430 408 1439 .
426 1430 436 1439 .
454 1430 463 1439 .
484 1430 491 1437 .
521 1400 740 1443 emissus,
772 1399 844 1434 hoc
875 1404 942 1443 ests
974 1411 1042 1446 per
1072 1410 1155 1434 eam
1174 1402 1322 1445 partem
1346 1395 1428 1443 agri
1444 1396 1643 1432 circumia-

237 1474 365 1516 centis,
397 1484 480 1520 quae
497 1484 519 1507 a
536 1470 671 1506 eastris
699 1469 930 1505 Hannibalis
961 1481 1098 1505 aversa
1120 1474 1202 1504 erat
1232 1472 1350 1515 (pone
1380 1467 1556 1502 Romana
1577 1478 1643 1503 ea-

237 1548 342 1585 stra).
432 1544 621 1590 Apparet„
653 1541 718 1589 qui
749 1541 797 1577 ad
829 1553 1025 1584 aversa„
1060 1538 1163 1587 quod
1194 1537 1367 1574 absolute
1396 1537 1563 1585 positum
1599 1536 1643 1572 li-

237 1616 387 1653 brarius
418 1627 493 1650 non
525 1612 775 1660 intelligebat,
806 1612 970 1648 adscribi
1001 1610 1168 1659 potuerit
1200 1614 1385 1652 eastra;
1423 1608 1460 1644 in
1490 1607 1644 1655 reliquis

239 1700 354 1723 unam
386 1686 551 1721 litteram
586 1684 625 1729 (a
656 1696 726 1731 pro
759 1685 798 1722 e)
832 1682 993 1719 mutavi.
1108 1680 1279 1717 Gravior
1310 1678 1496 1715 dubitatio
1527 1683 1646 1714 restat

238 1758 353 1807 paulo
383 1762 492 1805 post,
525 1767 568 1790 eo
613 1753 803 1790 diffieilior
834 1753 1046 1802 explicatu7
1078 1751 1192 1800 qnodq
1224 1762 1456 1798 quamquam
1491 1762 1559 1798 per
1588 1754 1646 1784 to-

240 1835 319 1865 tum
350 1828 422 1864 hoe
454 1830 591 1873 caput,
619 1830 746 1860 tamen
774 1824 826 1860 ibi
858 1826 891 1870 (ξ
918 1826 939 1861 9
973 1830 1009 1860 et
1037 1820 1104 1871 10)
1137 1821 1302 1857 maxime
1334 1826 1506 1869 apparet,
1526 1832 1646 1867 quan-

239 1906 371 1948 topere
404 1897 537 1934 Livius
569 1895 774 1931 dilucidam
805 1894 957 1943 Polybii
988 1893 1245 1929 narrationem
1280 1891 1381 1938 (III,
1423 1893 1517 1931 101,
1553 1889 1645 1937 102)

241 1970 413 2019 quaeclam
446 1968 526 2004 sine
569 1966 715 2001 delectu
756 1964 1067 2011 eohaerentiaeqne
1097 1975 1189 1999 cura
1219 1961 1458 2010 excerpendo
1490 1966 1526 1997 et
1555 1961 1647 1996 flos-

240 2042 345 2078 culos
362 2039 572 2076 rhetoricos
601 2036 776 2072 addendo
796 2034 1022 2084 perverterit
1040 2040 1077 2070 et
1090 2032 1362 2070 obscuraverit.
1404 2033 1448 2069 In
1467 2032 1533 2068 tali
1547 2031 1646 2067 enim

243 2113 328 2148 loeo
360 2111 450 2160 quid
481 2109 622 2146 dictum
654 2120 730 2143 non
763 2107 955 2143 dictumve
984 2105 1033 2141 sit
1063 2112 1099 2140 et
1115 2105 1252 2153 quibus
1267 2103 1392 2139 verbis
1412 2115 1564 2150 quoque
1586 2114 1648 2138 or—

242 2183 340 2227 dine,
372 2181 524 2217 difficile
553 2184 610 2215 est
639 2179 820 2215 iudicare.
887 2176 1102 2225 (Floseulos
1131 2175 1280 2211 additos
1305 2186 1419 2222 quum
1442 2173 1539 2218 dieo,
1572 2172 1648 2221 sig-

242 2254 354 2290 nifioo
399 2259 435 2288 et
474 2251 565 2287 illud
597 2262 738 2298 supra⁷
789 2252 806 2293 ξ
840 2249 885 2293 3,
917 2246 1122 2283 emblema:
1167 2245 1289 2293 quod
1326 2244 1514 2280 minime
1545 2243 1648 2291 quis

245 2324 495 2367 crederet,
536 2322 573 2357 in
618 2333 693 2368 quo
729 2319 931 2357 Creverins
973 2317 1053 2354 iure
1077 2315 1202 2364 haesit3
1235 2336 1281 2341 —
1316 2314 1405 2363 qnid
1437 2313 1534 2350 enim
1566 2312 1651 2349 miri

245 2402 314 2440 est,
346 2407 461 2442 quum
496 2392 618 2429 hostis
649 2390 807 2440 propior
837 2389 903 2434 sit,
935 2402 957 2425 a
987 2389 1089 2424 bono
1119 2387 1349 2434 imperatore
1380 2384 1496 2420 minui
1528 2384 1650 2432 pabu-

340 2616 416 2645 dine
452 2621 588 2655 peraeta
616 2614 754 2651 dicitur,
787 2612 889 2643 modo
923 2611 1171 2646 Romanorum,
1214 2617 1280 2638 non
1320 2605 1650 2646 Carthaginiensium

338 2677 483 2709 nomine.
