1811 2925
875 174 952 210 259
1285 157 1288 160 ’
1382 173 1457 205 Lib.
1475 172 1609 204 xxm.

204 302 314 333 eatur
351 303 405 341 et,
456 297 486 332 si
525 309 744 346 praenomen
785 296 918 332 Livius
960 308 1104 344 ponere
1138 296 1344 342 voluisset,
1378 296 1454 333 iam
1495 297 1533 333 in
1564 309 1625 333 su-

203 368 354 417 periore
388 367 427 403 id
459 368 680 404 narratione
710 368 913 416 posuisset.
972 367 1086 415 Quod
1120 374 1248 404 autem
1278 367 1378 404 idem
1410 368 1529 404 dubia
1560 379 1626 404 su-

203 439 374 487 spicione
405 438 540 475 edidit:
571 439 782 488 perpelli
813 438 971 474 vinum
1007 438 1068 487 [ut
1100 438 1334 488 potaret]‚
1364 451 1524 488 prorsus
1556 438 1625 474 ali-

205 523 317 546 enum
349 517 406 546 est
436 510 515 546 vini
546 522 698 555 nomen,
729 510 784 545 ita
813 509 1025 558 praesertim
1054 510 1236 557 positum,
1267 516 1306 546 ut
1336 509 1532 558 singulare
1557 510 1626 546 ali-

206 581 311 628 quod
351 581 503 629 pondus
534 581 677 616 habere
707 580 905 624 videatur3
948 592 1073 628 neque
1118 580 1216 618 enim
1248 581 1321 617 nisi
1362 581 1492 617 vinum
1529 580 1627 627 (sive

204 664 353 688 merum
385 652 465 688 sive
496 652 771 700 temperatum)
802 652 1014 700 potabant;
1064 651 1196 699 itaque
1243 651 1448 700 potandi
1492 652 1625 695 verbo,

205 734 282 758 non
313 722 413 758 vini
443 729 598 758 strenua
619 722 786 759 convivii
815 721 1061 770 participatio
1079 723 1184 770 apud
1208 730 1356 760 veteres
1373 722 1627 771 significanda

206 799 301 837 erat,
332 793 502 841 latetque
533 793 570 829 id
608 794 766 829 verbum
798 793 836 828 in
866 792 1001 828 litteris
1034 790 1148 829 foede
1178 793 1370 830 distractis
1408 800 1445 830 et
1473 800 1626 842 pertur-

206 863 306 899 batis
336 864 644 908 holavinum,
687 864 760 899 hoc
792 870 871 907 est,
916 863 1196 911 potandum.
1264 864 1466 900 Habemus
1510 864 1628 913 igitur

206 933 286 969 haec
316 934 569 970 fundamenta
599 941 633 970 et
664 935 762 970 hane
792 932 958 969 sormam
990 933 1064 970 loci
1096 934 1318 982 supplendi:
1359 935 1497 973 Unus
1543 948 1627 972 nec

206 1003 504 1040 dominorum
548 1005 849 1041 invitatione
887 1018 972 1042 nec
1015 1005 1177 1054 ipsius
1216 1006 1296 1046 int,
1330 1006 1626 1042 Hannibalis

208 1074 442 1111 Calavius
489 1075 627 1111 filius
676 1088 760 1123 per
804 1084 841 1119 ††
897 1076 1163 1124 potandum
1208 1077 1381 1125 potuit.
1471 1076 1627 1113 Excidit

205 1143 413 1181 infinitivus
445 1151 481 1180 et
512 1145 586 1190 ad3
617 1145 747 1193 itaque
783 1146 952 1190 adscito,
991 1146 1096 1194 quod
1127 1147 1166 1183 in
1198 1148 1329 1184 codice
1358 1147 1501 1184 recenti
1534 1148 1628 1191 (Be-

205 1214 406 1264 rolinensi)
438 1216 533 1253 scite
566 1216 825 1265 excogitatum
857 1217 1020 1265 legitur,
1063 1218 1184 1254 verbo
1216 1219 1331 1264 satis,
1362 1225 1403 1254 ut
1432 1218 1471 1254 in
1501 1232 1542 1255 re
1572 1218 1626 1254 in-

207 1291 334 1327 eerta,
360 1287 613 1335 probabiliter
642 1287 703 1324 edi
731 1288 893 1336 poterit:
931 1287 1168 1325 Calavius
1209 1288 1348 1326 filius
1377 1302 1461 1338 per
1493 1288 1631 1338 [pelli

209 1356 284 1405 ad]
315 1359 587 1406 potandum
619 1355 832 1407 potuit1).
947 1359 1098 1395 Eodem
1137 1359 1263 1408 capite
1307 1363 1324 1405 ξ
1358 1362 1379 1397 9
1413 1361 1467 1397 sie
1497 1360 1535 1396 in
1567 1372 1632 1396 co-

206 1427 354 1464 dicibus
384 1430 458 1466 fide
502 1430 626 1479 dignis
657 1429 852 1466 scribitur:
897 1428 1193 1476 Consilium7
1225 1431 1384 1479 inquit
1431 1431 1631 1481 (Calavius

207 1497 349 1547 filius),
384 1500 567 1546 affero,
597 1507 757 1550 pater,
799 1513 890 1548 quo
932 1512 1022 1535 non
1053 1501 1200 1538 venia
1227 1502 1382 1539 solun]
1418 1503 1631 1551 peceati,

211 1580 268 1616 qu
285 1569 342 1605 od
372 1570 634 1608 defecimus
667 1571 722 1607 ad
753 1570 1096 1615 Hannibalem,
1130 1570 1223 1619 imp
1242 1573 1406 1609 etraui
1437 1573 1507 1618 (sie
1530 1575 1563 1610 P
1594 1587 1631 1610 m

216 1642 253 1684 13
286 1653 387 1676 man.
433 1643 453 1678 2
487 1641 562 1679 CM
612 1643 803 1691 ceterique
842 1641 1121 1690 impetrari)
1163 1642 1219 1678 ab
1254 1644 1483 1680 Romanis
1514 1643 1633 1680 etin

210 1710 362 1747 multo
404 1714 588 1750 maiore
617 1713 867 1762 dignitate
913 1719 957 1748 et
997 1711 1162 1760 gratia
1202 1713 1351 1750 simus
1397 1713 1634 1763 Campani

215 1793 351 1828 quam
382 1795 592 1832 unquam
623 1783 811 1822 fuimus.
873 1784 1004 1827 Recte,
1035 1783 1195 1831 opinor,
1227 1784 1345 1821 Valla
1380 1792 1417 1821 et
1447 1786 1634 1823 editiones

209 1851 259 1887 ad
288 1859 461 1890 nost-ram
491 1862 660 1891 aetatem:
691 1854 879 1891 veniam
898 1853 1427 1902 (veni5)inipetraturi
1458 1856 1552 1902 (cfr.
1588 1857 1635 1894 de

209 1922 395 1960 similibus
425 1926 571 1962 mendis
601 1925 744 1962 codicis
774 1924 945 1962 Vindob.
978 1924 1027 1960 ad
1043 1924 1178 1970 XLII,
1196 1927 1259 1971 25,
1282 1926 1341 1971 8);
1373 1926 1439 1962 sed
1470 1926 1552 1963 iure
1568 1939 1634 1963 ne-

209 2001 345 2041 gatur,
375 1995 458 2032 sim
471 2009 520 2032 us
551 1996 664 2032 simul
694 2008 779 2032 cum
808 1995 1131 2044 impetraturi
1162 1996 1343 2045 coniungi
1374 2002 1411 2032 et
1440 1997 1479 2033 in
1511 1997 1634 2035 altero

209 2066 382 2102 membro
414 2067 589 2104 absolute
618 2067 699 2104 sine
714 2067 919 2116 participio
937 2066 1011 2103 dici
1029 2079 1155 2115 posse,
1171 2079 1288 2115 quum
1304 2067 1517 2116 praesertim
1534 2068 1635 2105 idem

209 2140 359 2184 tempus
391 2143 554 2186 utroque
584 2139 669 2175 loco
694 2138 786 2187 poni
803 2138 952 2174 debeat.
1001 2137 1141 2184 Itaque
1161 2137 1216 2173 sie
1247 2137 1491 2174 scribendum
1522 2146 1635 2187 puto:

213 2198 311 2255 quo
332 2221 422 2244 non
446 2209 634 2245 veniam
665 2209 817 2246 solum
848 2238 858 2246 .
876 2237 884 2246 .
902 2207 1219 2256 impetraturi
1236 2208 1291 2244 ab
1306 2208 1543 2246 Romanis
1565 2216 1637 2247 set

211 2277 256 2313 in
286 2278 436 2315 multo
467 2281 649 2317 maiore
680 2279 928 2327 dignitate
973 2284 1017 2314 et
1050 2278 1222 2326 gratia
1254 2278 1402 2315 simus
1434 2278 1637 2329 Campa-

240 2458 272 2502 ²)
314 2462 423 2493 Paulo
450 2467 527 2492 ante
553 2462 605 2501 (6)
631 2469 706 2491 vere
731 2459 968 2499 Kreyssigius:
1010 2458 1057 2488 in
1091 2481 1121 2488 ..
1146 2458 1271 2488 domo
1313 2458 1395 2489 diti
1434 2469 1480 2490 ac
1506 2459 1638 2491 luxu-

306 2523 439 2560 riosa,
478 2523 567 2563 quod
593 2532 731 2563 prorsus
764 2520 908 2551 efficitur
941 2529 982 2550 ex
1008 2519 1163 2558 vestigiis
1189 2519 1309 2550 veteris
1337 2521 1510 2561 scripturae
1538 2520 1640 2564 (mo-

307 2584 723 2623 dodiuadvariosa),
745 2582 852 2613 nihilo
878 2581 1040 2612 incertius
1062 2590 1166 2620 quam
1210 2581 1341 2611 infinita
1367 2582 1454 2621 alia,
1495 2592 1570 2623 quae
1596 2592 1640 2614 ex

305 2646 511 2686 perturbatis
535 2645 564 2676 P
590 2645 711 2676 litteris
737 2650 916 2681 eruuntur3
947 2643 1092 2673 domus
1131 2643 1204 2673 diu
1236 2643 1465 2676 luxuriosa
1497 2655 1558 2686 pro
1586 2654 1638 2683 eo,

308 2708 400 2747 quod
426 2713 477 2738 est
496 2707 656 2738 veteris
680 2704 871 2742 luxuriae,
895 2704 960 2735 dici
987 2705 1117 2745 nequit.

1307 2778 1372 2811 17*
