1811 2925
793 116 866 151 561
1326 115 1402 149 Lib.
1422 115 1548 147 XLIV.

123 249 222 273 cam
252 235 512 285 planitiem
544 244 896 284 pervenerunt,
954 249 1125 284 neque,
1168 250 1222 273 an
1262 237 1475 274 infestus
1511 239 1549 275 is

122 307 260 344 locus
291 312 440 349 esset,
487 312 665 354 saeptus
697 307 934 355 undique,
981 300 1569 357 0110111ηερ101011(1131)11-’

123 377 237 414 tium
269 375 372 412 fuit.
446 376 540 412 Vix
590 378 781 413 tandem
823 389 878 413 ex
907 377 1163 426 insperato
1205 378 1304 423 (cod.
1339 378 1419 414 vix
1450 385 1550 414 tan-

123 447 224 484 dem
267 446 543 495 exspirato)
589 447 818 484 stabilem
863 448 919 484 ad
972 431 1302 484 insi'stendum
1358 449 1550 486 nanctis

123 519 281 556 locum
305 524 504 566 postero
527 530 716 566 quoque
738 518 815 554 die
846 517 893 553 in
914 524 1008 554 tam
1031 530 1150 555 cava
1183 518 1311 554 valle
1334 519 1550 568 opperiri

122 588 393 638 Popillium
439 599 491 623 ac
522 587 727 625 relictas
772 600 873 625 cum
917 601 968 625 eo
1014 589 1180 638 copias
1212 601 1414 626 necesse
1444 589 1548 626 fuit.

121 660 213 697 Non
258 658 462 695 Livianum
494 658 901 708 circumspicere,
947 671 1003 695 an
1047 658 1260 696 infestus
1305 659 1368 696 sit
1411 660 1549 697 locus

127 730 215 780 (pro
248 730 529 767 infestusne
560 735 627 765 aut
656 743 711 766 ne
744 728 991 777 infestus);
1035 736 1072 766 et
1098 730 1278 766 infestum
1309 730 1441 776 fuisse,
1483 732 1549 767 ad-

123 801 203 838 dita
234 806 410 848 saeptus
441 800 652 849 undique
697 806 734 836 et
773 800 818 836 in
863 806 955 836 tam
1005 813 1125 837 cava
1173 801 1303 838 valle
1337 801 1548 841 declarant.

123 871 322 909 Bekkerus
362 870 514 918 quidem
557 870 720 920 saeptis
766 867 882 907 scribi
924 872 1063 917 voluit3
1106 873 1173 908 sed
1217 872 1345 920 soeptis
1375 879 1548 921 potestas

122 941 453 991 circumspiciendi
484 941 603 987 deest,
634 954 708 978 non
741 942 908 991 spatium
942 943 1149 990 (ternpus);
1177 955 1244 979 cur
1273 943 1439 991 spatium
1470 956 1548 980 non

124 1012 251 1058 fuerit,
281 1012 469 1061 proximis
511 1012 730 1049 declaratur
767 1013 896 1050 verbis
934 1013 1031 1059 (vix
1075 1013 1265 1049 tandem
1303 1015 1423 1060 cet),
1464 1026 1549 1061 quae

123 1083 429 1131 interpungendo
460 1083 561 1119 male
592 1083 642 1119 ad.
672 1083 831 1120 alteram
865 1083 1093 1120 sententiam
1125 1089 1249 1119 tracta
1283 1090 1392 1128 sunt;
1423 1096 1548 1132 neque

123 1152 236 1197 enim,
268 1152 372 1200 quod
400 1153 467 1189 vix
498 1153 654 1190 tandem
696 1154 873 1191 stabilem
916 1154 1043 1190 locum
1074 1153 1242 1191 Romani
1282 1154 1386 1190 nacti
1426 1161 1547 1199 erant,

124 1224 290 1260 cohaeret
321 1236 405 1260 cum
437 1224 666 1261 necessitate
704 1225 908 1271 manendi,
939 1233 981 1261 ut
1012 1224 1133 1273 copiae
1164 1224 1305 1260 relictae
1337 1236 1547 1272 conseque-

123 1301 265 1331 rentur.
339 1296 386 1330 In
416 1294 548 1331 codice
597 1302 670 1331 est:
716 1302 1052 1344 pervenerunt
1100 1307 1301 1343 nequam
1332 1294 1547 1331 infectus

124 1371 196 1404 etc.
257 1365 509 1403 Scribendum
534 1365 653 1413 igitur
676 1373 734 1402 est
762 1379 838 1402 una
869 1366 1003 1402 addita
1027 1365 1172 1401 littera:
1203 1373 1546 1414 pervenerunt,

123 1448 227 1481 nec,
259 1449 399 1484 quam
430 1434 640 1472 infestus
670 1436 709 1473 is
739 1436 877 1472 locus
910 1443 1056 1481 esset,
1097 1442 1280 1484 saeptus
1313 1436 1545 1484 undique,

123 1506 553 1555 circumspiciendi
583 1507 799 1555 spatium
829 1506 923 1543 fuit
953 1506 1035 1542 vix
1068 1506 1260 1542 tandem
1302 1519 1356 1543 ex
1387 1507 1546 1555 inspe-

121 1584 230 1614 rato
261 1577 489 1614 stabilem
522 1577 579 1612 ad
599 1577 920 1614 insistendum
944 1576 1136 1612 nanctis
1159 1576 1326 1612 locum.
1379 1579 1545 1614 Poste-

122 1660 173 1684 ro
216 1660 406 1696 quoque
451 1647 525 1683 die
557 1654 626 1686 cet.
685 1647 909 1684 Necessitas
947 1647 1077 1683 statim
1121 1647 1386 1695 requiescendi
1427 1649 1546 1697 spati-

121 1731 186 1755 um
218 1718 548 1767 circumspiciendi
579 1718 734 1754 ademit.
874 1718 1062 1754 Extremo
1095 1730 1251 1766 quoque
1281 1719 1407 1767 capite
1435 1720 1469 1767 (ξ
1499 1720 1542 1755 12

121 1795 159 1825 et
186 1786 254 1838 13)
287 1788 432 1836 aliquid
463 1795 519 1824 est
549 1788 689 1824 mendi.
754 1787 818 1825 Sic
849 1788 950 1824 enim
980 1801 1082 1825 nunc
1112 1789 1308 1826 scribitur:
1338 1788 1546 1839 (Romani)

122 1859 343 1908 degressi
375 1859 421 1895 in
458 1871 655 1908 campos
703 1858 830 1894 inter
862 1859 1153 1896 Heracleum
1185 1867 1228 1896 et
1260 1860 1546 1897 Libethrum

121 1935 394 1979 posuerunt
450 1935 617 1966 castra
675 1929 911 1977 peditum,
963 1942 1160 1978 quorum
1219 1943 1331 1978 pars
1391 1931 1547 1967 maior

122 2000 335 2037 tumulos
375 2001 590 2045 tenebat3
632 2000 700 2036 ibi
745 1998 879 2034 vallo
919 1999 1020 2046 (cod.
1056 2000 1203 2049 valle)
1249 2001 1405 2050 campi
1437 2014 1545 2049 quo-

123 2084 211 2121 que
256 2078 464 2121 partem,
509 2070 588 2107 ubi
628 2081 773 2118 eques
810 2069 1055 2116 tenderet,
1103 2071 1544 2119 amplectebantur.

124 2142 202 2181 Sed
246 2155 370 2191 neque
425 2142 641 2191 peditum
692 2147 875 2189 separata
920 2149 1048 2178 castra
1088 2154 1258 2190 unquam
1301 2143 1546 2191 ponebantur

123 2212 248 2264 (quod
282 2214 315 2250 si
342 2214 470 2256 fieret,
514 2211 663 2260 pedites
694 2217 821 2247 castra
849 2211 1026 2260 posuisse
1057 2213 1284 2259 dicerentur,
1330 2225 1407 2249 non
1437 2213 1545 2261 pedi-

122 2284 233 2330 tum),
264 2290 302 2319 et
330 2288 548 2331 repugnant
571 2282 765 2331 proxima,
797 2294 881 2330 quae
912 2283 1046 2319 eadem
1079 2291 1206 2320 castra
1237 2283 1365 2332 campi
1395 2290 1544 2332 partem

123 2353 328 2402 complexa
358 2365 441 2389 esse
472 2352 694 2397 ostendunt3
735 2359 816 2389 tum
846 2354 1179 2401 perversissimum
1212 2362 1267 2392 est
1296 2355 1384 2399 ibi,
1428 2354 1544 2402 quod,

124 2435 200 2471 quo
230 2422 433 2469 referatur,
463 2435 541 2459 non
570 2423 699 2469 habet,
736 2423 810 2460 nisi
837 2423 944 2460 dicas
974 2423 1012 2459 in
1047 2425 1202 2462 tumulis
1231 2431 1382 2474 partem
1417 2425 1544 2473 campi

122 2493 228 2531 vallo
259 2494 577 2542 comprehensam
615 2505 710 2530 esse.
778 2493 940 2543 Opinor,
972 2496 1186 2544 peditum
1217 2508 1356 2533 nomen
1385 2501 1546 2544 propter

125 2564 336 2601 subiectam
368 2564 507 2612 equitis
537 2564 769 2601 mentionem
801 2566 972 2602 additum
1005 2578 1087 2602 esse
1119 2568 1167 2603 ab
1199 2567 1342 2615 aliquo,
1378 2566 1438 2602 cui
1467 2577 1543 2601 non

126 2635 220 2671 satis
251 2641 362 2681 esset,
412 2647 461 2671 ex
509 2635 595 2683 ipsa
644 2648 685 2672 re
726 2635 898 2684 intelligi,
943 2638 1129 2674 maiorem
1174 2637 1278 2673 illam
1330 2643 1542 2672 castrorum

164 2713 307 2737 uADVffin
329 2714 453 2737 Euneon.
476 2714 549 2738 Liu.
1227 2714 1269 2741 36
