1811 2925
810 120 887 155 359
1296 119 1373 153 Lib.
1399 120 1513 151 XXX.

137 242 241 277 iure
289 240 492 288 imperio
537 240 573 276 in
619 240 663 278 C,
695 239 856 278 Bamb..
902 240 1008 288 Lips.
1050 249 1179 289 potest
1224 249 1350 278 ortum
1391 255 1473 279 esse
1519 257 1567 280 ex

137 312 246 347 iure
276 310 468 358 imperi.
500 310 566 346 sed
598 315 724 358 potest
756 310 870 346 etiam
902 318 947 347 et
976 317 1065 359 post
1097 325 1117 350 e
1149 312 1339 349 excidisse
1370 314 1565 362 fuisseque

137 382 250 418 olim:
295 381 395 416 inre
430 388 472 416 et
505 377 787 428 imperio.)¹)

249 450 346 499 Cap.
380 454 444 495 44,
479 455 496 487 7
533 452 588 493 (in
619 450 794 486 oratione
827 451 1070 497 Hannibalis,
1103 458 1313 500 postquam
1345 453 1453 498 dixit,
1483 460 1564 489 tum

137 521 476 570 Carthaginienses
517 521 740 563 concidisse,
802 533 918 569 quum
969 522 1150 570 adempta
1201 522 1275 558 illis
1325 535 1434 558 arma
1477 523 1553 559 sint

136 605 254 628 naves
283 592 458 635 ineensae,
486 591 725 627 interdictum
759 592 925 628 externis
956 592 1102 640 bellis):
1133 593 1230 629 Nec
1261 604 1364 629 esse
1394 594 1439 629 in
1470 605 1555 629 vos

138 663 247 699 odio
281 670 445 698 vestro
478 661 747 697 consultum
780 663 836 698 ab
870 662 1099 699 Romanis
1130 664 1357 702 credatis
1407 664 1554 700 Nulla

136 746 305 781 magna
336 731 514 768 civitas
546 731 626 767 diu
661 732 918 779 quiescere
936 740 1116 781 potest;
1139 734 1177 770 si
1208 734 1332 770 foris
1367 735 1550 770 hostem

137 817 226 841 non
248 804 405 839 habet.
435 802 561 837 domi
582 802 779 838 invenit.
822 803 885 839 Sic
909 803 1094 838 edebatur
1109 803 1190 838 sine
1209 804 1408 840 varietatis
1430 805 1549 840 adno-

137 875 281 911 tatione
321 873 408 919 (nisi
440 872 477 907 in
507 872 619 919 diu);
647 872 916 909 Alschefskius
946 873 983 908 in
1008 872 1091 909 cod.
1116 873 1395 922 Bambergensi
1420 875 1551 911 scribit

139 955 238 979 esse:
260 954 344 977 nec
374 953 476 977 esse
507 949 577 977 est
606 942 650 977 in
682 954 778 981 uos.
808 943 846 978 in
869 942 918 980 C:
939 955 1136 979 necesse
1168 951 1322 981 estne
1352 946 1557 994 vos3ipse

137 1013 282 1062 posuit:
314 1023 514 1047 necesse
549 1018 621 1047 est
657 1012 703 1047 in
729 1025 814 1049 vos
844 1020 913 1049 cet.
958 1016 1085 1059 Quam
1108 1014 1214 1050 nulla
1231 1022 1330 1051 essct
1347 1015 1384 1050 in
1406 1015 1566 1063 vulgata

140 1083 330 1131 scriptura
384 1081 572 1117 sententia
632 1082 904 1131 (praeterquam
960 1084 1062 1131 quod
1108 1084 1290 1121 vitiosum
1339 1094 1438 1122 esset
1481 1099 1563 1122 nec

139 1153 352 1190 credatis
382 1165 453 1200 pro
486 1164 568 1188 nec
600 1153 961 1198 credideritis),
1002 1154 1164 1202 exposui
1195 1155 1232 1190 in
1265 1154 1409 1204 Opusc.
1439 1157 1564 1193 Acad.

139 1223 181 1259 II
210 1235 248 1271 p.
289 1220 423 1271 {07:9)
468 1235 704 1271 quamquam
735 1223 809 1271 ipsi
839 1223 1004 1260 editores
1034 1225 1076 1260 in
1108 1238 1155 1261 ea
1187 1226 1430 1274 expedienda
1459 1227 1564 1262 nullo

139 1293 255 1329 modo
286 1293 358 1329 sibi
388 1292 668 1329 satisfecerant.
729 1294 890 1330 Ostendi
932 1295 1008 1330 illic
1039 1302 1075 1331 et
1116 1308 1162 1331 ex
1204 1296 1263 1341 iis⁷
1309 1309 1393 1344 quae
1422 1310 1563 1346 praece-

139 1364 244 1407 dunt,
277 1371 312 1399 et
344 1377 391 1399 ex
421 1364 478 1402 iis.
511 1377 594 1412 quae
625 1372 836 1411 sequuntur
864 1365 1016 1411 (nulla
1048 1379 1220 1414 magna
1251 1366 1428 1403 civitas
1460 1367 1563 1413 ete),

143 1435 425 1482 apertissimum
460 1446 568 1474 esse,
607 1433 867 1470 Hannibalem
911 1447 987 1471 non
1019 1437 1065 1471 de
1109 1437 1218 1473 odio
1249 1437 1373 1484 loqui,
1419 1438 1485 1474 scd
1516 1438 1563 1473 de

143 1505 265 1549 otio,
308 1512 344 1540 et
387 1505 487 1540 hanc
530 1517 612 1540 esse
650 1505 893 1550 sententiam,
942 1505 1043 1542 falsa
1083 1514 1119 1542 et
1155 1507 1259 1542 inani
1290 1507 1563 1543 consolationis

142 1574 267 1621 specie
308 1574 405 1610 ludi.
446 1575 477 1610 si
519 1575 582 1622 qui
624 1574 690 1610 illa
731 1587 927 1611 armorum
968 1577 1202 1625 naviumque
1246 1578 1490 1626 ademptione
1528 1584 1564 1614 et-

168 1771 200 1814 ¹)
238 1773 321 1815 Cap.
349 1780 402 1812 41,
435 1780 447 1806 1
477 1777 503 1807 si
533 1778 611 1807 boni
640 1778 772 1808 codices
798 1778 963 1809 haberent
990 1780 1257 1820 praetoribus
1282 1790 1344 1821 pro
1369 1781 1560 1821 praetori,

233 1837 343 1867 simile
373 1843 462 1868 esset
487 1839 717 1869 anacoluthon
744 1839 791 1876 ei,
826 1840 915 1879 quod
946 1850 970 1870 c.
999 1845 1052 1872 40.
1082 1844 1099 1871 5
1127 1840 1273 1881 legitur3
1309 1842 1368 1872 sed
1407 1841 1561 1872 Alschef-

233 1898 326 1929 skius
352 1904 451 1930 tacet.
504 1898 587 1941 Cap.
617 1904 671 1932 4‘2.
699 1903 714 1930 7
744 1910 882 1940 neque
917 1902 1010 1942 ipse
1036 1913 1179 1942 pravum
1208 1909 1270 1934 est.
1297 1904 1458 1942 quoniam
1486 1903 1561 1933 Ma-

234 1961 379 1991 ccdones
404 1961 487 1991 nihil
514 1961 643 1991 immite
669 1968 727 1991 aut
756 1962 941 1993 inclemens
968 1964 1133 1994 dixerant.

233 2019 298 2051 ”Ut
314 2022 459 2062 ,possint
484 2022 588 2053 verba
614 2023 678 2054 hoc
714 2024 920 2063 significare:
962 2024 1048 2055 Nec
1086 2025 1301 2055 Romanos
1339 2024 1435 2054 ideo
1477 2029 1559 2055 tam

233 2083 388 2113 acerbe
421 2083 461 2113 in
498 2094 571 2114 vos
605 2085 821 2116 statuisse
852 2086 1138 2126 putaveritis,
1184 2092 1229 2116 ut
1266 2085 1405 2115 odium
1442 2095 1558 2116 suum

233 2143 460 2183 explerent
494 2145 580 2184 (non
605 2153 747 2186 possunt
785 2153 916 2185 autem3
942 2157 1040 2177 nemo
1075 2156 1164 2177 enlm
1198 2157 1347 2187 unquam
1383 2147 1429 2177 sic
1456 2147 1559 2177 dixit:

234 2204 464 2235 consulere
511 2207 551 2236 in
602 2206 790 2246 aliquem
837 2209 936 2239 odio
979 2208 1090 2239 eius.
1139 2218 1201 2238 nec
1251 2208 1366 2240 Livius
1418 2210 1557 2240 odium

233 2272 421 2297 vestrum
460 2278 521 2308 pro
560 2269 656 2298 odio
694 2270 834 2300 vestri
872 2271 1015 2310 posuit),
1056 2270 1113 2300 sed
1142 2276 1177 2300 ut
1203 2270 1353 2310 possint,
1392 2271 1472 2310 quid
1499 2271 1558 2301 ab·

233 2328 364 2358 surdius
392 2338 493 2369 quam
520 2329 748 2361 Hannibalem
776 2332 889 2361 induci
915 2331 1090 2362 Romanos
1117 2330 1354 2363 defendentem
1383 2339 1414 2362 et
1441 2334 1560 2363 crude-

232 2389 337 2420 litatis
372 2390 500 2420 crimen
525 2390 567 2421 ab
596 2391 636 2422 iis
663 2392 919 2422 amoventem?'’
958 2391 1200 2423 Alschefskius
1228 2400 1341 2424 tamen
1367 2404 1472 2435 prope
1498 2394 1557 2425 ab·

233 2451 387 2482 surdiora
421 2453 648 2491 excogitavit3
697 2453 799 2484 odio
841 2453 1281 2494 Carthaginiensium
1321 2455 1557 2486 consulere

232 2521 324 2543 esse:
359 2513 390 2543 id
423 2519 584 2553 spectare,
612 2519 648 2544 ut
674 2512 976 2555 Carthaginienses
1002 2515 1089 2546 odiis
1117 2516 1287 2547 intestinis
1315 2526 1350 2547 se
1376 2516 1558 2547 conficiant

232 2579 265 2603 et
290 2574 450 2614 perdant3
476 2581 509 2605 et
533 2584 670 2606 necesse
699 2585 781 2613 esse,
801 2576 1100 2617 Carthaginienses
1117 2577 1265 2614 credant,
1293 2577 1358 2608 hoc
1384 2578 1557 2608 Romanos

230 2635 328 2666 velle.
