1811 2925
867 153 940 189 521
1416 153 1493 184 Lib.
1508 152 1619 184 XLII.

192 274 417 311 donicum
450 273 631 311 bellum
675 280 1073 322 exspectaretur.
1152 274 1385 312 Gentium
1429 288 1623 324 quoque

193 345 265 392 (—-
303 345 357 382 sic
396 345 593 382 sententiae
623 345 851 394 separandae
881 351 970 381 sunt
1010 346 1093 391 —).
1131 345 1422 395 Illyriorum
1463 359 1622 395 regem

191 422 471 464 suspectum
521 417 743 453 Issenses
783 415 937 464 legati
975 415 1228 461 fecerunt.
1273 417 1416 453 simul
1457 418 1623 466 questi

190 486 320 523 fines
350 499 461 523 suos
492 487 702 523 secundo
734 487 1034 535 populatum,
1067 486 1209 523 simul
1237 489 1514 526 nuntiantes
1534 495 1621 526 cett.

192 557 301 594 Nihil
339 563 398 594 est
441 557 658 593 secundo
708 558 1006 607 populatum
1056 571 1128 607 pro
1173 559 1353 596 iterum
1392 565 1457 595 aut
1495 560 1623 608 potius

193 629 394 677 (quoniam
426 641 487 665 res
518 635 607 665 ante
640 635 946 665 commemorata
982 642 1059 665 non
1091 630 1163 676 est)
1206 630 1294 666 bis.
1362 629 1457 667 Cod.
1489 631 1623 667 habet:

192 700 331 736 simul
376 699 1301 749 quaestionesuosecundopopulatum.
1358 714 1405 737 ex
1444 714 1520 750 quo
1564 702 1623 738 fit:

193 772 339 808 simul
373 771 551 820 questi.
591 770 720 807 fines
761 782 875 807 suos
916 783 1015 810 eum
1060 770 1420 822 depopulatum.
1489 772 1623 809 Gemi-

192 849 284 880 nato
327 856 344 883 s
391 855 440 878 ex
479 842 680 878 seumde
720 847 847 877 ortum
891 842 1118 880 secundo.
1228 843 1308 879 Pro
1347 850 1622 892 suspectum

191 915 416 951 Issenses
448 913 532 951 cod.
564 918 841 960 susceptum
879 925 1009 957 esse.
1053 913 1093 949 in
1134 926 1210 961 quo
1251 914 1377 963 magis
1416 914 1623 963 significari

192 985 344 1021 videtur
374 984 514 1021 Issaei
545 982 736 1033 (Issei);
768 983 883 1019 etiam
916 986 934 1028 ξ
968 986 988 1019 4
1023 984 1077 1020 de
1108 985 1382 1021 recessisse
1421 985 1492 1030 (sic
1524 986 1621 1022 enim

192 1056 390 1099 scribitur)
409 1055 560 1091 facilius
579 1067 701 1104 prope
720 1067 785 1090 ex:
808 1054 861 1090 de
891 1066 1004 1103 rege
1024 1055 1163 1091 Issaei
1194 1068 1311 1103 quam
1329 1069 1395 1092 ex:
1427 1056 1482 1093 de
1511 1069 1624 1105 rege

192 1128 418 1163 Issenses
451 1125 542 1162 oriri
572 1125 717 1174 potuit3
764 1130 929 1173 utraque
969 1127 1136 1163 nominis
1179 1126 1308 1164 forma
1339 1128 1474 1164 Livius
1505 1128 1626 1165 utitur

192 1199 390 1241 (Issaeus
429 1197 608 1234 XXXI.
649 1199 724 1241 45.
775 1196 922 1241 XLII,
955 1198 1028 1242 483
1070 1211 1140 1234 nec.
1179 1199 1294 1235 valde
1334 1199 1489 1242 dubim.
1533 1199 1624 1247 quin

193 1268 380 1313 XXXII,
413 1269 477 1312 21,
509 1269 557 1304 27
591 1268 728 1304 Issaei
761 1267 907 1304 lembi
941 1269 1127 1317 appellati
1156 1269 1299 1306 fuerint
1330 1283 1353 1306 a
1383 1270 1518 1316 Livio7
1547 1282 1625 1306 non

192 1339 402 1386 Issaici).
488 1339 615 1375 Paulo
654 1346 742 1388 post
786 1341 804 1382 ξ
837 1341 857 1374 4
901 1352 996 1387 pro:
1030 1341 1299 1388 quaesitum⁷
1338 1341 1516 1389 ecquid
1554 1340 1625 1377 ita

191 1422 288 1446 non
323 1409 553 1446 adissent
592 1411 955 1459 magistratum,
986 1411 1024 1446 in
1058 1412 1144 1449 cod.
1176 1418 1253 1448 est:
1293 1412 1542 1460 quaesitum
1579 1418 1625 1448 et

193 1481 311 1530 quid
349 1487 445 1525 cet..
489 1481 591 1517 unde
637 1481 737 1518 effici
779 1481 910 1517 debet:
958 1483 1213 1530 quaesitum
1254 1489 1346 1523 est,
1394 1483 1509 1531 quid
1552 1483 1624 1521 ita.

190 1553 295 1589 Nam
328 1551 504 1600 ecquid
532 1552 602 1588 ita
642 1564 767 1600 neque
793 1552 932 1589 dicitur
957 1553 1097 1589 usitate
1126 1566 1251 1602 neque
1277 1554 1465 1590 rationem
1496 1555 1624 1599 habet⁷

193 1622 377 1671 quoniam
409 1623 456 1658 de
487 1634 617 1665 causa,
649 1635 725 1659 non
757 1623 804 1658 de
834 1622 938 1660 facto
971 1625 1166 1673 quaeritur.
1225 1625 1379 1661 Deinde
1407 1637 1528 1673 prave
1559 1627 1576 1669 ξ
1601 1626 1622 1661 6

192 1693 335 1729 editur:
391 1694 690 1742 Responsum
742 1693 971 1742 tanquam
1023 1695 1231 1744 legatis,
1271 1702 1318 1732 ut
1361 1695 1440 1743 qui
1485 1695 1624 1731 adire

191 1771 409 1801 senatum
446 1776 537 1800 non
568 1764 936 1812 postulassent,
983 1766 1087 1802 dari
1119 1779 1211 1802 non
1242 1766 1456 1814 placuit.
1520 1767 1625 1803 Nam

192 1835 327 1872 adire
359 1834 559 1884 postulo
601 1846 728 1882 neque
770 1834 904 1871 Livius
941 1848 1067 1884 neque
1111 1837 1175 1873 alii
1205 1839 1316 1874 bonae
1348 1838 1469 1874 aetatis
1500 1850 1625 1886 prosae

191 1906 377 1943 orationis
427 1905 635 1953 scriptores
681 1905 862 1942 dixerunt
902 1908 972 1952 (-
1010 1908 1214 1956 postulo
1247 1921 1314 1944 me
1356 1909 1491 1945 adire
1522 1915 1625 1945 recte

191 1978 330 2014 dicitur
361 1976 444 2025 -—),
477 1983 514 2013 et
543 1977 581 2012 in
612 1976 744 2012 codice
774 1989 851 2013 non
885 1978 1039 2023 adire,
1086 1979 1152 2015 sed
1197 1979 1399 2015 adirent
1439 1980 1622 2028 scriptum

190 2056 260 2087 est.
325 2049 465 2096 Itaque
481 2047 726 2095 transpositis
757 2054 807 2083 ut
838 2055 875 2084 et
906 2049 984 2097 qui
1018 2050 1134 2086 scribi
1152 2050 1287 2086 debet:
1318 2051 1622 2098 Responsum

189 2127 419 2167 tanquam
452 2118 637 2166 legatis,
670 2118 762 2166 qui,
793 2125 843 2154 ut.
873 2120 1071 2157 adirent
1088 2127 1321 2165 senatum,
1343 2133 1432 2157 non
1454 2127 1624 2169 postu-

189 2191 394 2234 lassent,
425 2190 519 2228 d.n.
539 2189 588 2238 pl.
607 2190 693 2230 (hoc
710 2195 788 2225 est:
819 2190 1040 2227 hominibus
1060 2191 1119 2235 iis„
1146 2192 1304 2240 quinon
1322 2193 1454 2241 post).
1486 2192 1623 2240 Sequi-

189 2266 251 2296 tur
266 2266 303 2296 et
322 2260 519 2296 lenissima
532 2267 568 2297 et
584 2260 798 2296 certissima
815 2261 1003 2298 correctio
1022 2262 1149 2298 mendi
1166 2263 1292 2311 prima
1306 2263 1433 2311 specie
1449 2262 1622 2312 perdiffi-

189 2329 283 2365 cilis.
314 2330 453 2367 Editur
470 2331 591 2367 enim:
608 2331 975 2379 mittendosque
1000 2333 1057 2368 ad
1082 2334 1459 2383 regem(Gentium
1475 2335 1621 2383 patres)

189 2399 385 2448 legatos
418 2408 731 2447 censuerunt,
763 2402 841 2450 qui
872 2403 1176 2448 nuntiarent.
1208 2404 1288 2452 qui
1310 2404 1433 2441 socii
1457 2417 1621 2452 quere-

188 2477 360 2507 rentur
401 2473 525 2521 apud
564 2479 804 2513 senatum.
848 2480 1070 2511 exustum
1103 2487 1126 2510 a
1155 2487 1268 2523 rege
1300 2487 1488 2524 agrum,
1527 2488 1620 2511 non

189 2554 369 2590 aequum
403 2555 506 2579 eum
539 2541 726 2587 facere,
758 2543 835 2590 qui
867 2545 923 2580 ab
954 2545 1105 2581 sociis
1135 2545 1238 2582 suis
1280 2558 1371 2582 non
1405 2546 1620 2582 abstine-

188 2618 264 2648 ret
292 2612 535 2650 iniuriam.
602 2612 769 2649 Etiamsi
804 2626 890 2650 cum
939 2614 1145 2652 Gronovio
1192 2616 1320 2664 quod
1366 2617 1486 2654 socii
1529 2618 1620 2654 scri-

188 2683 260 2718 bas
302 2683 403 2731 (sine
434 2697 510 2732 quo
543 2684 667 2721 oratio
698 2696 775 2720 non
806 2685 1013 2731 cohaeret).
1043 2686 1172 2735 inepte
1210 2671 1338 2724 tamen
1388 2694 1542 2724 senatus
1582 2688 1619 2724 in
