1811 2925
798 121 870 156 401
1276 117 1350 149 Lib.
1370 118 1538 152 XXXIV.

139 242 339 291 agendis
362 242 681 279 Romanorum
716 242 760 278 in
788 241 1024 279 Graeciam
1059 240 1232 277 merita
1265 241 1538 287 extulisset,

137 312 426 361 imploratos
479 311 711 348 auxilium
766 312 997 349 adversus
1046 311 1325 360 Philippum
1367 312 1538 349 tulisse

137 394 283 430 opem,
314 395 403 419 non
434 389 632 431 rogatos
668 382 795 419 ultro
820 382 1052 418 adversus
1087 387 1340 430 tyrannum
1367 383 1538 420 Nabim

138 452 320 489 offerre
350 453 594 493 auxilium,
626 453 1005 502 indignatusque
1030 458 1167 496 esset,
1198 458 1337 488 tanta
1368 453 1539 490 merita

137 524 443 561 sermonibus
471 530 626 560 tamen
652 524 922 572 aliquorum
956 522 1101 571 carpi,
1129 521 1294 559 futura
1315 523 1540 560 calumni-

137 594 338 638 antium,
376 621 470 638 ...,
501 595 775 642 apparebat
818 593 997 630 incessi
1041 593 1246 631 AEtolos.
1311 594 1440 630 Habet
1472 594 1539 630 ali-

137 664 227 712 quid
275 664 494 701 offcnsionis
538 664 603 700 illa
647 665 683 700 in
730 665 863 701 eadem
913 663 1099 701 sententia
1143 663 1315 700 auxilii
1360 670 1395 700 et
1436 665 1540 713 opis

137 734 347 771 distinctio:
377 734 667 784 imploratos
703 735 935 772 auxilium
1079 734 1251 770 tulisse
1291 747 1443 783 opem,
1474 735 1540 771 sed

139 817 222 852 quae
257 804 385 852 aliquo
416 805 530 842 modo
561 805 737 841 excusari
766 805 887 854 possit
916 805 1143 853 defendique
1172 805 1285 840 etiam
1315 805 1426 841 simili
1455 805 1540 841 loco

140 875 231 918 VII,
264 878 333 920 30,
378 877 419 912 11
467 876 787 923 quemadmodum
819 876 969 923 quidem
999 876 1031 911 is
1062 887 1085 911 a
1115 888 1175 913 me
1204 875 1287 923 ipso
1319 876 1540 912 emendatus

140 952 213 989 cst3
248 946 315 982 sed
345 946 420 982 duo
454 953 541 982 sunt
570 946 606 981 in
637 947 709 983 hoc
738 946 824 982 loco
870 946 981 990 vitia,
1029 958 1112 993 quae
1154 946 1438 982 excusationem
1482 959 1540 982 re-

139 1024 293 1065 spuant;
325 1028 454 1052 eorum
475 1015 634 1051 alterum
658 1016 888 1052 rhetoricum
912 1022 979 1060 est,
1011 1016 1126 1064 quod,
1153 1028 1267 1063 quum
1289 1015 1364 1051 duo
1395 1017 1540 1053 oratio-

139 1087 194 1122 nis
225 1087 409 1131 membra,
445 1086 580 1134 quibus
611 1086 752 1135 duplex
781 1087 1043 1123 Romanorum
1075 1085 1251 1122 meritum
1291 1087 1540 1132 contineatur,

139 1157 360 1204 ceteroquin
389 1156 588 1204 diligenter
621 1163 822 1204 exaequata
866 1157 940 1193 sint
980 1156 1290 1205 (imploratos
1325 1157 1430 1193 adv,
1460 1159 1538 1195 Ph.

138 1227 217 1264 tul.
249 1240 394 1276 opem,
423 1239 514 1263 non
545 1233 747 1276 rogatos
776 1226 906 1263 ultro
939 1227 1274 1276 adv.tyr.Nab.
1307 1226 1391 1264 off.
1428 1240 1540 1264 aux-

138 1298 297 1343 ilium),
329 1299 479 1335 variato
497 1299 546 1335 ob
569 1311 653 1334 eam
678 1298 802 1347 ipsam
830 1310 910 1334 rem
940 1297 1143 1334 artificiose
1172 1297 1276 1346 opis
1303 1305 1340 1334 et
1369 1299 1543 1335 auxilii

137 1369 313 1414 nomine,
358 1370 437 1406 haec
483 1369 680 1417 aequalitas
718 1369 962 1417 perturbatur
1002 1368 1132 1404 addito
1173 1369 1222 1404 ad
1252 1368 1540 1416 imploratos

142 1439 204 1476 illo
251 1440 501 1482 auxilium,
549 1452 593 1475 eo
639 1439 788 1487 quidem
830 1439 1127 1483 incommodius,
1171 1439 1272 1486 quod
1314 1439 1544 1476 auxilium

141 1510 198 1546 bis
227 1509 391 1558 ponitur.
465 1509 640 1546 Alterum
679 1509 970 1558 grammaticum
1008 1515 1065 1546 est
1098 1509 1248 1554 vitium3
1290 1523 1402 1546 nemo
1447 1511 1545 1547 enim

141 1592 308 1628 unquam
348 1580 554 1629 imploro
596 1592 680 1616 cum
723 1579 862 1628 duplici
901 1580 1121 1617 accusativo
1164 1589 1229 1616 aut
1268 1581 1420 1629 passive
1461 1593 1545 1618 cum

143 1651 360 1686 accusativo
406 1663 486 1686 rem
530 1651 740 1699 flagitatam
790 1649 1016 1697 significanti
1072 1651 1267 1688 coniunxit
1312 1652 1544 1701 (imploro

143 1719 350 1768 aliquem
383 1721 617 1757 auxilium
647 1733 716 1769 pro
740 1734 797 1766 eo,
822 1721 925 1768 quod
947 1728 1020 1757 cst:
1053 1722 1261 1759 alicuius
1292 1724 1545 1770 auxilium,

144 1790 378 1838 imploror
408 1791 674 1837 auxilium).
723 1790 837 1836 Satis,
869 1791 1017 1839 opinor,
1041 1792 1282 1829 manifestum
1306 1801 1372 1836 est,
1395 1794 1545 1831 Livium

142 1861 196 1897 sic
219 1861 432 1910 scripsisse:
469 1860 757 1909 imploratos
791 1861 1030 1899 adversus
1061 1864 1341 1912 Philippum
1372 1864 1547 1900 tulisse

142 1944 280 1980 opem,
298 1944 389 1968 non
409 1937 600 1980 rogatos
620 1930 747 1968 ultro
769 1931 1003 1969 adversus
1029 1941 1280 1982 tyrannum
1298 1933 1348 1969 N.
1364 1933 1546 1970 offerre

143 2002 396 2047 auxilium,
440 2002 543 2038 mala
583 2014 698 2037 manu
730 2001 900 2047 alicuius,
940 2003 1000 2038 cui
1045 2002 1154 2038 nimis
1198 2003 1297 2039 nude
1340 2010 1375 2040 et
1404 2004 1547 2041 infinite

143 2073 215 2110 dici
258 2073 450 2109 videretur
490 2072 802 2120 imploratos,
837 2072 1009 2109 additum
1047 2085 1130 2110 esse
1167 2074 1414 2114 auxilium.
1496 2077 1549 2113 Et

144 2144 324 2192 quoniam
357 2144 428 2180 hoc
459 2142 707 2179 certissimum
740 2150 795 2179 est
822 2142 1038 2191 exemplum
1060 2143 1277 2180 huiusmodi
1300 2144 1548 2182 additamenti

144 2227 275 2251 omnes
306 2214 455 2250 codices
496 2213 715 2252 obsidentis,
755 2212 994 2249 conferamus
1033 2213 1070 2249 in
1101 2226 1229 2257 unum,
1264 2227 1348 2262 quae
1379 2216 1547 2253 eiusdem

143 2285 291 2333 generis
327 2283 526 2331 exempla,
568 2290 610 2319 ut
638 2282 748 2319 nobis
780 2283 931 2331 quidem
962 2283 1159 2329 videntur,
1201 2292 1304 2322 certa
1337 2293 1373 2322 et
1402 2288 1547 2336 perspi-

144 2366 215 2390 cua
255 2354 293 2390 in
335 2355 407 2390 hae
452 2360 590 2401 quarta
631 2353 774 2390 decade
819 2362 884 2391 aut
915 2355 1156 2404 coarguimus
1186 2355 1263 2392 iam
1294 2363 1359 2393 aut
1387 2359 1549 2406 posthac

145 2436 415 2473 coarguemus3
446 2431 533 2460 sunt
564 2430 688 2460 autem
720 2425 817 2461 haec:
851 2426 1013 2471 XXXI,
1046 2429 1081 2470 7,
1113 2427 1134 2462 3
1169 2426 1395 2474 (Punico),
1428 2430 1491 2473 40,
1525 2430 1545 2464 9

146 2494 361 2542 (auctor),
379 2497 442 2539 47,
462 2498 482 2531 6
520 2494 699 2542 (quem),
729 2495 914 2541 XXXII,
934 2497 997 2540 21,
1020 2498 1065 2532 16
1100 2495 1313 2544 (potius),
1342 2497 1548 2543 XXXIII,

152 2565 212 2609 18,
248 2565 293 2601 18
327 2564 605 2613 (fugerunt),
647 2566 727 2612 (43.
763 2567 784 2601 9
819 2566 874 2602 ad
904 2566 1191 2614 Etruriam?)
1223 2567 1426 2614 XXXIV,
1459 2573 1492 2614 5,
1524 2573 1547 2605 9

184 2658 325 2681 MADVIGH
348 2659 472 2681 lin-nnn.
495 2658 566 2682 an.
1238 2655 1280 2682 26
