1811 2925
832 149 910 184 279
1317 145 1394 176 Lib.
1405 145 1537 176 xxw.

163 287 262 323 quos
305 281 391 323 post
423 273 653 323 Hieronymi
693 273 834 309 caedem
865 272 1067 320 imperium
1109 271 1336 307 translatum
1370 282 1475 316 esse,
1522 270 1585 307 Li-

163 345 248 382 vius
280 358 310 381 c.
344 347 414 390 21,
464 349 487 382 4
533 345 774 393 significavit.
855 343 927 381 Sit
972 349 1059 379 ante
1103 342 1270 389 itaque
1311 340 1498 377 excidisse
1528 342 1584 378 vi-

165 416 286 454 detur.
299 413 329 462 ¹)

285 485 381 535 Cap.
414 487 486 535 32,
529 490 550 522 6
593 486 658 533 (de
697 485 942 523 mercenariis
973 483 1088 531 regiis
1133 482 1348 531 Syracusas
1391 482 1584 518 intromis-

162 558 249 604 sis):
295 558 393 594 Nec.
435 557 622 593 minore
652 557 781 593 intus
811 556 857 592 vi
889 567 1029 604 quam
1062 553 1186 590 foris
1217 559 1372 602 portae
1411 552 1584 589 effrin-

161 630 425 678 gebantur,
465 628 793 676 effractisque
831 627 1052 663 omnibus
1089 625 1475 674 tutoHexapylo
1509 638 1583 674 ag-

162 713 263 737 men
298 706 545 749 receptum
578 705 662 737 est.
723 700 826 735 Tuto
844 704 1038 746 receptum
1071 708 1154 732 esse
1185 707 1336 744 agmen,
1367 696 1472 733 nulla
1503 704 1585 734 erat

160 783 291 815 causa,
323 784 390 807 cur
420 772 630 815 diceretur,
675 783 791 818 quum
823 769 915 805 nihil
945 767 1105 818 periculi
1134 766 1411 804 insidiarumve
1441 768 1584 816 signifi-

161 848 287 878 catum
321 849 431 878 esset.
505 842 581 879 Sed
624 841 727 889 quod
759 841 940 877 Dukerus
989 848 1025 877 et
1056 839 1262 876 Creverius
1292 845 1439 875 totum
1470 839 1585 876 scribi

160 913 378 958 voluerunt,
426 920 503 950 tres
534 913 681 949 litteras
712 918 908 947 mutarunt
937 923 1008 959 pro
1039 923 1136 954 una3
1177 910 1291 946 scribi
1322 910 1420 946 enim
1453 910 1583 947 debet:

161 991 261 1020 toto
279 984 534 1033 Hexapylo
565 996 732 1032 agmen
764 988 1016 1030 receptum
1047 987 1129 1025 est,
1161 994 1232 1029 per
1263 994 1396 1018 omnes
1428 994 1497 1018 sex
1526 982 1583 1018 in-

161 1056 299 1091 troitus
337 1055 418 1090 sive
448 1055 572 1092 ianos.
632 1053 879 1090 Contrarium
911 1053 984 1088 hoc
1016 1060 1071 1088 est
1103 1053 1158 1098 ei7
1192 1053 1296 1100 quod
1327 1065 1446 1102 supra
1477 1054 1583 1090 unis

160 1124 352 1161 foribus
404 1126 668 1175 Hexapyli
716 1123 900 1172 apertis
945 1124 1111 1172 coepti
1165 1123 1319 1172 recipi
1365 1132 1581 1160 narrantur.

159 1196 213 1234 Ut
246 1196 344 1232 enim
361 1197 678 1233 Weissenbornio
710 1195 931 1240 concedam,
948 1195 1145 1244 Hexapyli
1167 1192 1273 1243 (τῶν
1297 1186 1582 1241 ‘Egumbslom

158 1274 199 1304 ut
230 1267 358 1305 Graeci
376 1267 600 1316 loquuntur)
622 1268 775 1303 nomine
806 1279 895 1303 vere
940 1278 1053 1302 senas
1084 1266 1214 1311 sores,
1256 1278 1341 1314 quae
1371 1267 1455 1303 aliae
1488 1267 1583 1303 alias

157 1338 391 1387 exciperent,
424 1345 465 1374 ut
494 1352 564 1387 per
595 1351 727 1375 omnes
758 1338 1031 1374 transeundum
1065 1343 1186 1383 esset,
1218 1337 1454 1386 significatas
1489 1351 1583 1383 esse,

159 1410 244 1454 (etsi
275 1422 398 1457 neque
430 1409 660 1458 scriptorum
692 1409 912 1446 testimonio
943 1409 982 1445 id
1004 1410 1254 1444 confirmatur
1275 1422 1399 1457 neque
1418 1411 1466 1446 ad
1486 1411 1582 1446 Dio-

160 1481 259 1530 nysii
289 1480 443 1530 tyranni
485 1486 637 1515 aetatem
686 1492 732 1516 ea
762 1486 962 1528 portarum
1009 1479 1135 1517 forma
1181 1481 1373 1529 pertinere
1402 1481 1582 1527 videtur.)

160 1552 294 1588 Livius
327 1557 456 1587 tamen
508 1551 554 1586 de
595 1550 769 1599 pluribus
800 1551 947 1587 foribus
976 1551 1085 1587 iuxta
1115 1552 1252 1600 positis
1283 1552 1489 1597 intellexit,
1522 1560 1582 1597 ut,

160 1622 333 1671 pluribus
382 1623 542 1671 apertis,
589 1622 712 1659 maior
761 1622 964 1658 multitudo
1002 1622 1147 1659 intrare
1188 1628 1330 1671 posset.
1396 1622 1582 1670 Alioquin

161 1705 237 1729 non
257 1694 363 1729 unis
394 1693 603 1732 foribus.
635 1695 701 1730 sed
734 1694 912 1743 primis
946 1693 1124 1735 dixisset,
1155 1706 1225 1730 nec
1255 1694 1410 1743 recipi
1441 1706 1582 1743 coep-

160 1771 246 1809 (οε,
279 1776 375 1812 quos
408 1765 532 1812 quinae
563 1764 665 1801 fores
696 1765 835 1801 clausae
870 1761 1175 1811 excluderenffl).

281 1834 376 1884 Cap.
425 1837 501 1880 36,
534 1838 581 1872 3:
645 1836 742 1872 Sub
792 1836 915 1873 idem
959 1836 1090 1872 forte
1136 1843 1327 1885 tempus
1359 1843 1403 1872 et
1434 1848 1582 1872 naves

157 1905 314 1954 longae
357 1906 440 1942 LV
479 1906 966 1955 Carthaginiensium
1013 1920 1112 1944 cum
1145 1908 1421 1944 Bomilcare
1453 1907 1581 1944 clas-

158 1976 223 2012 sis
255 1977 299 2013 in
331 1990 550 2026 magnum
581 1984 773 2026 port-um
791 1978 1067 2028 Syracusas
1099 1991 1155 2015 ex
1186 1979 1285 2015 alto
1316 1979 1581 2014 decurrere

159 2054 205 2083 et·
235 2048 451 2084 Romana
482 2049 596 2085 item
628 2049 814 2095 elassis,
846 2050 990 2086 XXX
1025 2050 1435 2097 quinqueremus,
1466 2049 1580 2098 legi—

157 2131 290 2155 onem
320 2119 521 2168 primam
558 2120 790 2156 Panormi
831 2133 1119 2169 exposuere.
1180 2121 1273 2157 Non
1303 2120 1426 2156 solum
1464 2119 1581 2156 mirus

157 2196 225 2234 est,
257 2190 322 2238 qui
351 2190 518 2238 fingitur,
548 2191 755 2227 verborum
789 2192 905 2227 ordo:
954 2190 1449 2240 Carthaginiensium
1481 2204 1580 2228 cum

158 2261 435 2298 Bomilcare
466 2261 665 2306 classis7
699 2275 816 2310 quum
847 2262 1070 2311 praepositio
1104 2262 1153 2298 ad
1187 2263 1348 2299 verbum
1379 2262 1580 2305 referatur,

156 2331 222 2367 sed
253 2331 459 2378 inauditus,
490 2333 528 2368 in
559 2333 626 2369 tali
662 2333 814 2381 quidem
847 2333 1004 2381 reliquae
1024 2333 1221 2369 sententiae
1238 2332 1383 2378 f0rma3
1416 2333 1579 2369 sednon

181 2509 210 2552 ¹)
244 2513 354 2545 Paulo
381 2521 458 2545 ante
485 2515 541 2555 (7)
568 2521 606 2545 et
631 2516 748 2556 (quic
763 2525 903 2556 unque
930 2516 1101 2557 populi}
1128 2527 1188 2557 pro
1211 2523 1254 2548 ut
1283 2518 1372 2558 apud
1400 2517 1456 2548 W.
1483 2524 1580 2558 typo-

250 2575 352 2606 thetae
379 2576 494 2606 deberi
516 2577 658 2611 videtur,
685 2587 754 2608 non
781 2578 888 2609 codici
910 2578 948 2608 P.

178 2632 208 2676 ⁹)
247 2636 331 2678 Cap.
359 2641 423 2675 34,
467 2642 506 2668 12
548 2649 590 2669 ex
622 2640 674 2670 his
699 2641 863 2679 vestigiis:
903 2640 1579 2682 omnisquaeipseseadversant

248 2699 317 2730 fieri
346 2700 462 2731 debet:
492 2701 720 2742 omnisque
750 2712 847 2743 spes
871 2712 918 2733 eo
945 2712 1085 2742 versa,
1111 2708 1155 2734 ut
1177 2703 1263 2744 (non
1303 2704 1349 2733 ad
1376 2704 1418 2734 id
1436 2706 1577 2744 versa)
