1811 2925
226 172 300 203 Lib.
331 171 391 202 ix.
853 170 926 204 174

766 286 868 333 Lib.
911 286 1000 333 IX.

292 415 386 464 Cap.
420 417 455 459 3,
493 416 513 450 3
563 414 620 457 (in
654 412 894 449 sermonibus
933 417 969 447 et
1008 411 1171 459 querelis
1215 411 1376 447 milit-um
1421 410 1599 448 Furculis

181 485 363 524 Caudinis
404 485 657 525 inclusorum)
702 491 803 520 recte
844 482 882 518 in
925 482 1055 517 codiee
1095 482 1237 518 recenti
1281 489 1318 518 et
1353 482 1600 531 interpolato,

181 557 477 601 Gaertneriano,
494 555 690 592 scribitur:
723 555 840 590 Dum
872 554 968 589 haec
1006 552 1324 588 imminebunt
1353 553 1480 601 iuga,
1510 565 1599 600 qua

180 636 227 665 tu
259 628 317 664 ad
350 629 536 663 hostem
566 625 759 662 venias?
792 637 862 673 pro
897 623 1077 661 venies.
1136 623 1274 670 Neque
1305 624 1417 669 enim,
1449 623 1514 671 qui
1544 623 1601 659 lo-

182 710 301 746 quens
331 696 533 742 inducitur,
563 709 653 732 vere
686 708 733 731 ex
764 695 884 731 altero
916 696 988 730 hoc
1021 693 1166 741 quaerit,
1198 694 1264 729 sed
1294 695 1384 730 ficta
1407 693 1602 730 communi

181 782 348 818 persona
377 767 651 816 interrogando
694 767 741 802 ad
784 767 933 802 hostem
971 764 1093 802 veniri
1129 776 1244 813 posse
1282 770 1421 813 negat,
1466 764 1600 800 eadem

181 840 392 885 sententia,
446 851 522 886 qua
574 839 655 874 haec
696 837 803 873 dicit:
864 836 965 884 Quo
998 841 1079 872 aut
1109 848 1200 883 qua
1239 834 1426 871 eamus?
1487 834 1604 872 Certa

183 918 239 948 est
269 912 306 948 in
336 912 409 947 hoc
427 922 565 958 genere
593 909 780 945 sermonis
800 908 872 945 lex.
934 907 1027 952 (Gr.
1046 907 1133 944 Lat.
1156 908 1174 950 ξ
1193 907 1285 951 370,
1307 906 1602 954 Bemerkungen

185 984 279 1019 siber
309 982 431 1029 cinige
462 980 614 1017 Punkte
646 980 713 1015 der
742 980 827 1015 Lat„
863 978 1119 1027 Sprachlchrc
1150 990 1184 1025 p.
1219 976 1299 1024 73.)
1314 972 1345 1022 1)

295 1052 391 1100 Cap.
426 1055 461 1092 (Β,
500 1053 542 1088 12
589 1051 646 1102 (in
688 1050 976 1098 Campanorum
1016 1049 1197 1084 iuvenum
1233 1048 1279 1083 de
1310 1047 1493 1083 militibus
1523 1048 1604 1083 Ro-

184 1124 306 1161 manis
344 1136 367 1159 a
406 1122 583 1159 Furculis
628 1120 811 1158 Caudinis
851 1119 1100 1156 redeuntibus
1134 1118 1397 1165 narratione):
1441 1119 1604 1154 iacere

184 1194 395 1231 indolem
451 1193 589 1228 illam
640 1193 904 1228 Romanam
955 1190 1247 1237 ablatosque
1307 1202 1406 1225 cum
1457 1188 1604 1223 armis

186 1265 390 1307 animos3
423 1276 512 1299 non
534 1263 736 1298 reddere
765 1261 994 1306 salutem,
1025 1273 1115 1296 non
1135 1259 1469 1296 salutantibus
1490 1258 1605 1294 dare

185 1347 491 1384 responsum,
535 1346 626 1368 non
664 1332 856 1368 hiscere
905 1343 1187 1379 quemquam
1235 1342 1328 1378 prae
1358 1335 1482 1365 metu
1521 1340 1605 1377 po-

185 1407 350 1444 tuisse.
419 1404 684 1442 salutantibus
728 1402 832 1438 salus
874 1402 1056 1445 redditur,
1101 1414 1178 1437 non
1218 1412 1459 1448 responsum,
1502 1398 1606 1446 quod

187 1476 443 1525 quaerentibus
476 1475 646 1511 debetur.
712 1473 961 1510 Manifestum
996 1478 1052 1509 est
1086 1473 1181 1508 duas
1218 1484 1334 1508 voees
1364 1471 1492 1507 locum
1523 1482 1605 1507 mu-

186 1554 289 1584 tasse
319 1545 639 1593 seribendumque
677 1558 778 1581 esse:
826 1558 916 1581 non
966 1544 1170 1580 reddere
1217 1542 1425 1578 salutem
1474 1540 1607 1576 salu-

283 1782 434 1812 oratioue
461 1783 614 1812 auditum
636 1787 668 1812 et
693 1783 726 1812 in
756 1782 859 1812 verbo
885 1782 1011 1819 latens,
1039 1786 1076 1811 ut
1111 1785 1144 1810 et
1183 1778 1369 1809 eommunis
1397 1776 1550 1807 omnium
1577 1781 1610 1806 et

282 1844 545 1884 uniuscuiusque
592 1843 681 1873 actio
720 1843 1040 1883 comprehendatur,
1088 1844 1172 1882 (uno
1205 1841 1373 1881 pertinent
1406 1837 1565 1878 exempla
1589 1847 1609 1867 a

285 1905 565 1935 Drakenborchio
592 1906 634 1935 ad
661 1905 706 1942 ΙΙ,
734 1909 787 1943 22,
816 1907 831 1936 7
861 1905 1018 1942 laudata3
1059 1903 1121 1934 etsi
1157 1902 1237 1941 quid
1264 1902 1376 1931 notius
1403 1905 1461 1930 aut
1487 1908 1609 1939 perva-

282 1967 392 2007 gatius
405 1967 497 2003 esti)
524 1967 600 1997 scd:
627 1965 798 1996 familia
830 1975 1005 2006 quaequc
1032 1964 1210 1995 trahunt
1242 1968 1274 1993 ct
1299 1968 1426 1992 nnturae
1451 1960 1609 1991 vocabuli

284 2029 465 2069 quisque
499 2034 530 2058 ct
565 2028 728 2059 sermonis
760 2028 826 2066 legi
864 2036 1053 2068 repugnare
1086 2025 1220 2055 videtur
1254 2034 1315 2054 ncc
1349 2023 1504 2063 exemplo
1539 2021 1608 2052 ullo

284 2089 434 2123 defendi.
497 2090 589 2121 {ecte
616 2090 650 2119 in
675 2090 782 2120 tribus
798 2088 971 2119 codicibus
994 2087 1185 2118 recentibus
1212 2087 1368 2117 scribitur
1396 2085 1607 2115 coniectura:

285 2151 467 2182 familioe
496 2153 542 2182 nd
570 2161 609 2182 sc
637 2161 818 2191 quaequc
845 2150 1032 2182 trahunt,

216 2210 248 2253 ²)
282 2213 384 2243 Initio
411 2213 528 2253 capitis
555 2213 595 2242 dc
623 2212 729 2243 altero
759 2212 873 2243 alius
900 2211 1050 2242 tollendo
1076 2219 1151 2240 vere
1184 2210 1375 2239 iudicarunt
1396 2207 1550 2238 Muretus
1578 2213 1610 2237 et

286 2274 491 2308 Gronovius,
562 2274 672 2304 Alteri
717 2284 777 2315 per
815 2273 985 2305 obstantia
1030 2271 1223 2304 enitendum
1260 2269 1472 2307 fremebant,
1513 2268 1609 2299 alteri

285 2337 367 2367 nihil
404 2345 579 2377 superesse
613 2335 742 2367 salutis.
803 2336 871 2367 Sed
898 2335 931 2364 in
964 2335 1068 2375 ipsius
1104 2333 1180 2364 libri
1214 2331 1373 2369 exordio,
1408 2340 1482 2371 cap.
1514 2333 1542 2367 l,
1578 2330 1608 2362 7.

286 2398 480 2429 Gronovius
513 2408 615 2438 pravo
642 2397 783 2428 artificio
810 2406 953 2437 eumque
979 2396 1084 2427 secuti
1118 2395 1219 2426 cctcri
1253 2396 1476 2433 corruperunt
1507 2392 1611 2432 aptis-

286 2462 404 2492 simam
441 2459 529 2489 hanc
571 2459 734 2489 orationis
776 2457 939 2489 formam:
990 2456 1120 2495 Quem
1161 2455 1241 2486 tibi
1282 2472 1322 2476 —-
1363 2454 1527 2483 irarum
1569 2469 1608 2473 —-

286 2523 478 2553 iudicem
507 2520 666 2551 feram?
691 2520 913 2551 Neminem
941 2518 1068 2558 fugio.
1114 2517 1295 2558 Optioncm
1318 2515 1462 2546 Pontius
1483 2514 1610 2545 Roma-

285 2595 329 2615 no
366 2584 485 2614 iudicis
525 2583 603 2621 dat,
639 2582 807 2612 neminem
842 2582 977 2622 excipit,
1036 2580 1170 2619 Quen]
1210 2579 1362 2615 feram,
1400 2577 1610 2607 neminem

287 2646 411 2685 fugio
446 2655 505 2686 pro
532 2655 594 2682 co,
629 2644 718 2684 quod
754 2648 819 2674 est:
857 2652 978 2682 quem
1018 2641 1181 2682 fugiam
1215 2650 1291 2670 nce
1318 2639 1436 2670 ferre
1462 2638 1610 2675 velim,

288 2717 407 2737 nemo
434 2711 515 2737 cst,
541 2714 694 2746 perverse
724 2705 853 2734 dieitur.
