1811 2925
772 147 817 183 14
825 148 846 182 5
1288 143 1362 174 Lib.
1390 143 1471 175 V11.

98 268 434 307 Hasdrubalis
463 281 577 304 vero
609 268 874 305 exercitum
902 290 945 294 ---
972 267 1182 304 deletum
1206 267 1520 317 cedendoque

99 341 144 377 in
175 339 401 389 angulum
441 339 684 376 Bruttium
725 345 888 376 cetera
925 339 1077 376 Italia
1122 351 1428 384 concessum,
1472 351 1519 374 ne

98 418 177 449 tam
200 412 335 448 duram
359 409 525 459 quidem,
545 409 729 458 quoniam
754 411 852 447 inter
874 416 985 459 post
1009 416 1046 446 et
1073 421 1351 447 concessum
1381 417 1521 458 praeter

100 482 314 519 ablativum
356 480 525 525 Italia,
567 480 631 528 qui
670 494 693 518 a
735 494 1012 518 concessum
1056 481 1196 530 pendet
1239 481 1359 529 (quod
1401 493 1520 530 genus

99 553 267 590 indicavi
311 544 487 591 Gramm.
544 552 630 588 Lat.
679 555 697 597 ξ
747 554 824 589 469
875 558 954 588 not.
1002 552 1044 596 23
1093 551 1161 590 cfr.
1208 552 1425 589 Weissenb.
1472 552 1520 589 ad

99 624 283 664 XXVII,
316 626 380 670 36,
411 625 473 673 2),
514 624 769 673 interponitur
818 635 893 659 non
931 623 1056 660 solum
1097 623 1194 659 alius
1225 623 1417 660 ablativus
1449 624 1521 671 (in-

100 695 372 733 strumentalis.
411 695 670 743 cedendo),
712 694 779 731 sed
813 694 927 731 etiam
965 694 1053 731 huic
1090 694 1271 731 adiuncta
1300 694 1521 743 praepositio

101 778 186 804 cum
233 778 345 803 casu:
402 767 446 803 in
491 766 714 815 angulum
761 765 1017 812 Bruttium.
1084 765 1182 803 Sunt
1238 766 1319 802 haee
1364 778 1522 814 prorsus

102 837 266 874 Liviana
297 850 344 873 ex
375 849 420 873 eo
454 849 612 886 genere7
660 836 762 884 quod
801 844 888 872 ante
918 837 1083 873 sedecim
1115 849 1237 873 annos
1267 836 1399 873 notavi
1432 837 1523 883 (Be-

102 907 338 956 merkungen
369 908 465 944 iiber
494 907 765 944 verschiedene
795 907 947 944 Punkte
978 907 1044 943 des
1075 907 1249 956 Systenis
1277 907 1345 943 der
1374 907 1523 944 lateini-

102 980 218 1015 schen
250 979 506 1027 Sprachlehre
521 992 559 1027 p.
580 978 660 1027 79),
693 979 730 1015 in
763 977 899 1026 quibus
933 977 1114 1026 analogia
1144 990 1214 1026 per
1235 978 1419 1026 ambages
1442 991 1523 1014 am-

101 1050 270 1100 plificata
300 1049 337 1085 in
354 1046 498 1086 formas
515 1049 716 1098 diligenter
735 1049 968 1097 compositas
988 1049 1056 1085 sed
1078 1049 1261 1085 molestas
1282 1056 1318 1085 et
1339 1061 1524 1098 operosas

103 1121 192 1160 exit.
257 1121 382 1158 Paulo
411 1127 499 1157 ante
532 1121 666 1157 eodem
699 1121 824 1170 capite
869 1120 904 1169 (ξ
938 1122 976 1168 S)
1021 1121 1138 1170 pudet
1167 1133 1276 1169 paene
1304 1121 1524 1167 admonere,

102 1192 223 1229 verba
255 1191 310 1228 sic
339 1191 644 1240 interpungenda
675 1205 774 1229 esse:
812 1204 906 1228 non
936 1197 1125 1235 cantus,
1155 1203 1247 1227 non
1277 1192 1524 1230 exultatio

103 1275 441 1312 armorumque
490 1263 699 1312 agitatio
739 1276 884 1308 vana,
935 1261 1016 1298 sed
1045 1268 1214 1310 pectus
1261 1264 1525 1301 animorum

102 1334 284 1382 iraeque
350 1334 559 1383 plenum3
618 1347 800 1372 omnem
861 1332 1106 1370 ferociam
1167 1333 1425 1382 (Torquatus)
1480 1336 1526 1372 in

104 1404 367 1441 discrimen
408 1405 566 1454 ipsum
608 1405 900 1442 certaminis
941 1403 1222 1441 distulerat.
1298 1406 1428 1455 Vulgo
1460 1407 1525 1443 Li-

105 1475 208 1511 vium
242 1475 429 1512 (licentem
460 1476 618 1521 faciunt,
649 1489 726 1512 non
757 1482 911 1512 cantum
942 1488 1012 1512 nec
1043 1487 1238 1511 armorum
1261 1477 1524 1525 agitationem,

106 1546 173 1582 sed
203 1555 336 1596 pectus
367 1546 559 1584 distulisse
587 1546 784 1587 ferociam,
814 1559 891 1583 non
922 1546 1288 1592 animadvertentes,
1320 1549 1525 1585 nominati-

106 1630 196 1654 vum
227 1617 407 1659 breviter,
439 1618 582 1654 omisso
604 1619 735 1663 verbo,
766 1631 837 1667 pro
867 1624 951 1654 tota
980 1616 1167 1653 sententia
1196 1615 1288 1664 poni
1319 1614 1406 1662 (Gr.
1439 1616 1525 1652 Lat.

106 1691 124 1734 ξ
171 1690 249 1725 479
297 1695 376 1726 not.
422 1690 466 1734 23
509 1688 575 1727 csr.
624 1688 703 1728 Cic.
736 1689 849 1725 Verr.
894 1689 951 1734 V,
997 1683 1139 1727 7,''16:
1198 1686 1525 1735 Exspectatio

106 1771 288 1795 summa
331 1760 596 1806 hominum,
655 1760 880 1809 quidnam
922 1759 969 1796 id
1015 1765 1154 1798 esset.
1241 1757 1369 1794 Taciti
1417 1770 1527 1794 usum

107 1830 274 1873 omitto.)

218 1899 314 1950 Cap.
351 1902 410 1946 12,
435 1903 456 1936 5
474 1913 549 1937 non
572 1900 719 1944 dubito,
751 1901 842 1949 quin
863 1901 1042 1938 mendum
1073 1900 1194 1937 lateat
1225 1900 1264 1936 in
1293 1900 1351 1937 his
1383 1898 1528 1936 verbis:

107 1971 248 2009 Alius
292 1971 529 2008 adventus
574 1972 785 2008 hostium
828 1971 922 2008 suit
964 1972 1188 2021 proximo
1219 1971 1349 2008 bello
1394 1969 1528 2019 agris

107 2041 388 2079 terribilior
439 2053 577 2089 quam
627 2042 737 2078 urbi
783 2042 838 2090 (in
886 2043 970 2079 cod.
1016 2043 1225 2092 archetypo
1269 2041 1361 2087 fuit,
1409 2048 1451 2078 ut
1489 2041 1529 2076 in

106 2113 313 2150 MPLlHl
364 2111 450 2148 aliis
491 2112 637 2148 multis:
679 2114 811 2162 agris
868 2126 1005 2162 quam
1063 2113 1342 2150 terribilior
1388 2112 1527 2159 urbi).

107 2183 212 2220 Nam
242 2195 366 2231 neque
395 2183 616 2231 proximo
648 2183 798 2230 bello,
828 2186 1067 2233 praecedente
1093 2193 1181 2221 ante
1213 2184 1380 2233 quinque
1409 2184 1530 2220 verba

108 2261 202 2292 tam
253 2253 517 2303 propinqui
558 2254 675 2291 belli
723 2255 1003 2304 appellatione,
1046 2255 1094 2291 de
1140 2255 1324 2304 temporis
1371 2255 1528 2304 propin-

109 2325 255 2374 quitate
278 2324 438 2374 intelligi
468 2332 596 2374 potest
636 2326 702 2372 (—
735 2326 821 2362 loco
853 2333 980 2363 autem
1011 2325 1167 2362 minime
1196 2326 1416 2374 proximum
1447 2334 1531 2363 erat

108 2396 390 2445 Tarquiniense
405 2396 559 2441 bellum,
591 2397 801 2445 praesertim
819 2409 904 2434 cum
924 2397 1078 2434 Tiburti
1099 2403 1166 2434 aut
1181 2397 1351 2434 Hernico
1370 2409 1528 2446 compa-

108 2474 235 2503 ratum
267 2467 365 2513 —),
408 2479 534 2515 neque
564 2466 712 2512 Livius,
740 2480 857 2516 quum
902 2468 1037 2504 eodem
1071 2481 1172 2505 anno
1216 2467 1333 2504 alium
1362 2468 1529 2504 hostium

111 2538 319 2575 adventum
358 2545 498 2587 praetcr
539 2538 757 2575 Tiburtium
796 2538 941 2575 sactum
984 2546 1179 2584 narraret,
1225 2551 1310 2575 eum
1350 2539 1529 2588 proximo

111 2608 212 2645 bello
243 2607 427 2645 accidisse
460 2608 668 2654 scriberet,
708 2616 894 2657 tanquam
925 2609 972 2646 de
1004 2610 1119 2646 rebus
1149 2616 1322 2659 tempore
1355 2610 1531 2646 diiunctis

113 2679 262 2725 dicens;
293 2679 538 2728 omninoque,
569 2692 700 2728 quum,
729 2687 888 2730 peracta
917 2681 1138 2719 narratione
1166 2680 1278 2718 unius
1316 2680 1405 2717 belli
1444 2693 1531 2729 per-

149 2758 292 2782 mnvmn
311 2759 436 2782 Enna.
451 2759 525 2783 Lm.
1223 2751 1264 2783 10
