1811 2925
286 129 363 161 Lib.
373 130 506 161 XXIV.
909 131 986 167 284

240 258 365 289 estet
396 253 575 289 retineret
601 251 807 296 iudicio,
846 252 948 299 quod
982 258 1107 288 ortum
1140 259 1196 289 est
1224 253 1426 301 perspicue
1454 265 1503 288 ex
1533 253 1656 289 divul-

241 323 292 359 sis
325 322 458 358 litteris
490 321 670 358 vocabuli
705 321 900 358 aliunde
939 321 1020 371 (ali
1060 323 1188 367 iude,
1226 323 1374 367 deinde,
1417 335 1532 370 quum
1563 323 1654 360 iud.

241 406 313 441 pro
346 392 574 440 compendio
604 392 696 428 satis
727 391 918 440 frequenti
939 394 1111 430 habitum
1145 400 1256 439 esset,
1289 393 1355 429 ali
1384 393 1567 429 iudicio
1599 394 1655 439 e);

242 475 427 500 revocare
457 468 667 499 tentantem
711 463 896 500 debuerat
937 464 999 500 vel
1027 476 1170 512 pravus
1201 464 1295 500 ordo
1327 465 1532 500 verborum
1563 470 1656 500 stet

241 547 432 583 semper
463 533 679 578 aliunde,
723 534 892 582 pondere
922 535 958 570 in
999 541 1093 571 stet
1134 535 1327 579 inclinato,
1370 536 1472 584 quod
1504 535 1542 571 in
1573 535 1657 571 ali-

240 605 361 640 unde
409 616 491 640 esse
536 603 671 649 debet,
721 610 758 640 et
802 617 1008 653 semper,
1065 605 1168 652 quod
1213 617 1414 642 commune
1460 605 1658 653 utriusque

241 675 402 712 membri
434 681 509 719 est,
555 674 653 710 inter
697 687 811 711 voces
856 676 995 724 prioris
1041 675 1203 712 membri
1248 676 1372 712 medio
1416 676 1656 725 interposito.

243 746 388 783 sedin
419 745 680 793 superioribus
722 745 965 783 Gronovium
1012 759 1145 783 verum
1176 758 1252 781 non
1295 746 1496 789 invenisse,
1537 747 1658 783 multa

242 817 473 861 ostendunt,
519 816 710 864 turpius
755 817 938 852 inutiliter
983 817 1177 862 additum,
1229 817 1455 853 videatur
1499 829 1657 866 prorsus

241 900 362 937 prave
409 888 455 923 de
500 900 541 923 re
583 887 796 923 certissima
839 887 1027 936 positum,
1076 900 1298 936 perversum
1346 887 1494 924 dicendi
1538 899 1658 936 genus

243 958 573 1008 proditionem
615 958 802 995 referre
843 958 1054 1006 proditis
1094 960 1199 1007 (nam
1243 958 1431 1004 refertur,
1476 960 1549 995 hoc
1588 965 1657 1006 est,

244 1030 404 1066 iteratur
435 1029 624 1078 proditio,
666 1042 742 1065 non
783 1029 895 1065 alicui
920 1028 1122 1075 refertur),
1168 1029 1279 1065 olim
1319 1029 1439 1065 otiose
1486 1035 1657 1065 extremo

242 1101 329 1137 loco
362 1101 584 1145 adhaerens,
633 1099 793 1135 confusa
838 1100 876 1135 in
924 1106 1223 1147 resurgeret,
1266 1100 1516 1144 videatur,
1562 1105 1659 1136 stet

242 1171 425 1220 temporis
456 1171 603 1207 notatio
649 1170 755 1219 (nam
787 1171 833 1205 de
864 1183 929 1214 eo,
974 1171 1076 1218 quod
1107 1183 1205 1207 nunc
1234 1170 1359 1219 ipsum
1390 1171 1452 1214 fit,
1490 1182 1658 1218 praesens

245 1256 316 1291 pro
347 1242 571 1291 imperfecto
604 1255 652 1277 ex
683 1242 857 1277 oratione
891 1248 996 1277 recta
1025 1248 1212 1278 retentum
1252 1247 1472 1277 constanter
1512 1241 1657 1276 servari

245 1312 386 1363 debet),
418 1319 612 1361 postremo
646 1312 817 1348 codicum
849 1311 1024 1359 vestigia.
1082 1312 1236 1347 Initium
1272 1311 1549 1347 emendationis
1578 1310 1658 1347 fae-

243 1388 322 1418 tum
355 1383 436 1427 erit,
469 1383 500 1418 si
531 1383 841 1427 intellexerimuS,
873 1382 1099 1418 videatur
1130 1382 1319 1431 pertinere
1351 1382 1399 1417 ad
1431 1382 1657 1418 sententiam

246 1452 293 1487 de
328 1465 368 1488 re
398 1453 577 1489 Romana
606 1453 841 1501 resurgenti,
883 1454 986 1501 quod
1025 1453 1062 1489 in
1106 1466 1172 1501 spe
1203 1459 1238 1489 et
1280 1452 1458 1501 opinione
1491 1453 1657 1501 positum

249 1528 342 1558 erat.
403 1523 466 1560 ‚Sic
497 1524 596 1560 enim
619 1524 751 1560 Livius
774 1524 944 1573 scripsit:
974 1531 1019 1560 tu
1032 1538 1088 1569 m,
1124 1524 1349 1571 quoniam
1383 1523 1453 1571 (sic
1471 1524 1535 1562 W.
1557 1531 1658 1560 recte

248 1606 319 1641 pro
351 1594 502 1640 quam)
549 1607 624 1630 res
667 1596 882 1631 Romana
924 1601 1093 1631 contra
1134 1607 1259 1643 spem
1305 1599 1520 1642 votaque
1559 1594 1658 1630 eius

247 1677 510 1715 resurgere
542 1666 728 1705 viribus
766 1666 1010 1711 videatur,
1058 1678 1227 1702 novam
1273 1664 1456 1701 referre
1495 1665 1658 1713 prodi-

245 1735 421 1771 tionem
461 1735 669 1783 proditis
714 1737 1027 1786 polliccatur,
1080 1735 1276 1772 aliunde
1321 1742 1413 1771 stet
1454 1748 1658 1783 semper,

246 1804 437 1840 aliunde
459 1806 657 1851 sentiat,
676 1806 856 1842 infidus
879 1807 1058 1851 socius,
1087 1819 1234 1843 vanus
1254 1806 1419 1843 hostis
1455 1807 1658 1842 Postrema

247 1876 327 1910 haec
358 1876 545 1911 sententia
575 1883 677 1912 recte
706 1877 868 1913 relativo
900 1890 976 1913 non
1017 1878 1179 1925 repetito
1211 1870 1464 1920 (ἷοννδε-’τως
1494 1878 1659 1919 additur,

246 1946 486 1994 superiorum
532 1947 756 1982 sententiam
797 1948 964 1984 breviter
1006 1947 1200 1995 colligens.
1276 1947 1396 1983 Verbi
1426 1947 1657 1996 pollicea-

244 2023 341 2062 tur,
386 2017 488 2064 quod
536 2017 659 2053 oratio
699 2025 735 2054 et
761 2018 948 2054 sententia
978 2017 1169 2066 postulat,
1213 2018 1296 2053 duze
1337 2018 1469 2066 primae
1500 2018 1657 2066 syllabae

245 2094 479 2133 manserunt,
521 2101 568 2123 ex
598 2088 747 2124 turali
778 2095 901 2124 ortum
935 2087 1098 2131 uirali,
1140 2088 1276 2124 deinde
1308 2101 1355 2124 ex
1387 2101 1469 2125 eea
1499 2088 1657 2133 factum,

245 2158 372 2193 nescio
417 2172 491 2206 quo
535 2172 675 2203 errore,
706 2159 801 2197 VII.
892 2159 1140 2195 Polliceor
1184 2158 1343 2194 facere
1384 2172 1460 2195 non
1510 2165 1657 2195 tantum

248 2229 408 2264 Plautus
448 2236 484 2265 et
515 2230 717 2265 Terentius
759 2229 959 2274 dixerunt,
1004 2230 1070 2265 sed
1115 2228 1247 2265 Caesar
1284 2229 1331 2267 B.
1375 2229 1425 2266 G.
1466 2230 1549 2275 IV,
1594 2232 1657 2266 21.

243 2300 431 2335 Extrema
460 2302 580 2336 verba
610 2300 664 2337 sic
696 2300 873 2336 videntur
902 2300 1121 2337 scribenda:
1163 2299 1206 2335 id
1247 2300 1304 2335 ad
1348 2300 1655 2337 Faleriorum

244 2367 517 2418 Pyrrhique
559 2371 856 2419 proditorem
897 2370 1090 2406 tertium
1122 2369 1389 2417 transfugis
1411 2370 1657 2406 documen-

242 2446 339 2476 tum
373 2448 498 2477 esset
527 2443 591 2488 (ex
620 2441 929 2478 recta-oratione
959 2440 1193 2476 huiusmodi:
1222 2441 1310 2476 hoc
1340 2460 1394 2465 —
1425 2440 1504 2484 sit;
1534 2441 1657 2477 infini-

244 2511 345 2546 tivus
376 2510 466 2547 ferri
499 2512 603 2548 nullo
634 2513 750 2548 modo
782 2518 920 2561 potest,
964 2512 1030 2547 sed
1073 2524 1120 2547 ne
1153 2522 1365 2559 pronomen
1397 2511 1548 2558 quidem
1587 2513 1657 2548 ab-

245 2594 346 2626 esse3
378 2582 424 2617 de
455 2582 499 2618 id
529 2583 590 2618 vel
620 2583 675 2618 ad
704 2596 776 2631 pro
809 2583 868 2618 ad
899 2583 963 2627 id,
993 2582 1038 2617 id
1069 2582 1124 2617 ad
1155 2581 1296 2629 scripto
1327 2581 1402 2616 vid.
1437 2582 1485 2618 ad
1516 2583 1652 2628 XXV,

244 2656 308 2697 40,
342 2654 394 2700 8).
453 2655 584 2700 Atque
624 2653 703 2689 haec
749 2653 901 2701 quidem
946 2652 1108 2689 aliorum
1150 2651 1300 2688 illorum
1343 2652 1531 2688 sententia
1568 2651 1657 2695 fuit;
