1811 2925
848 137 896 172 45
1404 133 1477 164 Lib.
1505 133 1531 163 Ι.

163 259 265 295 hune
308 258 434 294 locum
473 258 586 294 redii.
630 258 845 306 suspicatus
882 270 985 300 sum,
1028 269 1142 293 unam
1178 269 1313 293 vocem
1351 258 1399 293 ob
1436 257 1581 293 littera-

164 342 250 366 rum
281 328 563 364 similitudinem
597 329 797 365 excidisse.
830 328 981 365 Livium
1004 334 1130 364 autem
1163 328 1379 377 scripsisse:
1412 327 1579 365 Sabini

164 411 276 436 suos
319 412 488 438 servos
532 399 665 448 prius
706 407 777 437 cet.
842 401 880 436 A
912 398 1103 447 prioribus
1143 399 1277 435 litteris
1308 411 1391 435 uos
1435 398 1579 447 (suos)

163 470 342 506 librarius
373 470 568 506 aberravit
613 471 661 506 ad
701 471 852 507 easdem
893 470 1013 506 altero
1055 469 1139 505 loco
1177 469 1324 517 positas
1363 471 1580 515 (seruos).

275 539 403 589 *Cap
437 542 506 586 32,
542 544 607 578 11:
651 541 857 589 Quarum
889 553 1065 584 rerum,
1107 539 1283 584 litium,
1326 552 1578 577 causarum

164 611 383 648 condixit
428 619 566 661 pater
610 619 832 661 patratus
880 611 1047 660 populi
1077 611 1278 647 Romani
1317 610 1578 658 Quiritium

162 683 294 732 patri
343 690 538 732 patrato
584 683 860 720 Priscorum
907 681 1188 718 Latinorum
1227 704 1295 726 —‚
1341 694 1458 730 quas
1503 693 1578 718 res

163 754 287 792 dari.
336 754 467 797 fieri,
516 753 634 790 solvi
686 753 923 802 oportuit,
973 775 1042 797 ——‚
1093 752 1186 798 dic,
1232 752 1344 800 quid
1387 750 1579 788 censes?

163 824 367 862 Genitivus
388 824 518 867 verbo,
548 823 651 871 quod
673 831 728 859 est
761 824 1036 868 condicere,
1067 823 1267 859 adiunctus
1286 835 1400 871 quam
1419 824 1578 859 haberet

162 895 362 938 rationem,
391 907 503 930 nemo
535 894 730 942 exposuit3
771 907 859 930 nam
892 894 994 942 quod
1027 906 1112 929 eum
1144 907 1191 929 ex
1221 893 1577 930 iurisconsultorum

161 965 200 1001 in
229 965 403 1002 formulis
434 964 707 1001 consuetudine
742 964 833 1013 poni
863 965 1004 1000 dicunt.
1048 964 1160 1000 nimis
1190 965 1378 1000 infinitum
1409 971 1477 1000 est.
1508 976 1578 1000 nee

162 1043 320 1072 utuntur
375 1036 424 1071 ad
481 1048 565 1071 eam
626 1035 939 1072 consuetudinem
997 1035 1335 1071 demonstrandam
1381 1035 1453 1071 nisi
1501 1048 1576 1071 uno

161 1106 338 1155 exemplo
370 1118 493 1154 eoque
523 1119 599 1142 non
630 1106 862 1152 certissimo,
908 1106 1010 1154 quod
1040 1106 1143 1154 apud
1173 1104 1397 1143 Ciceronem
1427 1105 1464 1141 in
1497 1106 1577 1142 To-

158 1177 255 1226 picis
297 1176 358 1226 (4,
390 1175 458 1225 22)
502 1176 657 1225 legitur:
703 1178 862 1214 damni
907 1177 1079 1213 infecti
1123 1177 1426 1227 promittere3
1474 1177 1577 1226 apud

158 1247 265 1296 ipsos
310 1246 599 1283 iurisconsultos
642 1255 861 1285 constanter
904 1249 1042 1285 dicitur
1095 1248 1217 1284 satis
1269 1247 1402 1291 dare,
1455 1247 1576 1283 satis

157 1324 322 1367 pet-ere
352 1317 509 1354 damni
538 1317 708 1354 infecti
739 1325 776 1354 et
806 1319 963 1364 similia,
994 1319 1162 1367 genitivo
1202 1318 1494 1355 accommodato
1526 1318 1575 1354 ad

157 1401 299 1425 novam
344 1388 537 1425 notionem
584 1389 748 1425 nominis
793 1390 932 1431 satis.v
986 1391 1089 1439 quod
1128 1390 1160 1426 si
1200 1402 1277 1426 non
1316 1389 1440 1437 ipsum
1472 1390 1575 1438 apud

157 1458 383 1496 Ciceronem
414 1460 553 1496 excidit
593 1460 712 1508 (quod
742 1461 987 1497 vehementer
1016 1461 1227 1510 suspicor).
1265 1459 1399 1495 saltem
1432 1471 1480 1494 ex
1508 1459 1573 1495 illo

157 1543 228 1566 usu
283 1530 418 1576 (satis
469 1531 756 1578 promittere
802 1531 959 1567 damni
1000 1532 1098 1578 inf.)
1137 1531 1292 1567 brevior
1328 1530 1393 1565 illa
1431 1530 1574 1566 locutio

158 1607 244 1637 orta
274 1608 348 1645 est;
392 1601 430 1636 in
469 1601 756 1637 condicendi
799 1603 918 1638 verbo
951 1602 1045 1638 nihil
1090 1612 1145 1638 est
1190 1601 1322 1642 simile.
1397 1601 1572 1642 Accedit.v

159 1671 263 1719 quod
313 1671 504 1707 communi
554 1684 710 1708 rerum
759 1673 950 1709 vocabulo
995 1680 1083 1722 apte
1133 1673 1404 1722 superadditur
1448 1673 1572 1721 magis

157 1741 355 1790 proprium
385 1741 543 1778 litium
572 1755 710 1779 nomen
743 1744 801 1788 (in
832 1756 908 1791 quo
939 1744 976 1779 in
1015 1751 1179 1780 mentem
1219 1743 1323 1780 venit
1367 1758 1452 1781 cum
1493 1745 1571 1780 risu

156 1812 320 1848 inductae
351 1824 374 1848 a
405 1811 588 1849 Cicerone
628 1826 698 1862 pro
732 1814 896 1850 Murena
937 1827 968 1853 c.
1010 1816 1053 1851 12
1100 1815 1336 1863 quaestionis„
1389 1828 1483 1852 rem
1522 1829 1572 1852 an

156 1882 290 1919 litem
322 1883 395 1919 dici
426 1884 655 1932 oporteret),
694 1885 818 1921 minus
859 1894 966 1935 apte7
1007 1886 1110 1934 quod
1142 1886 1234 1922 iuris
1264 1887 1464 1935 proprium
1494 1899 1571 1922 non

155 1960 213 1990 est
240 1953 278 1989 in
309 1954 382 1990 hae
417 1960 672 1991 controversae
699 1956 754 1992 rei
782 1956 1072 2005 significatione,
1104 1970 1309 1993 causaru
1321 1971 1369 1995 m.
1420 1958 1570 2006 Itaque,

156 2023 227 2060 etsi
269 2023 423 2060 difficile
468 2032 524 2061 est
567 2025 614 2061 de
657 2026 876 2064 huiusmodi
919 2028 1112 2064 veteribus
1144 2028 1349 2064 verborum
1394 2027 1570 2064 formulis

153 2095 354 2140 iudicium,
385 2102 514 2132 tamen
544 2096 657 2132 valde
686 2098 879 2146 suspicor,
924 2098 1077 2135 Livium
1107 2099 1324 2147 scripsisse:
1372 2112 1569 2147 quarum

154 2178 331 2211 rerum,
376 2166 533 2202 litium
578 2180 723 2204 causa
778 2169 998 2205 condixit
1041 2175 1180 2218 pater
1223 2176 1447 2218 patratus
1487 2176 1569 2215 cet.,

155 2236 298 2272 codicis
328 2243 453 2273 autem
487 2238 684 2286 archetypi
713 2239 878 2276 scribam
908 2239 1099 2288 frequenti
1129 2240 1282 2276 errandi
1303 2253 1443 2289 genere
1475 2242 1567 2288 (vid.

154 2319 326 2355 prooem.
360 2321 397 2356 p.
437 2311 498 2353 10)
544 2309 592 2344 ad
623 2309 719 2345 duos
752 2311 941 2358 genitivos
986 2311 1066 2347 sine
1114 2311 1379 2348 coniunctione
1421 2312 1569 2361 positos

153 2377 308 2414 tertium
339 2380 663 2416 accommodasse.
736 2381 904 2429 Propter
944 2393 1005 2417 res
1036 2388 1071 2417 et
1110 2381 1195 2417 lites
1226 2382 1442 2418 condictum
1474 2388 1568 2427 erat⁷

153 2447 227 2484 hoe
265 2455 321 2485 est
360 2449 616 2498 postulatum,
662 2457 700 2486 ut
746 2452 960 2488 satisfieret.
1018 2452 1144 2489 Paulo
1176 2459 1265 2500 post
1303 2455 1339 2498 (ξ
1378 2453 1459 2498 12),
1504 2452 1569 2489 ubi

154 2518 288 2556 Livius
323 2521 474 2557 hastam
505 2533 528 2556 a
560 2519 680 2557 fetiali
718 2523 756 2558 in
793 2523 958 2559 hostium
996 2524 1090 2559 fines
1132 2523 1229 2559 mitti
1271 2523 1310 2558 in
1340 2522 1440 2558 bello
1471 2523 1567 2558 indi-

154 2590 274 2625 cendo
295 2591 448 2627 solitam
470 2599 745 2628 commemorat
771 2593 972 2633 (hastam
1002 2593 1237 2630 ferratam
1268 2599 1347 2628 aut
1378 2593 1567 2641 sangui-

151 2670 285 2695 neam
328 2663 623 2709 praeustam).
665 2674 860 2710 nunquam
900 2663 1110 2713 intelligere
1139 2665 1267 2713 potui,
1312 2676 1389 2712 qua
1419 2664 1567 2700 ratione
