1811 2925
821 130 840 165 4
855 129 898 165 13
1322 125 1395 158 Lib.
1413 125 1563 157 xxxv.

159 252 368 302 genitivum
411 251 480 288 rei
523 250 763 299 appositione
802 249 980 286 adiuncto
1025 250 1198 298 gerundii
1242 248 1421 298 genitivo.
1501 248 1565 286 Sic

159 323 256 360 enim
290 322 421 359 Livius
459 321 645 357 interdum
688 319 861 369 gerundii
898 331 973 355 non
1005 319 1214 356 ablativum
1252 319 1374 356 solum
1421 319 1467 366 (Ι,
1501 321 1564 364 56,

158 395 180 430 2
213 400 250 430 et
280 393 331 429 ibi
364 391 545 438 XVeiss.),
588 391 653 427 scd
697 391 812 427 etiam
849 390 1109 426 accusativum
1141 397 1177 426 et
1205 390 1414 438 genitivum
1445 389 1564 438 ponit,

157 463 415 500 accusativum
446 462 565 506 XXI,
596 465 632 507 4,
665 464 686 498 3
719 468 756 498 et
787 460 928 505 XXII,
961 461 997 505 8,
1030 463 1065 506 5,
1093 459 1301 508 genitivum
1332 460 1386 505 II,
1417 463 1481 505 47,
1517 460 1562 496 12

158 534 415 582 (immemor
457 534 575 574 eius,
619 533 745 580 qnod
784 531 925 568 initio
967 531 1249 567 consulatus
1288 531 1564 574 imbiberat,

155 602 524 640 reconciliandi
570 602 756 638 animos
799 601 974 651 plebis)
1015 608 1051 638 et
1081 601 1275 646 XXXII,
1312 603 1382 646 19,
1430 605 1443 638 l
1481 601 1564 644 (rei

157 673 356 710 maioris
391 687 522 722 spes,
555 674 838 710 Achaeorum
869 678 1052 721 gentem
1102 700 1140 711 ..
1181 672 1459 719 avertendi).
1518 672 1563 708 In

159 743 344 792 proximis
374 744 633 792 superioribus
663 744 790 780 verbis
821 750 921 780 recte
954 742 1135 791 Sigonius
1165 742 1279 778 scribi
1307 743 1449 779 voluit:
1474 755 1564 779 om-

125 815 129 819 '
155 814 235 850 nia
266 814 438 850 novari
468 814 592 850 velle
638 818 722 862 (pro
753 817 952 856 novare)
986 813 1031 849 de
1062 813 1277 849 hominibus
1310 814 1562 850 mutationum

155 884 325 933 cupidis,
371 897 447 920 non
490 884 582 932 ipsis
631 897 762 921 earum
806 884 963 921 consilia
993 885 1229 932 capientibus
1259 896 1327 921 nec
1358 884 1562 932 quicquam

154 967 224 991 sua
254 961 389 1002 sponte
419 954 671 990 moventibus.
721 953 815 998 (Cfr.
840 955 886 991 de
916 955 1043 991 mendi
1072 967 1210 1003 genere
1240 968 1276 1003 p.
1309 956 1358 991 38
1393 962 1471 991 not.
1506 954 1561 1002 2.)

157 1025 272 1061 Initio
303 1025 437 1073 capitis
467 1031 553 1072 post
586 1025 831 1061 Antiocho
878 1024 1020 1072 aliquid
1067 1024 1275 1068 excidisse,
1319 1025 1564 1062 animadver-

153 1108 236 1132 sum
287 1096 361 1131 iarn
395 1107 418 1130 a
449 1095 762 1132 Weissenbornio
804 1095 933 1139 vide03
997 1095 1183 1131 sententia
1222 1095 1439 1132 huiusmodi
1483 1095 1563 1132 scre

152 1166 268 1202 fuisse
296 1165 463 1202 videtur:
508 1165 646 1211 Inde,
695 1173 742 1202 ut
791 1178 987 1214 quaeque
1030 1166 1083 1202 de
1125 1165 1368 1203 Antiocho
1416 1166 1562 1214 [fama

152 1236 310 1272 allata
340 1241 458 1275 erat,
488 1236 642 1273 AEtoli
674 1237 997 1286 excipiebant,
1029 1244 1074 1273 et
1105 1236 1204 1286 ne,]
1250 1237 1374 1274 nihil
1400 1250 1482 1286 per
1511 1250 1562 1273 se

151 1307 244 1355 ipsi
277 1306 405 1351 moti,
428 1307 648 1343 sedentes
680 1314 970 1356 exspectare
997 1308 1252 1344 adventum
1276 1308 1561 1345 viderentur

151 1377 306 1425 regis,
353 1377 611 1414 concilium
651 1378 840 1426 quidem
886 1385 955 1417 cet.
1083 1378 1230 1415 Eodem
1275 1379 1399 1427 capite
1444 1379 1560 1428 paulo

152 1454 241 1496 post
271 1449 305 1494 (ξ
340 1449 378 1491 7)
411 1459 494 1494 quae
524 1447 570 1483 de
599 1447 821 1484 Aitolorum
854 1449 1011 1485 consilio
1044 1449 1301 1486 Demetriadis
1332 1449 1564 1497 occupandae

153 1518 202 1554 ab
233 1517 453 1566 Eurylocho
482 1517 615 1553 exsule
645 1518 775 1554 adiuto
805 1525 1021 1558 narrantur.
1054 1532 1184 1555 corum
1214 1519 1361 1556 initium
1391 1520 1428 1555 in
1459 1520 1564 1557 codi-

154 1587 259 1624 cibus
289 1588 426 1624 vitiose
456 1587 510 1623 sic
540 1588 741 1625 scribitur:
784 1589 987 1626 Litteris
1021 1591 1290 1640 Eurylochi
1327 1591 1564 1627 admoniti

152 1657 430 1706 propinqui*
451 1658 688 1706 amicique
723 1667 765 1695 et
796 1660 872 1708 qui
903 1661 1112 1697 eiusdem
1143 1660 1379 1698 factionis
1411 1668 1562 1707 erant,

152 1728 340 1765 liberos
385 1735 428 1764 et
467 1729 715 1778 coniugem
760 1731 860 1766 eius
903 1743 1004 1767 cnm
1051 1732 1252 1767 sordida
1285 1739 1441 1777 veste,
1491 1740 1562 1770 te-

151 1806 317 1835 nentes
361 1799 633 1836 velamenta
672 1800 973 1849 supplicum,
1013 1802 1293 1838 contionem
1331 1801 1561 1850 frequen-

151 1876 238 1905 tem
280 1869 528 1914 adierunt,
576 1870 793 1918 singulos
843 1872 1194 1921 universosque
1243 1873 1561 1919 obtestantes,

152 1953 208 1976 ne
259 1940 502 1977 insontem
553 1941 884 1978 indemnatum
934 1954 1280 1979 consenescere
1324 1942 1369 1978 in
1409 1943 1560 1979 exilio

151 2010 378 2046 sinerent.
439 2010 552 2058 Quod
584 2011 759 2048 editionis
789 2012 1043 2049 Frobenianae
1072 2014 1204 2062 primae
1235 2013 1462 2050 auctoritate
1478 2014 1560 2050 vul-

151 2093 200 2129 go
222 2087 387 2116 tenetur:
419 2081 691 2118 contionem
722 2080 1027 2129 frequentem
1059 2083 1192 2119 adire
1220 2083 1395 2129 iubent,
1413 2091 1559 2120 tantum

151 2150 271 2194 abest,
302 2158 354 2194 ut,
386 2150 487 2198 quod
504 2150 847 2188 Drakenborchius
877 2151 1020 2198 scribit,
1051 2165 1098 2189 ex
1120 2154 1163 2190 M
1187 2160 1380 2203 sumptum
1412 2155 1471 2199 sit,
1506 2162 1560 2200 ut,

150 2232 266 2268 quum
306 2221 343 2256 in
388 2220 472 2269 ipsa
503 2220 667 2257 editione
703 2221 811 2270 Mog.
843 2222 1071 2259 scriberetur
1113 2223 1397 2272 frequenter
1425 2226 1559 2262 adie-

150 2298 289 2335 runt,
332 2291 386 2328 N.
419 2290 656 2328 Carbacliius
697 2304 716 2327 e
747 2292 828 2328 cod.
866 2292 1059 2329 adnotarit
1090 2293 1388 2342 frequentem
1424 2296 1558 2332 adie-

149 2368 270 2398 runt.
321 2361 408 2396 Hoc
438 2361 772 2398 Weissenbornius
802 2362 956 2411 recepit,
986 2363 1113 2412 posita
1141 2371 1230 2413 post
1259 2365 1457 2402 sordida
1485 2378 1558 2402 ve·

149 2438 219 2467 ste
262 2431 406 2467 lacunae
456 2438 559 2467 nota.
642 2432 775 2469 Livius
823 2433 1019 2481 scripsisse
1064 2434 1232 2471 videtur:
1281 2435 1466 2472 liberos
1515 2442 1559 2472 et

149 2501 399 2549 coniugem
431 2502 531 2538 eius
578 2530 641 2548 ..,
686 2509 904 2539 tenentes
950 2504 1224 2542 velamenta
1275 2506 1557 2555 supplicum,

149 2572 194 2610 In
226 2572 496 2608 contionem
529 2572 829 2621 frequentem
862 2573 1113 2611 adcierunt
1145 2576 1198 2623 (v.
1221 2576 1557 2625 adduxerunt).
