1811 2925
793 173 863 209 501
1348 171 1424 202 Lib.
1456 171 1549 204 XLI.

126 295 258 344 aliquo
291 294 407 330 modo
438 300 633 339 senserat3
663 300 790 331 utrum
820 302 909 343 post
947 293 1089 343 Alpis
1128 306 1176 330 an
1207 301 1296 343 post
1325 307 1431 345 pop.
1461 296 1550 333 Ro-

126 366 252 403 mani
284 365 468 402 exciderit
499 377 625 410 esse,
663 364 812 401 definiri
841 365 985 414 nequit.

240 436 338 486 Cap.
371 438 432 482 17,
466 438 506 474 6:
539 437 585 484 Q.
617 436 832 474 Petilius
864 436 1035 472 consul
1069 436 1333 485 collegam,
1366 437 1445 485 qui
1475 450 1549 474 ex-

125 508 306 558 templo
337 507 673 556 magistratum
706 507 978 556 occiperet,
1009 507 1201 544 creavit
1233 506 1547 545 C.Valerium

127 579 387 617 Laevinum.
473 579 522 615 Is
563 579 653 615 iam
696 579 772 616 diu
811 579 1015 628 cupidus
1057 578 1352 627 provinciae,
1409 593 1548 628 quum

124 656 411 700 opportunae
464 649 725 698 cupiditati
776 651 878 687 eius
933 651 1112 687 litterae
1165 649 1326 686 allatae
1366 658 1549 691 essent.

126 722 335 772 Ligures
378 720 668 766 rebellasse,
716 721 870 758 Nonis
916 721 1212 764 Sextilibus,
1264 722 1549 771 paludatus,

123 793 308 830 litteris
340 791 543 836 auditis,
582 792 821 828 tumultus
864 793 964 829 eius
1003 805 1149 829 causa
1179 792 1426 841 legionem
1462 800 1549 831 ter-

124 864 238 901 tiam
270 864 327 900 ad
359 863 402 902 C.
435 863 694 900 Claudium
726 864 977 901 consulem
1020 865 1065 900 in
1096 864 1311 902 Galliam
1342 865 1549 914 prosici-

125 936 193 972 sci
225 935 372 972 iussit
411 941 456 970 et
497 934 782 970 duumviros
819 935 1024 971 navales
1065 948 1166 972 oum
1207 936 1365 973 classe
1405 937 1548 974 Pisas

125 1007 213 1043 ire.
245 1013 317 1045 cet.
393 1004 539 1042 Consul
581 1004 789 1053 paludatus
828 1005 867 1041 in
907 1006 1147 1054 provinciam
1190 1006 1289 1053 ibat,
1333 1021 1409 1044 non
1452 1008 1549 1044 alios

123 1077 314 1126 proficisci
344 1076 523 1118 iubebat,
570 1088 639 1112 nec
680 1075 827 1112 litteras
864 1090 884 1113 e
921 1076 1130 1126 provinciis
1171 1076 1309 1115 allatas
1355 1079 1548 1117 audiebat.

123 1148 192 1184 sed
231 1147 385 1196 legebat
425 1147 507 1195 ipse
546 1153 583 1183 et
624 1146 814 1184 rec-itabat
851 1149 1055 1185 recitarive
1093 1149 1270 1191 iubebat,
1303 1160 1384 1193 nee,
1414 1148 1548 1184 litteris

123 1219 263 1264 allatis,
294 1219 460 1268 primum
492 1218 809 1267 paludamentum
844 1221 1043 1266 sumebat,
1092 1220 1241 1264 deinde,
1285 1219 1438 1265 auditis,
1466 1220 1548 1256 fieri

122 1290 269 1338 aliquid
307 1290 476 1329 iubebat.
555 1289 633 1328 Sed
678 1291 769 1339 quid
810 1292 891 1327 haec
936 1291 1110 1340 pluribus
1152 1303 1387 1340 persequor,
1431 1304 1547 1339 quum

123 1361 478 1398 manifestissimum
509 1361 576 1406 sit,
617 1362 764 1398 initium
797 1363 984 1399 orationis
1015 1363 1061 1399 de
1092 1362 1248 1398 consule
1280 1374 1375 1405 esse,
1406 1362 1548 1399 statim.

122 1445 241 1480 quum
272 1433 407 1469 litterae
447 1433 573 1469 allatae
613 1441 761 1478 essent,
802 1435 939 1483 cupide
978 1434 1014 1470 in
1060 1432 1300 1482 provinciam
1338 1432 1547 1470 festinanti.

120 1504 264 1541 exitum
306 1505 353 1540 de
391 1510 545 1550 senatu,
583 1504 718 1541 litteris
758 1506 861 1554 apud
899 1518 940 1541 se
978 1504 1147 1541 recitatis
1187 1504 1417 1552 auditisque,
1460 1517 1543 1553 quae

120 1574 204 1610 fieri
240 1574 317 1610 alia
349 1575 397 1611 ab
434 1575 518 1612 aliis
549 1576 733 1621 debeant,
775 1576 941 1620 iubente,
980 1576 1108 1612 media
1139 1582 1279 1621 autem,
1311 1575 1448 1624 quibus
1479 1576 1547 1612 ab-

122 1645 347 1682 solvebatur
376 1646 483 1695 prior
505 1647 705 1691 sententia,
736 1660 840 1684 nova
860 1647 1080 1696 incipiebat,
1110 1646 1374 1684 intercidisse?
1408 1648 1546 1696 Itaque

121 1716 174 1752 sic
212 1717 454 1754 scribendum
497 1726 572 1755 est:
755 1719 910 1756 Nonis
956 1719 1235 1757 Sextilibus
1280 1718 1545 1767 paludatus

121 1798 136 1810 χ’
169 1798 184 1812 ²³*
217 1786 263 1837 [S
281 1789 483 1838 enatus,]
531 1790 719 1827 litteris
750 1790 955 1835 auditis,
993 1790 1233 1826 tumultus
1265 1790 1366 1827 eius
1397 1802 1546 1827 causa

120 1865 194 1898 cet,
269 1859 321 1896 Et
362 1861 550 1897 excidisse
581 1862 737 1910 aliquid,
780 1861 894 1898 etiam
929 1861 1109 1898 Dukerus
1142 1869 1177 1898 et
1207 1862 1547 1899 WVeissenbornius

122 1936 340 1975 senserunt3
394 1932 558 1969 transire
602 1933 863 1970 narrationem
913 1933 962 1969 ad
1005 1941 1202 1981 senatum,
1247 1947 1323 1971 non
1368 1933 1548 1969 videntur

122 2001 452 2041 animadvertisse.
526 2003 602 2041 Sed
646 2005 790 2050 consul,
834 2004 899 2053 qui
941 2004 979 2040 in
1017 2005 1257 2053 provinciam
1298 2005 1474 2049 festinat,
1516 2005 1546 2040 si

121 2073 231 2109 editae
273 2073 471 2122 scripturae
513 2076 703 2112 credimus
746 2076 1002 2124 (collegam
1042 2105 1081 2114 ..
1123 2077 1313 2113 creavit
1356 2075 1399 2114 C.
1441 2076 1544 2114 Val.

123 2144 382 2183 Laevinum.
441 2146 486 2182 Is
527 2150 606 2191 .,),
637 2147 855 2183 necessario
886 2147 1068 2184 Laevinus
1109 2154 1180 2187 est.
1240 2148 1363 2197 Atqui
1393 2148 1438 2186 is.
1482 2147 1545 2196 qui

123 2227 157 2250 a.
192 2215 227 2252 d.
257 2215 323 2251 III
364 2216 468 2252 Non.
510 2217 619 2254 Sext.
656 2224 807 2253 creatus
839 2223 918 2262 est,
962 2231 1040 2254 non
1071 2218 1208 2266 potuit,
1239 2219 1329 2255 iani
1362 2219 1440 2255 diu
1471 2230 1546 2255 cu-

121 2285 262 2334 pidus
292 2287 575 2335 provinciae,
617 2287 710 2335 ipsis
742 2288 867 2325 Nonis
900 2288 1005 2328 Sext.
1049 2291 1088 2328 in
1128 2304 1212 2328 eam
1255 2290 1378 2335 abire3
1421 2290 1461 2326 id
1500 2291 1546 2327 de

122 2356 261 2393 Petilio
306 2363 454 2394 tantum
499 2365 601 2395 reete
631 2356 705 2394 diei
742 2358 893 2406 potuit,
936 2374 1048 2409 quem
1091 2363 1180 2399 inde
1226 2363 1274 2399 ab
1317 2361 1426 2398 initio
1457 2361 1547 2397 anni

121 2429 321 2478 prodigia,
359 2429 463 2466 feriae
493 2441 704 2478 earumque
742 2428 992 2478 instauratio,
1036 2434 1192 2470 comitia
1223 2433 1380 2482 collegae
1411 2433 1547 2469 subro—

122 2499 251 2547 gando
282 2500 418 2537 Romae
447 2500 703 2544 retinuerant,
742 2500 781 2536 in
810 2502 1051 2550 provinciam
1081 2505 1255 2554 pluribus
1287 2510 1375 2541 ante
1407 2504 1547 2541 mensi-

123 2569 194 2605 bus
235 2570 429 2608 decretam
470 2571 526 2608 ire
569 2571 797 2620 cupientem.
870 2575 1004 2623 Atque
1043 2575 1224 2612 Petilium
1269 2575 1346 2623 (eui
1382 2575 1547 2625 Ligures

123 2640 323 2688 provincia
353 2650 545 2687 evenerat,
577 2655 608 2683 c,
646 2645 707 2688 15,
734 2645 778 2687 5]
809 2644 977 2693 priorem
1002 2644 1041 2681 in
1071 2646 1311 2694 provinciam
1330 2646 1546 2696 profectum

125 2723 222 2757 esse,
255 2712 369 2750 etiam
405 2727 425 2750 e
455 2727 540 2763 cap.
579 2716 637 2760 18,
671 2717 692 2752 6
723 2714 885 2764 intelligi
913 2722 1054 2764 potest,
1130 2717 1209 2755 Sed
1238 2724 1380 2763 tamen,
1411 2718 1548 2766 quoni-
