1811 2925
244 133 320 166 Lib.
332 133 466 164 XXXI.
917 132 938 167 3
946 133 964 167 7
973 132 994 167 2

248 262 402 294 actum
433 262 571 292 esset.
630 255 809 303 Apparet
838 251 1060 297 attendenti,
1090 251 1245 287 minime
1276 251 1560 289 deliberationis
1582 262 1660 290 sta-

250 328 303 365 tui
340 333 514 375 tempuS,
545 326 633 371 sed,
676 324 820 361 omissa
849 322 1033 371 temporis
1064 321 1294 368 definitione,
1324 323 1363 359 id
1393 330 1540 360 tantum
1571 337 1660 362 sua-

249 398 342 445 deri7
372 403 414 434 ut
443 398 660 441 decernant,
693 401 747 440 ut,
779 407 895 443 quum
925 392 1126 428 maturitas
1157 392 1212 428 rei
1241 394 1390 431 venisse
1419 395 1573 443 praetori
1602 396 1658 432 vi-

250 470 406 515 deatur,
447 468 569 517 possit
599 467 648 503 ad
679 479 763 503 eam
795 463 985 513 agendam
1016 462 1215 499 concilium
1247 471 1357 501 extra
1389 466 1561 503 ordinem
1592 468 1661 503 ad-

248 553 401 579 vocare.
458 540 525 576 Ius
566 538 680 587 igitur
728 543 765 574 et
792 541 964 585 potestas
1005 534 1084 570 eius
1116 533 1276 570 actionis
1307 535 1419 572 datur
1454 543 1491 573 et
1519 537 1659 576 finitur.

254 612 389 660 Itaque
419 610 586 646 dubitari
616 621 702 645 mea
731 605 919 645 sententia
952 604 1095 652 nequit,
1115 603 1204 651 quin
1225 604 1263 639 in
1283 604 1356 641 illis
1373 607 1518 644 verbis:
1551 614 1659 644 tem-

250 693 335 730 pus
364 681 433 717 ita
461 680 552 716 iam
582 692 703 716 nunc
747 677 901 715 statui
942 687 1084 724 posse
1128 675 1305 711 mendum
1354 677 1420 722 sit,
1461 678 1564 726 quod
1599 691 1658 715 ar-

255 751 336 800 guit
380 751 494 788 etiam
525 750 716 800 particula
744 749 822 791 ita,
854 753 895 783 ut
923 758 1023 782 nunc
1054 745 1242 786 scribitur,
1275 753 1311 782 et.
1340 760 1410 795 per
1440 760 1480 784 se
1509 749 1658 785 incom-

251 823 368 860 moda
399 823 487 869 (ita
524 851 562 860 ..
603 820 777 857 statui:
816 849 852 856 ..
895 815 1235 867 decernerent)
1266 824 1303 853 et
1331 831 1454 866 pravo
1484 819 1570 855 loco
1591 833 1660 868 po-

251 894 343 939 sita3
392 892 506 929 scribi
549 891 647 928 enim
679 890 899 940 oportebat:
943 895 1128 936 tempus
1173 888 1265 924 iam
1310 902 1431 926 nunc
1473 890 1542 926 ita
1588 897 1658 927 cet.

251 965 305 1002 Ni
335 963 474 1005 fallorq
505 962 638 999 Livius
671 962 710 998 in
743 963 843 998 hunc
872 960 1028 996 modum
1059 959 1226 1007 scripsit:
1274 960 1662 997 Deliberationis

253 1036 371 1081 eius,
403 1034 543 1071 cuius
580 1033 688 1082 ipse
726 1030 1060 1068 maturitatem
1102 1032 1487 1079 exspectandam
1520 1039 1664 1080 puta-

251 1113 349 1151 ret,
393 1104 461 1155 [ut
501 1102 611 1153 non]
664 1109 874 1151 tempus,
919 1102 990 1137 ita
1031 1101 1122 1137 iam
1174 1114 1293 1137 nunc
1342 1102 1498 1138 statui
1549 1101 1659 1152 [ius]

253 1189 412 1227 posse.

364 1246 458 1295 Cap.
490 1248 554 1289 40,
582 1247 618 1280 4.
676 1244 848 1280 Parvum
878 1248 946 1286 est,
998 1242 1259 1278 adnotandum
1290 1248 1417 1279 tamen
1436 1272 1445 1285 ‚
1492 1244 1591 1279 Livii
1628 1252 1663 1280 et

255 1319 424 1356 omnium
455 1314 766 1353 consuetudinem
796 1313 1005 1362 postulare,
1036 1318 1076 1349 ut
1105 1312 1167 1349 hic
1197 1313 1404 1349 scribatur:
1438 1313 1664 1351 Servitia

255 1390 361 1426 inde
392 1400 493 1425 cum
524 1391 686 1423 cetera
715 1384 876 1433 praeda
905 1382 1134 1428 abduxit3
1164 1383 1324 1420 libera
1354 1385 1519 1433 capita
1557 1384 1664 1421 sine

258 1460 425 1510 pretio
461 1457 649 1494 dimisit
679 1456 734 1505 (in
764 1454 1015 1504 significanda
1036 1453 1229 1489 contraria
1250 1456 1516 1502 tractatione);
1547 1456 1663 1504 vulgo

255 1532 408 1569 additur
438 1536 481 1566 et
509 1535 598 1578 post
628 1526 855 1570 abduxit,
900 1532 1024 1561 ortum
1064 1538 1112 1560 ex
1143 1524 1291 1561 duabus
1321 1525 1526 1574 postremis
1558 1526 1664 1562 verbi

256 1598 447 1645 litteris.¹)
535 1599 659 1636 Paulo
690 1598 826 1642 maius,
877 1596 981 1644 quod
1030 1596 1163 1632 eodcm
1208 1596 1333 1644 capite
1365 1599 1382 1641 ἓ
1415 1597 1464 1641 9,
1503 1596 1566 1632 ubi
1612 1595 1664 1631 sic

255 1675 447 1712 scribitur:
478 1669 739 1709 Damocles
764 1674 965 1717 praetor,
1020 1667 1098 1715 qui
1147 1680 1283 1703 morae
1318 1668 1373 1704 ad
1404 1667 1665 1703 decernen-

255 1747 358 1783 dum
375 1744 555 1782 bellum
577 1741 633 1777 ad
650 1741 954 1788 Naupactum
973 1744 1143 1774 auctor
1159 1736 1333 1783 fuerat,
1354 1737 1466 1773 valde
1481 1737 1666 1786 suspicor,

256 1817 456 1854 delendum
488 1826 570 1851 esse
584 1810 815 1849 vocabulum
847 1814 1028 1853 auctor,
1045 1808 1148 1844 mala
1172 1808 1446 1857 interpretandi
1466 1807 1666 1844 sedulitate

257 1888 427 1926 additum
460 1885 553 1933 (vid.
587 1884 636 1920 ad
667 1881 870 1924 XXXIV,
906 1880 981 1924 23,
1015 1878 1068 1927 2).
1131 1879 1235 1915 Nam
1282 1891 1419 1914 morae
1464 1891 1568 1914 esse
1611 1879 1666 1914 ad

259 1957 453 2007 aliquid
483 1962 585 1992 recte
616 1960 652 1991 et
682 1953 821 1990 usitate
851 1949 1007 1994 dicitur,
1038 1954 1079 1985 ut
1109 1950 1167 1985 ad
1193 1962 1277 1985 cum
1310 1950 1428 1985 verbo
1459 1947 1666 1996 coniunga—

259 2037 336 2074 tur3
370 2033 541 2064 auctor
572 2037 711 2061 morae
745 2023 801 2059 ad
832 2019 1026 2068 aliquid
1057 2019 1363 2064 faciendum.v
1410 2026 1451 2056 ut
1491 2020 1546 2055 ad
1578 2032 1667 2056 con·

260 2099 440 2147 iungatur
470 2109 555 2133 cum
587 2094 756 2144 genitivo
788 2103 938 2136 morae,
970 2103 1045 2127 uon
1075 2096 1176 2126 recte
1208 2090 1355 2126 (licitur.

369 2168 464 2216 Cap.
497 2168 570 2211 43,
605 2169 644 2202 7:
668 2166 775 2201 Haec
809 2176 862 2199 ea
891 2167 1059 2198 aestate
1091 2162 1146 2197 ab
1168 2161 1399 2197 Romanis
1417 2160 1666 2209 Philippo-

261 2253 347 2287 que
380 2244 517 2287 gesta
547 2243 694 2273 erant.
755 2236 925 2271 Pravum
965 2244 1047 2268 esse
1076 2231 1114 2268 in
1145 2231 1405 2268 concludenda
1435 2243 1559 2267 rerum
1592 2231 1667 2267 ali-

260 2310 364 2347 cuius
411 2308 498 2344 anni
549 2307 768 2344 narratione
812 2301 1229 2353 plusquamperfectum
1275 2310 1424 2350 tempus
1463 2301 1668 2338 constanti-

261 2394 333 2429 que
363 2380 462 2417 Livii
493 2390 564 2415 usu
594 2375 781 2425 postulari
811 2380 951 2424 gesta
981 2374 1141 2419 (omissa
1172 2374 1336 2420 erant).
1368 2372 1550 2408 Dukerus
1574 2370 1667 2407 vidit

284 2602 315 2644 ¹)
356 2603 483 2635 Contra
519 2612 546 2635 c.
574 2605 633 2638 44,
677 2605 695 2630 4
722 2607 763 2630 et
787 2607 862 2641 post
901 2610 917 2630 e
948 2591 1163 2634 :ndssendum3
1205 2604 1245 2626 ut
1274 2595 1474 2635 Philippi
1518 2599 1668 2625 statum

355 2672 395 2696 ct
420 2664 640 2704 imagines
667 2671 821 2693 omnes.
