1811 2925
804 179 879 215 227
1300 178 1374 209 Lib.
1404 179 1500 210 XXI.

137 301 354 339 Gallicis
398 301 620 338 auxiliiis
663 301 867 338 firmata
907 309 1029 345 erat,
1069 314 1167 338 cum
1210 301 1397 351 ingenti
1429 303 1552 339 caede

135 373 341 409 hostium
373 385 651 422 perrupere.
712 372 842 408 Media
875 372 1061 410 Afrorum
1103 372 1204 409 acies
1243 373 1280 409 in
1319 374 1391 409 hac
1421 386 1549 422 pugna

135 457 211 480 non
242 445 332 480 solis
367 444 493 482 Gallis
525 443 719 487 constitit,
751 444 840 488 sed,
872 451 913 480 ut.
944 444 1025 493 ipse
1057 444 1189 480 Livius
1227 457 1258 480 c.
1294 447 1356 487 55,
1389 446 1409 481 2
1443 446 1551 491 dixit,

135 516 237 553 omni
271 516 440 565 peditum
480 515 640 552 robore:
672 515 897 564 HispanoS,
931 515 1081 560 Gallos,
1113 515 1236 552 Afros
1267 516 1442 553 distincte
1474 519 1552 554 l’o-

135 588 259 637 lybias
298 588 468 624 nominat
502 588 594 635 (ΙΙΙ,
629 588 691 623 72.
724 589 787 633 S);
819 600 865 623 ex
896 588 968 623 hac
1010 593 1091 623 tota
1130 587 1211 623 acie
1248 600 1316 635 per
1347 601 1431 624 eam
1462 601 1551 637 par-

135 666 210 695 tem
242 659 407 696 Romani
438 665 710 707 perruperunt,
743 670 858 705 quain
891 657 996 695 Galli
1028 659 1288 706 expleverant.
1364 660 1551 709 Polybius

136 730 221 779 (74,
254 735 292 770 4>
328 730 465 767 Gallos
497 736 531 765 et
562 736 712 777 partem
744 729 912 777 aliquam
931 730 1119 766 Afrorum
1150 729 1292 766 victam
1326 742 1348 766 a
1377 744 1552 779 perrum-

135 801 312 850 pentibus
359 800 460 836 dicit.
538 801 675 848 Itaque
716 801 959 837 scribendum
1005 807 1078 837 est:
1129 801 1283 836 media
1320 801 1552 839 Afrorum

136 872 249 910 acie,
282 870 714 923 qua(ubi)Gallicis
748 871 953 908 auxiliis
986 871 1184 908 firmata
1215 879 1417 917 erat,...
1452 886 1552 922 per—

136 956 324 992 rupere.
402 943 539 991 Neque
585 942 777 979 ablativus
823 943 956 980 localis
1003 941 1177 987 (inedia
1206 943 1256 979 A.
1289 943 1411 992 acie)
1463 951 1552 993 apte

135 1022 353 1064 poneretur.
384 1014 428 1057 si,
460 1015 543 1063 ipsa
575 1014 675 1050 acies
707 1026 870 1061 quorum
897 1013 1093 1049 hominum
1112 1020 1224 1049 esset.
1256 1013 1551 1064 significaretur,

136 1086 201 1121 scd
246 1086 453 1122 mediam
500 1085 647 1121 aciem
690 1084 761 1126 (sie
807 1084 1097 1120 durchbrachen
1129 1084 1198 1120 das
1231 1084 1440 1131 Centrum,
1483 1087 1553 1123 das

135 1169 205 1193 aus
235 1156 409 1193 Galliern
442 1155 621 1199 bestand3
667 1155 827 1191 alterum
879 1162 953 1191 est:
996 1156 1028 1192 si
1058 1156 1226 1192 brachen
1275 1156 1326 1192 im
1368 1156 1552 1195 Centrum

135 1227 275 1271 durch,
318 1227 367 1263 da
397 1239 458 1262 wo
490 1238 530 1262 es
561 1239 630 1262 aus
660 1226 710 1264 G.
744 1227 937 1273 bestand).
989 1227 1074 1264 Lib.
1106 1227 1254 1272 XXII,
1289 1230 1364 1272 47,
1397 1229 1419 1264 7
1450 1236 1553 1266 recte

135 1299 280 1335 editur:
311 1298 487 1343 media,
536 1311 628 1346 qua
659 1298 795 1335 Galli
834 1297 1150 1347 Hispanique
1190 1304 1451 1343 stet-erant,

136 1370 261 1414 acie;
312 1370 378 1406 sed
428 1369 552 1405 codex
583 1371 615 1406 Ι)
659 1371 775 1407 habet
817 1383 921 1418 quae
951 1369 1086 1413 falli,
1133 1370 1249 1406 ceteri
1294 1370 1554 1419 mediaque

137 1441 283 1479 Galli.

248 1512 343 1561 Cap.
377 1516 424 1549 57
444 1540 452 1556 ,
485 1513 505 1548 2
539 1518 573 1548 et
607 1513 652 1557 3,
693 1512 759 1548 ubi
791 1511 996 1560 exponitur
1041 1512 1087 1548 de
1118 1518 1266 1548 terrore
1296 1513 1381 1549 urbi
1412 1513 1552 1549 iniecto

135 1591 221 1632 post
252 1596 422 1632 pugnam
454 1584 705 1620 Trebiensem
737 1583 1057 1630 sermonibusque
1096 1583 1293 1619 hominum
1335 1584 1552 1630 anxiorum,

136 1654 274 1691 insidet
305 1654 482 1690 mendum
514 1654 698 1691 orationis
730 1660 765 1690 et
796 1654 994 1690 sent-entiae
1024 1653 1152 1690 forma
1182 1666 1267 1691 meo
1298 1655 1439 1692 iudicio
1471 1669 1554 1692 ma-

136 1726 422 1762 nifestissimum
454 1732 490 1761 et
521 1725 570 1761 ad
601 1725 868 1774 corrigendum
900 1725 1167 1770 certissimum,
1198 1726 1266 1762 sed
1296 1733 1425 1763 tamen
1455 1727 1554 1763 eius-

137 1796 260 1841 modi,
307 1796 410 1845 quod
460 1796 593 1833 fallere
637 1796 701 1832 diu
748 1796 871 1845 possit
914 1803 951 1832 et
994 1796 1032 1832 in
1075 1809 1150 1844 quo
1181 1797 1427 1845 coarguendo
1458 1810 1555 1833 non-

136 1868 229 1904 nulli
284 1880 385 1916 aegre
438 1867 511 1904 sibi
554 1868 778 1916 persuaderi
834 1868 1033 1917 patiantur
1078 1880 1195 1915 quum
1244 1874 1403 1917 propter
1454 1869 1553 1905 anti—

138 1939 322 1987 quitatem
352 1944 389 1975 et
420 1939 523 1987 quod
554 1938 645 1975 nihil
677 1939 832 1975 omnino
885 1938 1038 1987 vestigii
1086 1938 1125 1974 in
1168 1938 1246 1975 ulla
1296 1939 1556 1988 discrepantia

137 2009 312 2046 codicum
356 2010 528 2046 relictum
570 2015 648 2054 est,
687 2016 767 2046 tum
803 2010 906 2058 quod
937 2023 1014 2046 non
1047 2022 1095 2045 ex
1128 2009 1351 2055 oculorum,
1400 2010 1467 2046 sed
1507 2023 1556 2046 ex

137 2080 253 2116 animi
284 2093 412 2117 errore
443 2087 567 2117 ortum
599 2087 635 2117 et
663 2081 702 2117 in
723 2081 1019 2130 interpolatione
1048 2080 1216 2129 positum
1241 2087 1308 2120 est.
1369 2081 1432 2119 Sic
1455 2081 1555 2117 enim

136 2151 310 2187 homines
342 2153 540 2201 conquesti
581 2159 806 2189 narrantur:
853 2153 953 2190 Uno
999 2152 1201 2188 consule
1241 2151 1297 2187 ad
1332 2151 1556 2188 Ticinum

138 2222 292 2267 vieto,
333 2222 494 2258 alt-ero
525 2236 583 2259 ex
614 2223 787 2260 Sicilia
818 2229 1074 2267 revocate,
1128 2223 1315 2259 duobus
1346 2222 1556 2258 consuli-

139 2293 245 2337 bus,
280 2294 465 2330 duobus
497 2294 848 2330 consularibus
879 2293 1186 2330 exercitibus
1220 2294 1390 2339 victis,
1437 2306 1556 2342 quos

141 2363 265 2399 alios
292 2364 453 2410 duces,
485 2377 601 2412 quas
631 2365 757 2402 alias
787 2365 1007 2413 legiones
1040 2376 1158 2409 esse,
1181 2358 1278 2412 quae
1308 2377 1557 2401 arcessan-

139 2433 241 2470 tur?
304 2436 504 2484 Apparet,
536 2437 677 2480 omnia,
709 2448 793 2484 quae
825 2436 874 2472 ad
904 2448 985 2472 rem
1013 2435 1253 2484 pertineant,
1284 2435 1470 2472 contineri
1499 2435 1557 2471 his

140 2506 362 2554 postremis:
409 2507 596 2543 duobus
633 2507 927 2543 consulibus
981 2536 1102 2544 .....
1140 2506 1305 2551 vietis,
1358 2505 1559 2554 superiora

141 2574 226 2612 illa:
261 2589 352 2613 uno
530 2577 684 2622 victo,
723 2577 883 2613 altero
1028 2584 1266 2613 revocato
1308 2589 1385 2613 non
1435 2576 1558 2612 solum

141 2659 384 2695 supervacua
416 2660 512 2693 esse,
542 2649 610 2685 sed
642 2649 756 2685 etiam
788 2649 947 2693 vitiosa;
977 2647 1071 2683 illud
1103 2647 1202 2683 enim
1218 2659 1336 2683 unum
1364 2646 1559 2695 quaeritur,

142 2724 306 2766 utroque
341 2719 509 2764 consule,
540 2726 704 2768 utroque
735 2720 905 2757 exercitu
930 2719 1057 2763 victo,
1099 2718 1238 2766 ecquid
1268 2717 1432 2767 supersit
1464 2729 1559 2753 aux-

1227 2801 1293 2834 15*
