<?xml version="1.0" encoding="UTF-8"?>
<!DOCTYPE html PUBLIC "-//W3C//DTD XHTML 1.0 Transitional//EN"
    "http://www.w3.org/TR/xhtml1/DTD/xhtml1-transitional.dtd">
<html xmlns="http://www.w3.org/1999/xhtml" xml:lang="en" lang="en">
 <head>
  <title>
</title>
<meta http-equiv="Content-Type" content="text/html;charset=utf-8" />
  <meta name='ocr-system' content='tesseract 3.04.00' />
  <meta name='ocr-capabilities' content='ocr_page ocr_carea ocr_par ocr_line ocrx_word'/>
</head>
<body>
  <div class='ocr_page' id='page_1' title='image "./emendationeslivi00madvuoft_0424.png"; bbox 0 0 1811 2925; ppageno 0'>
   <div class='ocr_carea' id='block_1_1' title="bbox 262 172 1011 207">
    <p class='ocr_par' dir='ltr' id='par_1_1' title="bbox 262 172 1011 207">
     <span class='ocr_line' id='line_1_1' title="bbox 262 172 1011 207; baseline 0.007 -5"><span class='ocrx_word' id='word_1_1' title='bbox 262 172 338 203; x_wconf 88' lang='lat' dir='ltr'><strong>Lib.</strong></span> <span class='ocrx_word' id='word_1_2' title='bbox 360 172 528 203; x_wconf 85' lang='lat' dir='ltr'>XXXVI.</span> <span class='ocrx_word' id='word_1_3' title='bbox 934 172 1011 207; x_wconf 82' lang='grc'>418</span> 
     </span>
    </p>
   </div>
   <div class='ocr_carea' id='block_1_2' title="bbox 258 292 1679 2447">
    <p class='ocr_par' dir='ltr' id='par_1_2' title="bbox 258 292 1679 2155">
     <span class='ocr_line' id='line_1_2' title="bbox 262 292 1678 341; baseline -0.002 -10"><span class='ocrx_word' id='word_1_4' title='bbox 262 296 490 339; x_wconf 67' lang='lat' dir='ltr'>habeant,</span> <span class='ocrx_word' id='word_1_5' title='bbox 535 294 697 331; x_wconf 84' lang='lat' dir='ltr'>eodem</span> <span class='ocrx_word' id='word_1_6' title='bbox 740 294 797 329; x_wconf 85' lang='lat' dir='ltr'>ad</span> <span class='ocrx_word' id='word_1_7' title='bbox 838 292 1187 341; x_wconf 80' lang='lat' dir='ltr'>impetrandam</span> <span class='ocrx_word' id='word_1_8' title='bbox 1230 292 1417 328; x_wconf 78' lang='lat' dir='ltr'>veniam</span> <span class='ocrx_word' id='word_1_9' title='bbox 1449 292 1678 340; x_wconf 73' lang='lat' dir='ltr'>utantur),</span> 
     </span>
     <span class='ocr_line' id='line_1_3' title="bbox 263 361 1678 407; baseline -0.001 -8"><span class='ocrx_word' id='word_1_10' title='bbox 263 364 465 400; x_wconf 78' lang='lat' dir='ltr'>simulac</span> <span class='ocrx_word' id='word_1_11' title='bbox 509 365 769 401; x_wconf 85' lang='lat' dir='ltr'>Romanum</span> <span class='ocrx_word' id='word_1_12' title='bbox 823 363 1086 400; x_wconf 82' lang='lat' dir='ltr'>exereitum</span> <span class='ocrx_word' id='word_1_13' title='bbox 1131 363 1177 398; x_wconf 88' lang='lat' dir='ltr'>in</span> <span class='ocrx_word' id='word_1_14' title='bbox 1223 361 1413 399; x_wconf 82' lang='lat' dir='ltr'>Graecia</span> <span class='ocrx_word' id='word_1_15' title='bbox 1445 363 1678 407; x_wconf 60' lang='lat' dir='ltr'>viderint„</span> 
     </span>
     <span class='ocr_line' id='line_1_4' title="bbox 264 434 1679 482; baseline -0.001 -11"><span class='ocrx_word' id='word_1_16' title='bbox 264 434 318 470; x_wconf 86' lang='lat' dir='ltr'>ad</span> <span class='ocrx_word' id='word_1_17' title='bbox 361 441 641 471; x_wconf 78' lang='lat' dir='ltr'>consuet-um</span> <span class='ocrx_word' id='word_1_18' title='bbox 684 434 934 482; x_wconf 86' lang='lat' dir='ltr'>imperium</span> <span class='ocrx_word' id='word_1_19' title='bbox 974 446 1020 469; x_wconf 84' lang='lat' dir='ltr'>se</span> <span class='ocrx_word' id='word_1_20' title='bbox 1063 437 1288 469; x_wconf 86' lang='lat' dir='ltr'>avertant</span> <span class='ocrx_word' id='word_1_21' title='bbox 1318 446 1402 470; x_wconf 83' lang='lat' dir='ltr'>nec</span> <span class='ocrx_word' id='word_1_22' title='bbox 1433 434 1494 469; x_wconf 89' lang='lat' dir='ltr'>iis</span> <span class='ocrx_word' id='word_1_23' title='bbox 1526 434 1679 469; x_wconf 83' lang='lat' dir='ltr'>noxiae</span> 
     </span>
     <span class='ocr_line' id='line_1_5' title="bbox 262 502 1679 550; baseline 0 -10"><span class='ocrx_word' id='word_1_24' title='bbox 262 504 478 541; x_wconf 86' lang='lat' dir='ltr'>futurum</span> <span class='ocrx_word' id='word_1_25' title='bbox 524 505 589 540; x_wconf 82' lang='lat' dir='ltr'>sit</span> <span class='ocrx_word' id='word_1_26' title='bbox 635 510 705 539; x_wconf 82' lang='lat' dir='ltr'>etc.</span> <span class='ocrx_word' id='word_1_27' title='bbox 798 505 916 540; x_wconf 80' lang='lat' dir='ltr'>Recte</span> <span class='ocrx_word' id='word_1_28' title='bbox 945 503 1022 538; x_wconf 83' lang='lat' dir='ltr'>iam</span> <span class='ocrx_word' id='word_1_29' title='bbox 1053 502 1246 550; x_wconf 80' lang='lat' dir='ltr'>descripta</span> <span class='ocrx_word' id='word_1_30' title='bbox 1285 504 1480 548; x_wconf 73' lang='lat' dir='ltr'>oratione,</span> <span class='ocrx_word' id='word_1_31' title='bbox 1526 504 1679 540; x_wconf 83' lang='lat' dir='ltr'>sublata</span> 
     </span>
     <span class='ocr_line' id='line_1_6' title="bbox 262 572 1678 623; baseline 0 -13"><span class='ocrx_word' id='word_1_32' title='bbox 262 574 374 610; x_wconf 82' lang='lat' dir='ltr'>simul</span> <span class='ocrx_word' id='word_1_33' title='bbox 405 580 460 610; x_wconf 86' lang='lat' dir='ltr'>est</span> <span class='ocrx_word' id='word_1_34' title='bbox 491 574 614 610; x_wconf 84' lang='lat' dir='ltr'>omnis</span> <span class='ocrx_word' id='word_1_35' title='bbox 647 573 835 610; x_wconf 81' lang='lat' dir='ltr'>dubitatio</span> <span class='ocrx_word' id='word_1_36' title='bbox 868 574 914 608; x_wconf 87' lang='lat' dir='ltr'>de</span> <span class='ocrx_word' id='word_1_37' title='bbox 944 572 1134 621; x_wconf 82' lang='lat' dir='ltr'>particula</span> <span class='ocrx_word' id='word_1_38' title='bbox 1177 572 1383 610; x_wconf 78' lang='lat' dir='ltr'>simulac</span> <span class='ocrx_word' id='word_1_39' title='bbox 1418 580 1454 609; x_wconf 92' lang='lat' dir='ltr'>et</span> <span class='ocrx_word' id='word_1_40' title='bbox 1484 574 1530 610; x_wconf 90' lang='lat' dir='ltr'>de</span> <span class='ocrx_word' id='word_1_41' title='bbox 1562 586 1678 623; x_wconf 82' lang='lat' dir='ltr'>asyn-</span> 
     </span>
     <span class='ocr_line' id='line_1_7' title="bbox 263 642 1678 692; baseline 0.001 -14"><span class='ocrx_word' id='word_1_42' title='bbox 263 643 349 679; x_wconf 87' lang='lat' dir='ltr'>deto</span> <span class='ocrx_word' id='word_1_43' title='bbox 381 644 498 689; x_wconf 69' lang='lat' dir='ltr'>duro,</span> <span class='ocrx_word' id='word_1_44' title='bbox 540 644 644 692; x_wconf 88' lang='lat' dir='ltr'>quod</span> <span class='ocrx_word' id='word_1_45' title='bbox 685 650 766 679; x_wconf 84' lang='lat' dir='ltr'>erat</span> <span class='ocrx_word' id='word_1_46' title='bbox 806 643 844 679; x_wconf 89' lang='lat' dir='ltr'>iu</span> <span class='ocrx_word' id='word_1_47' title='bbox 876 643 1034 691; x_wconf 80' lang='lat' dir='ltr'>vulgata</span> <span class='ocrx_word' id='word_1_48' title='bbox 1064 643 1175 678; x_wconf 82' lang='lat' dir='ltr'>huius</span> <span class='ocrx_word' id='word_1_49' title='bbox 1206 642 1279 679; x_wconf 75' lang='lat' dir='ltr'>loci</span> <span class='ocrx_word' id='word_1_50' title='bbox 1309 643 1447 682; x_wconf 79' lang='lat' dir='ltr'>forma.</span> <span class='ocrx_word' id='word_1_51' title='bbox 1508 644 1678 685; x_wconf 72' lang='lat' dir='ltr'>Obstitit,</span> 
     </span>
     <span class='ocr_line' id='line_1_8' title="bbox 263 713 1678 761; baseline 0.001 -11"><span class='ocrx_word' id='word_1_52' title='bbox 263 726 338 761; x_wconf 87' lang='lat' dir='ltr'>quo</span> <span class='ocrx_word' id='word_1_53' title='bbox 385 714 507 750; x_wconf 79' lang='lat' dir='ltr'>minus</span> <span class='ocrx_word' id='word_1_54' title='bbox 549 728 643 751; x_wconf 87' lang='lat' dir='ltr'>vera</span> <span class='ocrx_word' id='word_1_55' title='bbox 691 714 887 751; x_wconf 65' lang='lat' dir='ltr'>sententiae</span> <span class='ocrx_word' id='word_1_56' title='bbox 944 713 1180 749; x_wconf 79' lang='lat' dir='ltr'>continuatio</span> <span class='ocrx_word' id='word_1_57' title='bbox 1225 713 1507 761; x_wconf 74' lang='lat' dir='ltr'>intelligeretur,</span> <span class='ocrx_word' id='word_1_58' title='bbox 1552 714 1678 751; x_wconf 81' lang='lat' dir='ltr'>forma</span> 
     </span>
     <span class='ocr_line' id='line_1_9' title="bbox 262 783 1677 832; baseline 0.001 -13"><span class='ocrx_word' id='word_1_59' title='bbox 262 784 445 820; x_wconf 78' lang='lat' dir='ltr'>orationis</span> <span class='ocrx_word' id='word_1_60' title='bbox 478 785 750 832; x_wconf 78' lang='lat' dir='ltr'>paulominus</span> <span class='ocrx_word' id='word_1_61' title='bbox 796 785 980 832; x_wconf 74' lang='lat' dir='ltr'>vulgaris,</span> <span class='ocrx_word' id='word_1_62' title='bbox 1030 783 1184 818; x_wconf 86' lang='lat' dir='ltr'>minime</span> <span class='ocrx_word' id='word_1_63' title='bbox 1227 788 1354 819; x_wconf 84' lang='lat' dir='ltr'>tamen</span> <span class='ocrx_word' id='word_1_64' title='bbox 1401 797 1491 820; x_wconf 81' lang='lat' dir='ltr'>rara</span> <span class='ocrx_word' id='word_1_65' title='bbox 1538 785 1576 821; x_wconf 91' lang='lat' dir='ltr'>in</span> <span class='ocrx_word' id='word_1_66' title='bbox 1621 785 1677 827; x_wconf 76' lang='lat' dir='ltr'>iis,</span> 
     </span>
     <span class='ocr_line' id='line_1_10' title="bbox 263 854 1677 902; baseline 0.001 -13"><span class='ocrx_word' id='word_1_67' title='bbox 263 866 346 901; x_wconf 84' lang='lat' dir='ltr'>quae</span> <span class='ocrx_word' id='word_1_68' title='bbox 376 855 595 902; x_wconf 80' lang='lat' dir='ltr'>parenthesi</span> <span class='ocrx_word' id='word_1_69' title='bbox 627 856 880 899; x_wconf 75' lang='lat' dir='ltr'>continentur,</span> <span class='ocrx_word' id='word_1_70' title='bbox 913 854 1097 898; x_wconf 72' lang='lat' dir='ltr'>adhibita,</span> <span class='ocrx_word' id='word_1_71' title='bbox 1129 859 1169 888; x_wconf 90' lang='lat' dir='ltr'>ut</span> <span class='ocrx_word' id='word_1_72' title='bbox 1200 866 1247 889; x_wconf 84' lang='lat' dir='ltr'>ex</span> <span class='ocrx_word' id='word_1_73' title='bbox 1279 854 1409 889; x_wconf 85' lang='lat' dir='ltr'>dativo</span> <span class='ocrx_word' id='word_1_74' title='bbox 1439 855 1677 902; x_wconf 84' lang='lat' dir='ltr'>pronominis</span> 
     </span>
     <span class='ocr_line' id='line_1_11' title="bbox 261 923 1678 973; baseline 0.001 -13"><span class='ocrx_word' id='word_1_75' title='bbox 261 924 411 960; x_wconf 77' lang='lat' dir='ltr'>relativi</span> <span class='ocrx_word' id='word_1_76' title='bbox 460 924 497 960; x_wconf 93' lang='lat' dir='ltr'>in</span> <span class='ocrx_word' id='word_1_77' title='bbox 540 925 670 973; x_wconf 88' lang='lat' dir='ltr'>priore</span> <span class='ocrx_word' id='word_1_78' title='bbox 721 926 893 962; x_wconf 88' lang='lat' dir='ltr'>membro</span> <span class='ocrx_word' id='word_1_79' title='bbox 942 924 1068 973; x_wconf 84' lang='lat' dir='ltr'>posito</span> <span class='ocrx_word' id='word_1_80' title='bbox 1114 923 1291 959; x_wconf 83' lang='lat' dir='ltr'>audiatur</span> <span class='ocrx_word' id='word_1_81' title='bbox 1339 924 1376 959; x_wconf 90' lang='lat' dir='ltr'>in</span> <span class='ocrx_word' id='word_1_82' title='bbox 1421 924 1541 961; x_wconf 87' lang='lat' dir='ltr'>altero</span> <span class='ocrx_word' id='word_1_83' title='bbox 1589 924 1678 973; x_wconf 86' lang='lat' dir='ltr'>(hoc</span> 
     </span>
     <span class='ocr_line' id='line_1_12' title="bbox 262 993 1676 1044; baseline 0.001 -15"><span class='ocrx_word' id='word_1_84' title='bbox 262 994 412 1041; x_wconf 84' lang='lat' dir='ltr'>quidem</span> <span class='ocrx_word' id='word_1_85' title='bbox 457 995 543 1031; x_wconf 84' lang='lat' dir='ltr'>loeo</span> <span class='ocrx_word' id='word_1_86' title='bbox 576 1008 659 1031; x_wconf 82' lang='lat' dir='ltr'>eum</span> <span class='ocrx_word' id='word_1_87' title='bbox 690 996 880 1044; x_wconf 83' lang='lat' dir='ltr'>particula</span> <span class='ocrx_word' id='word_1_88' title='bbox 912 993 1151 1043; x_wconf 83' lang='lat' dir='ltr'>copulativa)</span> <span class='ocrx_word' id='word_1_89' title='bbox 1194 994 1452 1030; x_wconf 76' lang='lat' dir='ltr'>nominativus</span> <span class='ocrx_word' id='word_1_90' title='bbox 1486 1001 1548 1038; x_wconf 81' lang='lat' dir='ltr'>(et</span> <span class='ocrx_word' id='word_1_91' title='bbox 1579 995 1676 1042; x_wconf 80' lang='lat' dir='ltr'>qui,</span> 
     </span>
     <span class='ocr_line' id='line_1_13' title="bbox 261 1065 1676 1114; baseline 0.001 -13"><span class='ocrx_word' id='word_1_92' title='bbox 261 1065 591 1112; x_wconf 73' lang='lat' dir='ltr'>praesentibus</span> <span class='ocrx_word' id='word_1_93' title='bbox 623 1066 871 1101; x_wconf 82' lang='lat' dir='ltr'>adulando</span> <span class='ocrx_word' id='word_1_94' title='bbox 904 1078 1108 1113; x_wconf 69' lang='lat' dir='ltr'>semper,</span> <span class='ocrx_word' id='word_1_95' title='bbox 1252 1067 1490 1114; x_wconf 74' lang='lat' dir='ltr'>utantu1-)‚</span> <span class='ocrx_word' id='word_1_96' title='bbox 1522 1067 1568 1102; x_wconf 79' lang='lat' dir='ltr'>(le</span> <span class='ocrx_word' id='word_1_97' title='bbox 1601 1079 1676 1114; x_wconf 88' lang='lat' dir='ltr'>quo</span> 
     </span>
     <span class='ocr_line' id='line_1_14' title="bbox 260 1134 1674 1184; baseline 0.001 -13"><span class='ocrx_word' id='word_1_98' title='bbox 260 1147 399 1183; x_wconf 81' lang='lat' dir='ltr'>genere</span> <span class='ocrx_word' id='word_1_99' title='bbox 430 1135 508 1171; x_wconf 77' lang='lat' dir='ltr'>dixi</span> <span class='ocrx_word' id='word_1_100' title='bbox 540 1135 630 1171; x_wconf 89' lang='grc'><strong>011111</strong></span> <span class='ocrx_word' id='word_1_101' title='bbox 665 1137 714 1171; x_wconf 87' lang='lat' dir='ltr'>ad</span> <span class='ocrx_word' id='word_1_102' title='bbox 745 1134 823 1174; x_wconf 81' lang='lat' dir='ltr'>Cic.</span> <span class='ocrx_word' id='word_1_103' title='bbox 857 1136 943 1174; x_wconf 85' lang='lat' dir='ltr'>Fin.</span> <span class='ocrx_word' id='word_1_104' title='bbox 986 1136 1036 1178; x_wconf 51' lang='lat'>52</span> <span class='ocrx_word' id='word_1_105' title='bbox 1070 1138 1091 1172; x_wconf 87' lang='grc'>9</span> <span class='ocrx_word' id='word_1_106' title='bbox 1124 1149 1160 1184; x_wconf 85' lang='lat' dir='ltr'>p.</span> <span class='ocrx_word' id='word_1_107' title='bbox 1194 1138 1270 1171; x_wconf 77' lang='lat'>659</span> <span class='ocrx_word' id='word_1_108' title='bbox 1304 1142 1341 1171; x_wconf 89' lang='lat' dir='ltr'>et</span> <span class='ocrx_word' id='word_1_109' title='bbox 1375 1135 1517 1184; x_wconf 74' lang='lat' dir='ltr'>Opuse.</span> <span class='ocrx_word' id='word_1_110' title='bbox 1549 1137 1674 1173; x_wconf 73' lang='lat' dir='ltr'>Aead.</span> 
     </span>
     <span class='ocr_line' id='line_1_15' title="bbox 260 1205 1677 1254; baseline 0.002 -14"><span class='ocrx_word' id='word_1_111' title='bbox 260 1206 302 1241; x_wconf 90' lang='lat' dir='ltr'>II</span> <span class='ocrx_word' id='word_1_112' title='bbox 343 1219 380 1253; x_wconf 89' lang='lat' dir='ltr'>p.</span> <span class='ocrx_word' id='word_1_113' title='bbox 430 1208 500 1241; x_wconf 86' lang='grc'>177</span> <span class='ocrx_word' id='word_1_114' title='bbox 555 1206 751 1251; x_wconf 82' lang='lat' dir='ltr'>(Gramm.</span> <span class='ocrx_word' id='word_1_115' title='bbox 798 1207 884 1244; x_wconf 82' lang='lat' dir='ltr'>Lat.</span> <span class='ocrx_word' id='word_1_116' title='bbox 935 1205 1093 1252; x_wconf 74' lang='lat'>§323).</span> <span class='ocrx_word' id='word_1_117' title='bbox 1168 1205 1269 1241; x_wconf 84' lang='lat' dir='ltr'>Livii</span> <span class='ocrx_word' id='word_1_118' title='bbox 1300 1206 1493 1254; x_wconf 82' lang='lat' dir='ltr'>geminum</span> <span class='ocrx_word' id='word_1_119' title='bbox 1525 1212 1579 1243; x_wconf 85' lang='lat' dir='ltr'>est</span> <span class='ocrx_word' id='word_1_120' title='bbox 1611 1220 1677 1243; x_wconf 79' lang='lat' dir='ltr'>ex-</span> 
     </span>
     <span class='ocr_line' id='line_1_16' title="bbox 261 1275 1675 1325; baseline 0.001 -15"><span class='ocrx_word' id='word_1_121' title='bbox 261 1276 426 1323; x_wconf 86' lang='lat' dir='ltr'>emplum</span> <span class='ocrx_word' id='word_1_122' title='bbox 476 1276 514 1311; x_wconf 93' lang='lat' dir='ltr'>in</span> <span class='ocrx_word' id='word_1_123' title='bbox 556 1277 618 1319; x_wconf 65' lang='lat' dir='ltr'>X„</span> <span class='ocrx_word' id='word_1_124' title='bbox 652 1278 725 1320; x_wconf 69' lang='lat'>26,</span> <span class='ocrx_word' id='word_1_125' title='bbox 759 1279 801 1312; x_wconf 84' lang='lat'>6:</span> <span class='ocrx_word' id='word_1_126' title='bbox 862 1276 998 1319; x_wconf 70' lang='lat' dir='ltr'>Sunt,</span> <span class='ocrx_word' id='word_1_127' title='bbox 1041 1275 1215 1322; x_wconf 82' lang='lat' dir='ltr'>quibus</span> <span class='ocrx_word' id='word_1_128' title='bbox 1257 1290 1312 1311; x_wconf 79' lang='lat' dir='ltr'>ne</span> <span class='ocrx_word' id='word_1_129' title='bbox 1354 1277 1448 1312; x_wconf 83' lang='lat' dir='ltr'>haee</span> <span class='ocrx_word' id='word_1_130' title='bbox 1487 1277 1675 1325; x_wconf 87' lang='lat' dir='ltr'>quidem</span> 
     </span>
     <span class='ocr_line' id='line_1_17' title="bbox 261 1344 1675 1394; baseline 0 -13"><span class='ocrx_word' id='word_1_131' title='bbox 261 1345 533 1381; x_wconf 82' lang='lat' dir='ltr'>certamina</span> <span class='ocrx_word' id='word_1_132' title='bbox 565 1359 808 1394; x_wconf 82' lang='lat' dir='ltr'>exponere</span> <span class='ocrx_word' id='word_1_133' title='bbox 839 1346 960 1382; x_wconf 81' lang='lat' dir='ltr'>satis</span> <span class='ocrx_word' id='word_1_134' title='bbox 991 1344 1152 1389; x_wconf 74' lang='lat' dir='ltr'>fuerit,</span> <span class='ocrx_word' id='word_1_135' title='bbox 1185 1345 1457 1382; x_wconf 83' lang='lat' dir='ltr'>adiecerint</span> <span class='ocrx_word' id='word_1_136' title='bbox 1493 1348 1579 1390; x_wconf 78' lang='lat' dir='ltr'>(hoc</span> <span class='ocrx_word' id='word_1_137' title='bbox 1602 1354 1675 1383; x_wconf 86' lang='lat' dir='ltr'>est:</span> 
     </span>
     <span class='ocr_line' id='line_1_18' title="bbox 261 1415 1674 1464; baseline 0.001 -13"><span class='ocrx_word' id='word_1_138' title='bbox 261 1422 303 1451; x_wconf 88' lang='lat' dir='ltr'>et</span> <span class='ocrx_word' id='word_1_139' title='bbox 334 1415 413 1462; x_wconf 88' lang='lat' dir='ltr'>qui</span> <span class='ocrx_word' id='word_1_140' title='bbox 443 1416 555 1462; x_wconf 82' lang='lat' dir='ltr'>adi.)</span> <span class='ocrx_word' id='word_1_141' title='bbox 573 1422 614 1451; x_wconf 87' lang='lat' dir='ltr'>et</span> <span class='ocrx_word' id='word_1_142' title='bbox 636 1416 788 1464; x_wconf 86' lang='lat' dir='ltr'>Appii</span> <span class='ocrx_word' id='word_1_143' title='bbox 811 1415 1181 1452; x_wconf 79' lang='lat' dir='ltr'>criminationes</span> <span class='ocrx_word' id='word_1_144' title='bbox 1204 1422 1288 1459; x_wconf 52' lang='lat' dir='ltr'>etc„</span> <span class='ocrx_word' id='word_1_145' title='bbox 1319 1417 1383 1452; x_wconf 89' lang='lat' dir='ltr'>ubi</span> <span class='ocrx_word' id='word_1_146' title='bbox 1407 1417 1674 1453; x_wconf 58' lang='lat' dir='ltr'>lVeissenbor-</span> 
     </span>
     <span class='ocr_line' id='line_1_19' title="bbox 259 1486 1675 1535; baseline 0.001 -14"><span class='ocrx_word' id='word_1_147' title='bbox 259 1486 342 1521; x_wconf 83' lang='lat' dir='ltr'>nius</span> <span class='ocrx_word' id='word_1_148' title='bbox 371 1499 411 1522; x_wconf 81' lang='lat' dir='ltr'>se</span> <span class='ocrx_word' id='word_1_149' title='bbox 443 1499 519 1521; x_wconf 89' lang='lat' dir='ltr'>non</span> <span class='ocrx_word' id='word_1_150' title='bbox 546 1486 753 1534; x_wconf 79' lang='lat' dir='ltr'>expedivit,</span> <span class='ocrx_word' id='word_1_151' title='bbox 783 1486 900 1535; x_wconf 80' lang='lat' dir='ltr'>paulo</span> <span class='ocrx_word' id='word_1_152' title='bbox 923 1486 1054 1522; x_wconf 82' lang='lat' dir='ltr'>durius</span> <span class='ocrx_word' id='word_1_153' title='bbox 1077 1486 1199 1533; x_wconf 87' lang='lat' dir='ltr'>(quod</span> <span class='ocrx_word' id='word_1_154' title='bbox 1216 1493 1302 1534; x_wconf 74' lang='lat' dir='ltr'>post</span> <span class='ocrx_word' id='word_1_155' title='bbox 1326 1487 1401 1523; x_wconf 84' lang='lat' dir='ltr'>duo</span> <span class='ocrx_word' id='word_1_156' title='bbox 1424 1488 1597 1523; x_wconf 84' lang='lat' dir='ltr'>membra</span> <span class='ocrx_word' id='word_1_157' title='bbox 1628 1501 1675 1523; x_wconf 80' lang='lat' dir='ltr'>ex</span> 
     </span>
     <span class='ocr_line' id='line_1_20' title="bbox 260 1555 1673 1606; baseline 0.001 -14"><span class='ocrx_word' id='word_1_158' title='bbox 260 1556 438 1604; x_wconf 78' lang='lat' dir='ltr'>quibus</span> <span class='ocrx_word' id='word_1_159' title='bbox 470 1562 504 1592; x_wconf 89' lang='lat' dir='ltr'>et</span> <span class='ocrx_word' id='word_1_160' title='bbox 542 1569 739 1604; x_wconf 87' lang='lat' dir='ltr'>quorum</span> <span class='ocrx_word' id='word_1_161' title='bbox 776 1556 813 1592; x_wconf 90' lang='lat' dir='ltr'>in</span> <span class='ocrx_word' id='word_1_162' title='bbox 844 1557 955 1593; x_wconf 79' lang='lat' dir='ltr'>tertio</span> <span class='ocrx_word' id='word_1_163' title='bbox 988 1557 1141 1592; x_wconf 78' lang='lat' dir='ltr'>auditur</span> <span class='ocrx_word' id='word_1_164' title='bbox 1171 1562 1215 1592; x_wconf 85' lang='lat' dir='ltr'>et</span> <span class='ocrx_word' id='word_1_165' title='bbox 1244 1556 1344 1606; x_wconf 87' lang='lat' dir='ltr'>qui)</span> <span class='ocrx_word' id='word_1_166' title='bbox 1375 1557 1412 1592; x_wconf 91' lang='lat' dir='ltr'>in</span> <span class='ocrx_word' id='word_1_167' title='bbox 1435 1558 1509 1602; x_wconf 74' lang='lat' dir='ltr'>IX,</span> <span class='ocrx_word' id='word_1_168' title='bbox 1533 1560 1564 1597; x_wconf 79' lang='grc'>1,</span> <span class='ocrx_word' id='word_1_169' title='bbox 1592 1555 1673 1599; x_wconf 78' lang='lat'>9.¹)</span> 
     </span>
     <span class='ocr_line' id='line_1_21' title="bbox 260 1626 1673 1676; baseline 0.001 -14"><span class='ocrx_word' id='word_1_170' title='bbox 260 1627 383 1663; x_wconf 84' lang='lat' dir='ltr'>Paulo</span> <span class='ocrx_word' id='word_1_171' title='bbox 427 1633 513 1675; x_wconf 83' lang='lat' dir='ltr'>post</span> <span class='ocrx_word' id='word_1_172' title='bbox 557 1627 591 1671; x_wconf 65' lang='grc' dir='ltr'>(ξ</span> <span class='ocrx_word' id='word_1_173' title='bbox 630 1626 695 1675; x_wconf 87' lang='grc'>10)</span> <span class='ocrx_word' id='word_1_174' title='bbox 740 1626 843 1663; x_wconf 89' lang='lat' dir='ltr'>nullo</span> <span class='ocrx_word' id='word_1_175' title='bbox 886 1627 1000 1663; x_wconf 89' lang='lat' dir='ltr'>modo</span> <span class='ocrx_word' id='word_1_176' title='bbox 1037 1626 1128 1662; x_wconf 80' lang='lat' dir='ltr'>ferri</span> <span class='ocrx_word' id='word_1_177' title='bbox 1168 1633 1295 1675; x_wconf 81' lang='lat' dir='ltr'>potest</span> <span class='ocrx_word' id='word_1_178' title='bbox 1333 1641 1400 1676; x_wconf 87' lang='lat' dir='ltr'>per</span> <span class='ocrx_word' id='word_1_179' title='bbox 1428 1629 1673 1676; x_wconf 77' lang='lat' dir='ltr'>parenthesin</span> 
     </span>
     <span class='ocr_line' id='line_1_22' title="bbox 258 1697 1673 1745; baseline 0.003 -13"><span class='ocrx_word' id='word_1_180' title='bbox 258 1697 457 1733; x_wconf 81' lang='lat' dir='ltr'>interiecta</span> <span class='ocrx_word' id='word_1_181' title='bbox 503 1698 780 1745; x_wconf 82' lang='lat' dir='ltr'>interrogando</span> <span class='ocrx_word' id='word_1_182' title='bbox 825 1697 957 1733; x_wconf 83' lang='lat' dir='ltr'>eadem</span> <span class='ocrx_word' id='word_1_183' title='bbox 1001 1697 1046 1732; x_wconf 83' lang='lat' dir='ltr'>de</span> <span class='ocrx_word' id='word_1_184' title='bbox 1087 1697 1232 1745; x_wconf 87' lang='lat' dir='ltr'>populo</span> <span class='ocrx_word' id='word_1_185' title='bbox 1264 1699 1442 1734; x_wconf 78' lang='lat' dir='ltr'>Romano</span> <span class='ocrx_word' id='word_1_186' title='bbox 1474 1700 1673 1736; x_wconf 81' lang='lat' dir='ltr'>sententia.</span> 
     </span>
     <span class='ocr_line' id='line_1_23' title="bbox 260 1767 1674 1816; baseline 0.001 -13"><span class='ocrx_word' id='word_1_187' title='bbox 260 1780 343 1814; x_wconf 84' lang='lat' dir='ltr'>quae</span> <span class='ocrx_word' id='word_1_188' title='bbox 384 1768 421 1803; x_wconf 90' lang='lat' dir='ltr'>in</span> <span class='ocrx_word' id='word_1_189' title='bbox 461 1769 544 1816; x_wconf 83' lang='lat' dir='ltr'>ipsa</span> <span class='ocrx_word' id='word_1_190' title='bbox 587 1768 773 1816; x_wconf 80' lang='lat' dir='ltr'>primaria.</span> <span class='ocrx_word' id='word_1_191' title='bbox 815 1767 989 1803; x_wconf 88' lang='lat' dir='ltr'>oratione</span> <span class='ocrx_word' id='word_1_192' title='bbox 1022 1772 1097 1806; x_wconf 72' lang='lat' dir='ltr'>est,</span> <span class='ocrx_word' id='word_1_193' title='bbox 1140 1767 1426 1815; x_wconf 76' lang='lat' dir='ltr'>rectissimeque</span> <span class='ocrx_word' id='word_1_194' title='bbox 1468 1769 1674 1805; x_wconf 84' lang='lat' dir='ltr'>Douiatius</span> 
     </span>
     <span class='ocr_line' id='line_1_24' title="bbox 259 1837 1675 1889; baseline 0.001 -16"><span class='ocrx_word' id='word_1_195' title='bbox 259 1844 295 1873; x_wconf 85' lang='lat' dir='ltr'>et</span> <span class='ocrx_word' id='word_1_196' title='bbox 340 1837 542 1874; x_wconf 78' lang='lat' dir='ltr'>Creverius</span> <span class='ocrx_word' id='word_1_197' title='bbox 586 1851 633 1874; x_wconf 81' lang='lat' dir='ltr'>ex</span> <span class='ocrx_word' id='word_1_198' title='bbox 666 1838 903 1886; x_wconf 86' lang='lat' dir='ltr'>quicquid</span> <span class='ocrx_word' id='word_1_199' title='bbox 944 1837 1116 1874; x_wconf 82' lang='lat' dir='ltr'>fecerunt</span> <span class='ocrx_word' id='word_1_200' title='bbox 1153 1838 1232 1885; x_wconf 90' lang='lat' dir='ltr'>qui</span> <span class='ocrx_word' id='word_1_201' title='bbox 1274 1839 1387 1885; x_wconf 85' lang='lat' dir='ltr'>quid</span> <span class='ocrx_word' id='word_1_202' title='bbox 1430 1839 1525 1886; x_wconf 92' lang='lat' dir='ltr'>(qui</span> <span class='ocrx_word' id='word_1_203' title='bbox 1558 1838 1675 1889; x_wconf 76' lang='lat' dir='ltr'>[Pyr-</span> 
     </span>
     <span class='ocr_line' id='line_1_25' title="bbox 258 1906 1674 1957; baseline 0.002 -14"><span class='ocrx_word' id='word_1_204' title='bbox 258 1906 368 1956; x_wconf 87' lang='lat' dir='ltr'>rhus]</span> <span class='ocrx_word' id='word_1_205' title='bbox 425 1908 537 1956; x_wconf 90' lang='lat' dir='ltr'>quid</span> <span class='ocrx_word' id='word_1_206' title='bbox 598 1908 789 1944; x_wconf 80' lang='lat' dir='ltr'>tandem</span> <span class='ocrx_word' id='word_1_207' title='bbox 851 1908 946 1944; x_wconf 88' lang='lat' dir='ltr'>erit</span> <span class='ocrx_word' id='word_1_208' title='bbox 1002 1908 1249 1944; x_wconf 76' lang='lat' dir='ltr'>vobiscum</span> <span class='ocrx_word' id='word_1_209' title='bbox 1309 1910 1674 1957; x_wconf 79' lang='lat' dir='ltr'>compal·atus?).</span> 
     </span>
     <span class='ocr_line' id='line_1_26' title="bbox 260 1976 1674 2027; baseline 0.003 -14"><span class='ocrx_word' id='word_1_210' title='bbox 260 1976 336 2013; x_wconf 73' lang='lat' dir='ltr'>Sed</span> <span class='ocrx_word' id='word_1_211' title='bbox 369 1984 435 2014; x_wconf 83' lang='lat' dir='ltr'>aut</span> <span class='ocrx_word' id='word_1_212' title='bbox 468 1978 584 2015; x_wconf 79' lang='lat' dir='ltr'>fallor</span> <span class='ocrx_word' id='word_1_213' title='bbox 629 1985 695 2015; x_wconf 85' lang='lat' dir='ltr'>aut</span> <span class='ocrx_word' id='word_1_214' title='bbox 738 1979 849 2015; x_wconf 84' lang='lat' dir='ltr'>simul</span> <span class='ocrx_word' id='word_1_215' title='bbox 878 1978 1094 2014; x_wconf 81' lang='lat' dir='ltr'>necessario</span> <span class='ocrx_word' id='word_1_216' title='bbox 1126 1977 1364 2014; x_wconf 79' lang='lat' dir='ltr'>scribendum</span> <span class='ocrx_word' id='word_1_217' title='bbox 1399 1986 1512 2016; x_wconf 84' lang='lat' dir='ltr'>erat.</span> <span class='ocrx_word' id='word_1_218' title='bbox 1573 1980 1674 2027; x_wconf 77' lang='lat' dir='ltr'>Quid</span> 
     </span>
     <span class='ocr_line' id='line_1_27' title="bbox 258 2048 1675 2100; baseline 0.002 -16"><span class='ocrx_word' id='word_1_219' title='bbox 258 2048 372 2084; x_wconf 75' lang='lat' dir='ltr'>fuerit</span> <span class='ocrx_word' id='word_1_220' title='bbox 402 2049 588 2097; x_wconf 63' lang='lat' dir='ltr'>Pyrrhus,</span> <span class='ocrx_word' id='word_1_221' title='bbox 618 2055 719 2085; x_wconf 76' lang='lat' dir='ltr'>reete</span> <span class='ocrx_word' id='word_1_222' title='bbox 751 2049 943 2096; x_wconf 60' lang='lat' dir='ltr'>quaeritur,</span> <span class='ocrx_word' id='word_1_223' title='bbox 976 2048 1021 2094; x_wconf 80' lang='lat' dir='ltr'>(si</span> <span class='ocrx_word' id='word_1_224' title='bbox 1052 2060 1150 2083; x_wconf 76' lang='lat' dir='ltr'>nune</span> <span class='ocrx_word' id='word_1_225' title='bbox 1170 2049 1445 2096; x_wconf 70' lang='lat' dir='ltr'>comparetur),</span> <span class='ocrx_word' id='word_1_226' title='bbox 1476 2064 1552 2086; x_wconf 89' lang='lat' dir='ltr'>nou</span> <span class='ocrx_word' id='word_1_227' title='bbox 1584 2052 1675 2100; x_wconf 86' lang='lat' dir='ltr'>quid</span> 
     </span>
     <span class='ocr_line' id='line_1_28' title="bbox 259 2118 492 2155; baseline 0 -1"><span class='ocrx_word' id='word_1_228' title='bbox 259 2118 409 2155; x_wconf 86' lang='lat' dir='ltr'>futurus</span> <span class='ocrx_word' id='word_1_229' title='bbox 434 2119 492 2154; x_wconf 82' lang='lat' dir='ltr'>sit.</span> 
     </span>
    </p>

    <p class='ocr_par' dir='ltr' id='par_1_3' title="bbox 259 2185 1676 2447">
     <span class='ocr_line' id='line_1_29' title="bbox 372 2185 1672 2239; baseline 0.002 -14"><span class='ocrx_word' id='word_1_230' title='bbox 372 2188 468 2237; x_wconf 78' lang='lat' dir='ltr'>Cap.</span> <span class='ocrx_word' id='word_1_231' title='bbox 509 2192 566 2226; x_wconf 72' lang='lat'>14.</span> <span class='ocrx_word' id='word_1_232' title='bbox 605 2190 648 2225; x_wconf 84' lang='lat'>13</span> <span class='ocrx_word' id='word_1_233' title='bbox 686 2188 749 2237; x_wconf 83' lang='lat' dir='ltr'>(de</span> <span class='ocrx_word' id='word_1_234' title='bbox 780 2185 846 2224; x_wconf 73' lang='grc' dir='ltr'>Μ.’</span> <span class='ocrx_word' id='word_1_235' title='bbox 880 2189 1007 2224; x_wconf 82' lang='lat' dir='ltr'>Acilio</span> <span class='ocrx_word' id='word_1_236' title='bbox 1039 2189 1265 2234; x_wconf 79' lang='lat' dir='ltr'>Glabrione,</span> <span class='ocrx_word' id='word_1_237' title='bbox 1308 2190 1345 2225; x_wconf 90' lang='lat' dir='ltr'>iu</span> <span class='ocrx_word' id='word_1_238' title='bbox 1388 2204 1499 2239; x_wconf 87' lang='lat' dir='ltr'>quem</span> <span class='ocrx_word' id='word_1_239' title='bbox 1542 2192 1672 2228; x_wconf 82' lang='lat' dir='ltr'>Thau-</span> 
     </span>
     <span class='ocr_line' id='line_1_30' title="bbox 260 2258 1676 2307; baseline 0.001 -13"><span class='ocrx_word' id='word_1_240' title='bbox 260 2259 377 2295; x_wconf 81' lang='lat' dir='ltr'>macis</span> <span class='ocrx_word' id='word_1_241' title='bbox 409 2259 782 2307; x_wconf 83' lang='lat' dir='ltr'>appropinquantem</span> <span class='ocrx_word' id='word_1_242' title='bbox 815 2258 991 2294; x_wconf 82' lang='lat' dir='ltr'>iuventus</span> <span class='ocrx_word' id='word_1_243' title='bbox 1023 2259 1165 2307; x_wconf 70' lang='lat' dir='ltr'>oppidi,</span> <span class='ocrx_word' id='word_1_244' title='bbox 1197 2272 1280 2307; x_wconf 79' lang='lat' dir='ltr'>quae</span> <span class='ocrx_word' id='word_1_245' title='bbox 1312 2267 1461 2297; x_wconf 82' lang='lat' dir='ltr'>armata</span> <span class='ocrx_word' id='word_1_246' title='bbox 1492 2261 1607 2298; x_wconf 84' lang='lat' dir='ltr'>silvas</span> <span class='ocrx_word' id='word_1_247' title='bbox 1640 2269 1676 2298; x_wconf 80' lang='lat' dir='ltr'>et,</span> 
     </span>
     <span class='ocr_line' id='line_1_31' title="bbox 259 2327 1673 2378; baseline 0.004 -15"><span class='ocrx_word' id='word_1_248' title='bbox 259 2329 395 2364; x_wconf 84' lang='lat' dir='ltr'>itinera.</span> <span class='ocrx_word' id='word_1_249' title='bbox 445 2329 658 2372; x_wconf 70' lang='lat' dir='ltr'>insederat„</span> <span class='ocrx_word' id='word_1_250' title='bbox 720 2327 965 2376; x_wconf 74' lang='lat' dir='ltr'>incursavit):</span> <span class='ocrx_word' id='word_1_251' title='bbox 1026 2328 1210 2365; x_wconf 82' lang='lat' dir='ltr'>Consul</span> <span class='ocrx_word' id='word_1_252' title='bbox 1258 2331 1411 2378; x_wconf 87' lang='lat' dir='ltr'>primo</span> <span class='ocrx_word' id='word_1_253' title='bbox 1458 2332 1673 2372; x_wconf 80' lang='lat' dir='ltr'>mittere,</span> 
     </span>
     <span class='ocr_line' id='line_1_32' title="bbox 261 2398 1675 2447; baseline 0.002 -13"><span class='ocrx_word' id='word_1_254' title='bbox 261 2399 338 2446; x_wconf 93' lang='lat' dir='ltr'>qui</span> <span class='ocrx_word' id='word_1_255' title='bbox 370 2412 423 2434; x_wconf 83' lang='lat' dir='ltr'>ex</span> <span class='ocrx_word' id='word_1_256' title='bbox 465 2399 744 2447; x_wconf 91' lang='lat' dir='ltr'>propinquo</span> <span class='ocrx_word' id='word_1_257' title='bbox 792 2398 1134 2446; x_wconf 78' lang='lat' dir='ltr'>colloquentes</span> <span class='ocrx_word' id='word_1_258' title='bbox 1178 2401 1485 2436; x_wconf 82' lang='lat' dir='ltr'>deterrerent</span> <span class='ocrx_word' id='word_1_259' title='bbox 1531 2414 1612 2437; x_wconf 82' lang='lat' dir='ltr'>eos</span> <span class='ocrx_word' id='word_1_260' title='bbox 1652 2416 1675 2437; x_wconf 81' lang='lat' dir='ltr'>a</span> 
     </span>
    </p>
   </div>
   <div class='ocr_carea' id='block_1_3' title="bbox 260 2468 1674 2518">
    <p class='ocr_par' dir='ltr' id='par_1_4' title="bbox 260 2468 1674 2518">
     <span class='ocr_line' id='line_1_33' title="bbox 260 2468 1674 2518; baseline 0.002 -14"><span class='ocrx_word' id='word_1_261' title='bbox 260 2468 351 2504; x_wconf 78' lang='lat' dir='ltr'>tali</span> <span class='ocrx_word' id='word_1_262' title='bbox 383 2469 568 2506; x_wconf 78' lang='lat' dir='ltr'>furore:</span> <span class='ocrx_word' id='word_1_263' title='bbox 599 2474 855 2516; x_wconf 84' lang='lat' dir='ltr'>postquam</span> <span class='ocrx_word' id='word_1_264' title='bbox 887 2481 1206 2516; x_wconf 83' lang='lat' dir='ltr'>perseverare</span> <span class='ocrx_word' id='word_1_265' title='bbox 1237 2471 1280 2505; x_wconf 90' lang='lat' dir='ltr'>in</span> <span class='ocrx_word' id='word_1_266' title='bbox 1309 2471 1501 2518; x_wconf 80' lang='lat' dir='ltr'>incepto</span> <span class='ocrx_word' id='word_1_267' title='bbox 1533 2472 1674 2513; x_wconf 77' lang='lat' dir='ltr'>vidit,</span> 
     </span>
    </p>
   </div>
   <div class='ocr_carea' id='block_1_4' title="bbox 286 2686 1300 2727">
    <p class='ocr_par' dir='ltr' id='par_1_5' title="bbox 286 2686 1300 2727">
     <span class='ocr_line' id='line_1_34' title="bbox 286 2686 1300 2727; baseline -0.001 -5"><span class='ocrx_word' id='word_1_268' title='bbox 286 2686 317 2726; x_wconf 70' lang='lat'>³)</span> <span class='ocrx_word' id='word_1_269' title='bbox 354 2690 403 2720; x_wconf 83' lang='lat' dir='ltr'>De</span> <span class='ocrx_word' id='word_1_270' title='bbox 432 2691 497 2720; x_wconf 87' lang='lat' dir='ltr'>eui</span> <span class='ocrx_word' id='word_1_271' title='bbox 527 2690 703 2719; x_wconf 84' lang='lat' dir='ltr'>dubium</span> <span class='ocrx_word' id='word_1_272' title='bbox 734 2691 859 2720; x_wconf 78' lang='lat' dir='ltr'>dictum</span> <span class='ocrx_word' id='word_1_273' title='bbox 883 2697 932 2721; x_wconf 69' lang='lat' dir='ltr'>est</span> <span class='ocrx_word' id='word_1_274' title='bbox 959 2691 998 2721; x_wconf 81' lang='lat' dir='ltr'>ad</span> <span class='ocrx_word' id='word_1_275' title='bbox 1026 2691 1157 2721; x_wconf 79' lang='lat' dir='ltr'>XXIV.</span> <span class='ocrx_word' id='word_1_276' title='bbox 1187 2695 1241 2727; x_wconf 76' lang='lat'>45,</span> <span class='ocrx_word' id='word_1_277' title='bbox 1271 2694 1300 2721; x_wconf 83' lang='grc'>6.</span> 
     </span>
    </p>
   </div>
  </div>
 </body>
</html>
