1811 2925
232 137 308 169 Lib.
334 136 415 167 VII.
865 137 911 171 14
919 136 940 172 S

188 261 374 298 diceret
406 265 476 296 cet.
547 260 728 307 Apparet
768 258 868 294 enim
899 257 1055 294 Livium
1090 257 1138 293 ab
1168 256 1277 293 initio
1309 256 1612 294 condicionalem

186 331 394 368 instituisse
428 330 625 366 sententiae
661 329 848 374 formam,
892 328 931 365 in
962 341 1040 377 qua
1073 328 1356 377 argumentatio
1387 327 1516 377 posita
1545 333 1618 374 est,

187 414 351 450 eamque
380 401 522 450 duplici
553 400 744 449 exemplo,
785 400 906 436 altero
937 399 1125 448 longiore,
1154 399 1421 448 interruptam,
1451 399 1616 448 repetita

185 473 377 523 particula
407 473 447 510 si
476 484 686 509 renovasse
713 471 751 508 in
772 472 927 508 lectoris
958 471 1108 515 animo3
1140 470 1383 507 scribendum
1413 476 1471 506 est
1499 470 1617 518 igitur

186 544 426 583 necessario:
473 543 541 589 Si,
583 548 631 579 ut
661 555 860 580 avorum
886 542 1125 579 memoria
1156 543 1202 579 P.
1235 542 1417 578 Decius
1450 563 1514 587 -7
1556 541 1619 587 si,

188 622 236 653 ut
284 615 427 652 nobis
482 614 885 651 adolescentibus
948 611 1246 663 Calpurnius
1295 613 1514 650 Flamma
1567 633 1611 638 —

187 687 402 733 dixit——‚
433 687 472 722 si
496 687 647 724 hocP.
670 685 987 733 Sempronius
1019 685 1206 721 diceret
1236 690 1307 724 cet,
1372 685 1428 722 Ut
1445 684 1616 730 redeam,

187 759 287 795 unde
318 758 514 806 digressus
545 769 655 803 sum,
687 756 737 793 ad
776 756 878 801 VII,
918 757 990 802 13,
1032 755 1249 793 laudandus
1281 755 1375 791 mihi
1405 755 1616 804 aliquando

188 829 484 875 Alschefskius,
529 829 633 877 quod
673 827 791 877 paulo
824 833 913 864 ante
957 826 992 879 (ξ
1025 829 1064 874 3)
1111 840 1159 864 ex
1203 828 1237 864 P
1283 833 1320 863 et
1363 826 1616 863 deterioribus

187 902 384 939 codicibus
418 899 820 950 (Drakenborchianis
855 901 966 947 octo)
999 899 1183 936 restituit:
1216 898 1266 936 Si
1295 899 1435 943 licet,
1466 897 1618 934 dicta-

187 980 282 1015 tor,
314 972 430 1008 allato
462 971 578 1008 etiam
610 970 783 1007 Terentii
819 971 997 1020 exemplo
1029 972 1186 1012 (Heaut.
1217 971 1268 1016 V,
1301 971 1336 1016 2,
1369 971 1439 1006 20:
1470 970 1618 1014 Here,

188 1043 422 1090 licetneP),
449 1044 488 1080 in
516 1056 593 1091 qno
615 1042 789 1079 similiter
818 1042 856 1078 in
877 1042 991 1078 venia
1010 1042 1159 1078 dicendi
1188 1041 1354 1090 petenda
1385 1040 1518 1089 loqui
1551 1045 1617 1076 aut

190 1115 353 1152 dicere
385 1114 584 1152 omittitur.
647 1113 711 1152 Sic
736 1113 836 1150 enim
855 1113 1051 1162 aptissime
1073 1112 1229 1149 militari
1258 1113 1448 1149 brevitate
1464 1111 1618 1148 Tullius

189 1187 317 1224 dicere
348 1185 495 1223 orditur
528 1185 617 1231 (Mit
647 1183 888 1229 Erlaubniss,
934 1184 1158 1230 Feldherr').
1232 1184 1434 1222 Scilicet
1474 1183 1512 1219 in
1542 1183 1618 1218 hac

190 1264 326 1307 aperta
357 1263 394 1294 et
424 1256 587 1305 simplici
615 1269 765 1301 causae,
808 1267 875 1291 cur
911 1255 1061 1291 Tullius
1095 1256 1322 1292 dictatorem
1362 1256 1488 1299 adeat,
1517 1254 1617 1291 indi—

191 1329 343 1366 catione
372 1328 517 1365 nnllum
548 1328 665 1363 habet
699 1327 839 1365 locum.
898 1327 1038 1374 Neque
1068 1327 1167 1363 enim
1206 1327 1283 1363 ullo
1314 1327 1430 1363 modo
1462 1339 1508 1363 ea
1537 1339 1618 1362 vox

191 1406 284 1449 apta
315 1405 372 1436 est
405 1400 450 1444 ei„
495 1399 561 1448 qni
592 1398 841 1435 admirationi
884 1397 1040 1434 alterius
1074 1398 1248 1444 (tacitae)
1283 1398 1470 1443 occurrit,
1512 1397 1617 1446 quod

194 1471 532 1508 Weissenbornins
574 1470 684 1518 fingit
727 1468 856 1518 (quasi
887 1469 1011 1505 dicas:
1056 1480 1112 1505 ne
1144 1469 1349 1505 miratus
1380 1469 1464 1514 sis3
1495 1468 1621 1505 scito

192 1543 313 1580 enim
346 1542 612 1579 exercitum
641 1563 693 1567 ψ
727 1553 796 1576 me
827 1540 1033 1585 orasse),
1066 1553 1190 1588 neque
1222 1541 1427 1588 quicquam
1460 1539 1623 1576 alienius

194 1627 310 1662 quam
353 1613 572 1662 exemplum
617 1626 639 1649 a
670 1611 988 1649 Weissenbornio
1023 1624 1043 1648 e
1071 1611 1169 1647 libro
1201 1611 1291 1657 XL,
1324 1613 1360 1656 9,
1398 1613 1409 1647 1
1450 1611 1621 1659 adscrip-

193 1695 285 1731 tum,
319 1686 385 1721 nbi
416 1686 606 1730 Perseus,
651 1684 773 1733 patris
805 1683 1040 1727 orationem,
1072 1695 1149 1731 qua
1181 1689 1385 1731 utrumque
1414 1683 1533 1719 filium
1564 1682 1622 1717 in-

193 1762 396 1806 crepuerat
428 1756 674 1804 maximeque
710 1756 856 1791 Persea
886 1753 1142 1790 accusationis
1175 1759 1383 1792 auctorem
1426 1753 1621 1802 excipiens

192 1840 278 1864 eum
322 1828 463 1864 acerba
506 1827 647 1863 ironia:
689 1825 975 1874 Aperienda
1016 1825 1256 1869 nimirum,
1302 1824 1436 1872 inquit,
1481 1831 1622 1861 nocte

194 1899 339 1935 ianua
369 1898 460 1934 fuit
501 1898 699 1946 (quoniam
733 1908 807 1941 1118,Δ
841 1896 943 1943 quod
975 1909 1035 1932 me
1066 1895 1313 1939 defenderim„
1345 1895 1621 1944 reprehendis).

194 1970 332 2018 Itaque
359 1970 389 2006 si
418 1970 466 2006 ad
484 1969 577 2006 illud
599 1968 815 2017 exemplum
836 1969 937 2005 hune
952 1968 1079 2004 locum
1101 1979 1338 2012 enarramus,
1369 1967 1520 2003 Tullius
1541 1967 1620 2003 dic·

194 2041 310 2077 tatori
343 2041 423 2089 (qui
454 2041 599 2077 nullum
625 2041 782 2076 verbnm
815 2038 922 2085 fecit)
956 2039 1099 2075 ironice
1120 2051 1323 2075 occurrens
1345 2050 1481 2087 reapse
1504 2044 1622 2087 negat

194 2125 235 2148 se
277 2113 325 2148 ab
365 2112 535 2148 exercitu
570 2118 770 2160 rogatum,
818 2116 858 2146 ut
890 2123 975 2146 eum
1009 2111 1143 2146 adiret.
1207 2110 1315 2146 Nihil
1345 2110 1422 2146 vidi
1455 2109 1621 2146 inconsi-

195 2183 364 2219 deratius
400 2183 605 2231 scriptum,
649 2183 718 2218 etsi
749 2181 896 2218 infinita
925 2182 963 2217 in
994 2183 1066 2218 hoc
1095 2194 1235 2230 genere
1265 2182 1442 2230 exempla
1476 2181 1620 2217 adseri-

195 2253 309 2289 bendi
341 2254 626 2289 inconsiderate
658 2249 1002 2299 committuntnr.¹)

308 2323 403 2373 Cap.
447 2326 505 2369 18,
539 2327 559 2360 4
594 2323 675 2371 (nbi
709 2330 1059 2360 commemorantur
1090 2323 1133 2363 C.
1166 2324 1370 2373 Sulpicius,
1411 2324 1467 2361 M.
1499 2323 1620 2359 Vale—

194 2393 274 2429 rius
317 2394 491 2431 consules
537 2395 625 2431 fidei
670 2407 748 2430 snae
794 2395 963 2440 duxisse,
1012 2402 1050 2431 ut
1083 2395 1319 2443 accepissent
1362 2393 1437 2429 dno
1469 2392 1621 2442 patricii

195 2465 451 2510 consulatum,
491 2466 545 2502 ita
577 2467 766 2502 ambobus
797 2466 967 2515 patriciis
1001 2466 1221 2514 mandare):
1252 2465 1374 2512 Quin
1406 2470 1486 2500 aut
1515 2470 1618 2499 toto

196 2535 456 2572 cedendum
492 2549 617 2582 esse,
652 2537 690 2572 si
722 2536 945 2585 plebeius
976 2537 1066 2573 iam
1098 2536 1416 2584 magistratus
1447 2547 1615 2571 eonsu-

195 2604 325 2642 latus
370 2606 479 2652 fiat,
535 2613 616 2644 aut
659 2614 809 2644 totum
850 2608 1220 2657 possidendum,
1259 2620 1395 2655 quam
1427 2619 1620 2656 posses-

219 2750 254 2795 1)
289 2753 374 2795 Cap.
398 2758 449 2786 14.
481 2759 494 2786 l
514 2757 611 2797 attigi
632 2767 662 2798 p.
683 2761 726 2788 30
747 2756 1001 2798 significavique
1028 2757 1272 2788 restituendum
1302 2765 1375 2787 esse
1402 2755 1615 2787 censebat.
