1811 2925
807 145 885 182 249
1284 146 1358 179 Lib.
1384 147 1500 179 XXII.

256 266 385 316 *Cap.
417 269 490 313 38,
523 269 544 304 3
591 267 670 304 dixi
701 275 789 305 ante
819 269 958 307 multos
989 281 1110 306 annos
1141 268 1301 318 (opusc.
1333 272 1458 308 Acad.
1487 273 1552 310 alt.

143 351 181 387 p.
216 339 312 386 360)
344 338 584 375 scribendum
617 351 719 376 esse:
763 340 840 377 ubi
891 341 947 377 ad
981 340 1328 379 decuriandum
1359 355 1412 380 ae
1445 356 1553 380 cen-

143 410 421 447 turiandum
453 410 809 447 convenissent
844 416 932 461 (pro
964 424 1023 457 eo,
1055 412 1158 460 quod
1190 412 1340 449 codices
1361 420 1397 450 et
1420 414 1553 451 editio—

143 492 210 517 nes
240 481 398 518 habent:
444 480 499 517 ad
530 481 836 519 decuriatum
871 495 924 519 ac
956 482 1330 530 centuriatum),
1369 486 1553 534 gerundio

144 551 298 600 passive
329 558 486 601 accepto
511 552 573 599 (ut
603 553 984 590 decuriarentur
1025 565 1077 590 ac
1119 555 1553 603 centuriarentur),

143 635 211 660 nec
243 624 470 660 sententiam
502 630 620 662 muto.
687 624 789 661 Nam
822 624 925 672 quod
956 624 1076 661 multa
1106 625 1282 662 dicuntur
1311 639 1394 664 esse
1424 628 1551 666 huius·

142 694 247 731 modi
277 694 529 734 substantiva,
560 707 643 743 quae
674 707 749 731 uno
770 702 919 731 tantum
950 703 1016 732 aut
1052 696 1173 733 altero
1196 697 1281 733 loco
1303 699 1552 747 reperiantur,

142 764 180 801 id
211 766 258 802 de
291 766 459 803 ablativo
491 778 574 802 cum
605 766 773 814 genitivo
804 773 870 802 aut
900 767 1128 815 pronomine
1158 768 1284 816 posito
1315 782 1446 807 verum
1479 779 1552 817 est;

142 837 173 874 si
205 837 490 874 decuriatus
522 844 585 873 aut
614 837 927 874 centuriatus
960 850 1031 886 pro
1063 839 1163 875 veris
1194 841 1444 878 substantivis
1475 843 1551 889 (ad

142 907 197 944 de
212 920 244 947 e.
283 908 568 950 convenire)
617 908 664 945 de
709 908 869 944 militum
910 908 948 944 in
979 909 1154 946 decurias
1186 912 1456 961 centuriasque
1487 914 1552 951 de-

144 979 351 1028 scriptione
379 979 522 1016 usitata
553 978 726 1023 fuissent,
757 979 823 1015 vix
853 980 927 1016 hoc
956 992 1030 1016 uno
1052 980 1137 1017 loeo
1168 983 1436 1030 reperirentur.
1453 981 1486 1029 ¹)

252 1047 380 1099 *Cap
415 1054 477 1094 40,
510 1054 552 1088 4:
583 1052 654 1088 Ab
684 1051 772 1087 hoc
801 1062 1025 1088 sermone
1055 1051 1329 1100 profec’tum
1349 1055 1551 1095 Paulum

141 1120 365 1166 tradunt,
414 1122 829 1170 prosequentibus
859 1122 1160 1170 primoribus
1203 1131 1411 1172 patvrum;
1456 1127 1550 1176 ple—

140 1191 296 1228 beium
329 1193 573 1229 consulem
623 1205 707 1229 sua
735 1193 872 1242 plebs
912 1203 1202 1240 consecuta,
1242 1197 1388 1233 turba
1436 1210 1550 1234 con-

139 1263 380 1311 spectior.¹
429 1276 569 1312 quum
611 1264 888 1313 dignitates
936 1265 1178 1302 deessent.
1261 1267 1550 1316 Dignitates

140 1333 327 1382 appellari
357 1334 460 1383 ipsos
492 1336 665 1372 homines
695 1335 881 1385 dignitate
910 1343 947 1373 et-
974 1337 1176 1373 honestate
1204 1337 1392 1386 insignes,
1440 1352 1550 1388 pror·

174 1500 206 1545 ι)
234 1502 319 1546 Cap.
347 1508 401 1543 39,
431 1509 471 1536 14
499 1504 721 1536 certissimum
750 1510 801 1535 est
840 1504 1057 1546 absumpti
1095 1505 1182 1544 (PM
1211 1507 1446 1546 absumsit,
1482 1518 1551 1539 non

234 1567 282 1597 ab
295 1567 506 1608 sumpsit),
532 1568 565 1598 in
592 1567 683 1606 quod
708 1567 805 1598 video
832 1568 931 1599 etiam
958 1567 1241 1608 Heerwagenium
1269 1568 1449 1607 incidisse;
1475 1580 1552 1601 mea

236 1629 428 1659 coniectura
455 1628 542 1669 apud
570 1627 810 1667 Ingerslevium
846 1629 879 1660 in
913 1635 1076 1660 contextu
1101 1629 1249 1670 positum
1276 1636 1357 1665 erat.
1384 1631 1418 1661 in
1444 1632 1549 1662 adno-

234 1692 360 1722 tatione
386 1690 559 1721 omissum.
616 1688 693 1720 Non
721 1690 830 1721 minus
873 1696 1021 1727 certum,
1049 1691 1067 1730 ξ
1097 1695 1154 1728 16,
1180 1691 1237 1722 ubi
1274 1692 1546 1725 mirificissimam

232 1751 326 1792 (narn
356 1753 561 1784 Terentiano
587 1751 790 1793 superlativo
827 1753 988 1783 utendum
1020 1753 1089 1793 est)
1123 1753 1158 1784 in
1185 1755 1300 1785 sedata
1326 1765 1385 1796 per
1408 1756 1550 1787 interro-

233 1815 406 1854 gationem
441 1814 724 1845 demonstratione
761 1810 1016 1856 ἀποσιώπησιν
1054 1815 1150 1846 unius
1176 1816 1267 1846 verbi
1292 1816 1442 1857 fingunt,
1469 1819 1550 1849 seri-

232 1876 377 1907 bendum
406 1886 487 1914 esse,
515 1877 615 1916 quod,
643 1885 744 1917 quum
773 1886 792 1906 a
819 1874 991 1907 Gronovio
1017 1883 1220 1918 praeceptum
1248 1885 1315 1906 non
1339 1877 1550 1908 animadver-

232 1945 356 1971 terem.
383 1939 454 1981 ipse
479 1939 608 1969 inveni:
647 1937 866 1976 Quamdiu
896 1949 970 1980 pro
1000 1939 1213 1970 Gereonii
1319 1939 1548 1971 moenibus

233 2001 373 2032 sedet!
422 2001 479 2032 Ne
509 2002 720 2032 adversus
757 2006 818 2031 etc.
867 2000 982 2031 Etiam
1025 2002 1098 2032 sed
1140 2012 1201 2042 per
1238 2010 1272 2033 se
1302 2011 1440 2041 pravum
1468 2009 1548 2033 erat.

231 2061 410 2095 Postremo
436 2063 454 2103 ξ
482 2067 498 2093 5
526 2073 594 2094 non
619 2063 729 2104 potuit
756 2063 873 2094 Livius
898 2062 1040 2094 Fabium
1068 2064 1117 2094 sic
1142 2063 1336 2103 loquentem
1359 2062 1481 2095 facere.
1502 2071 1548 2098 ut,

232 2134 306 2164 quae
334 2126 375 2156 ad
404 2124 669 2156 confirmandam
695 2125 782 2156 hanc
809 2125 1031 2155 sententiam:
1058 2124 1229 2161 nescio,
1265 2134 1314 2155 an
1339 2124 1550 2157 infestior

231 2186 769 2227 hic(Varro)adversa1-ius
796 2196 916 2226 quam
948 2186 1025 2216 ille
1052 2186 1195 2217 hostis
1220 2193 1392 2217 maneat
1416 2193 1457 2217 te
1484 2187 1548 2227 (sic

230 2258 292 2289 pro
317 2254 489 2279 mancat
513 2254 553 2279 et
580 2249 807 2285 scribendum,
835 2259 903 2280 non
929 2255 1103 2279 maneat
1128 2254 1167 2280 et
1193 2252 1245 2285 tc)
1273 2258 1348 2279 cum
1376 2259 1549 2280 assevera-

234 2310 324 2340 tione
351 2310 479 2341 adden·
534 2317 628 2341 <erant
655 2314 759 2347 (nam
794 2321 886 2342 cum
913 2310 997 2341 illo
1024 2310 1113 2350 cet).
1149 2321 1193 2342 ex
1217 2309 1276 2341 illo
1315 2311 1462 2341 nescio
1498 2321 1548 2341 an

232 2378 380 2403 necteret
421 2372 588 2411 (nescio
619 2382 668 2402 an
703 2383 788 2404 cum
824 2373 905 2404 illo
932 2372 973 2402 in
999 2373 1091 2403 acie
1117 2378 1283 2403 tantum
1404 2378 1548 2403 certa-

231 2439 355 2464 turus
381 2433 465 2475 sis).
525 2434 629 2466 Recte
660 2434 739 2466 olim
774 2434 938 2466 edebatur
963 2440 1212 2465 certaturus
1239 2444 1278 2465 es
1377 2434 1457 2465 tibi
1484 2440 1548 2466 est

231 2494 398 2534 (tibist,
425 2495 567 2527 fortasse
595 2496 676 2527 tibi
705 2495 804 2536 erit)
903 2502 940 2527 te
966 2502 1027 2526 est
1061 2496 1175 2537 (test)
1201 2502 1546 2538 oppugnaturus

229 2555 274 2587 Et
313 2557 348 2587 in
384 2558 493 2598 primo
529 2558 664 2598 quidem
708 2558 860 2588 membro
904 2557 1066 2597 ambigua
1090 2557 1255 2589 Puteanci
1284 2559 1451 2600 scriptura
1478 2568 1545 2589 non

230 2619 340 2649 minus
375 2619 559 2650 indicativo
594 2629 694 2659 quam
733 2619 948 2651 coniunctivo
974 2619 1082 2658 favet,
1120 2618 1148 2651 C
1183 2621 1401 2651 indicativum
1431 2620 1545 2651 habet.

230 2679 248 2718 ξ
276 2683 315 2710 21
343 2686 420 2711 ante
449 2681 522 2711 sed
547 2686 589 2711 ut
614 2681 741 2712 excidit
765 2681 938 2713 suadeo.
