1811 2925
230 114 510 147 Lffi.XXXV1L
905 115 982 150 426

228 247 312 275 rato
343 251 426 275 cum
463 237 547 285 ipso
579 237 813 285 imperatore
845 235 977 284 gloriae
1008 235 1136 281 titulo3
1183 237 1285 284 quod
1325 242 1453 273 tamen
1487 236 1521 272 in
1555 235 1651 272 Cas-

229 309 372 345 siodori
402 308 512 345 fastis
544 307 684 344 Laelius
716 306 927 343 Africanus
962 305 1202 354 appellatur,
1233 307 1421 351 ostendit,
1451 307 1527 342 iam
1558 313 1652 352 tum⁷

229 392 344 428 quum
366 379 420 415 illi
451 378 614 415 confecti
642 384 749 422 sunt„
782 377 835 413 sic
864 377 903 412 in
935 376 1166 424 quibusdam
1202 377 1301 414 Livii
1330 378 1436 414 libris
1468 378 1649 426 scriptum

228 449 358 487 fuisse.
424 449 500 486 Sed
533 450 613 486 eius
644 449 844 497 seripturae
877 447 1062 495 originem
1096 448 1266 484 ostendit
1296 449 1329 485 B
1363 461 1438 484 uno
1470 449 1651 484 adiuncto

228 532 247 554 e
283 519 688 556 Drackenborchianis
733 518 939 555 testimonii
984 517 1089 553 socio
1136 518 1282 565 (Mead.
1314 520 1380 566 2)·,
1430 519 1467 554 in
1513 519 1650 567 quibus

227 589 421 625 scribitur:
453 588 496 626 C.
529 591 704 627 Laelius
722 588 1008 626 Africanum
1042 588 1350 626 intuentibus
1382 596 1464 625 etc.
1517 589 1649 637 (Quod

228 661 263 696 in
298 660 463 697 editione
495 661 725 709 Moguntina
756 659 921 708 primum
954 658 1119 694 deletum
1153 659 1505 705 estAfricanus2
1536 673 1583 696 ex
1605 673 1649 696 eo

227 732 273 768 de
304 732 434 768 codice
464 733 518 768 M.
549 732 642 768 nihil
674 730 885 774 conficitur,
921 729 1139 766 Cen-bachio
1173 737 1209 766 et
1226 730 1389 767 Gelenio
1420 731 1651 775 tacentibus3

226 803 356 850 itaque
386 803 438 839 ibi
469 802 569 839 idem
601 803 784 851 scriptum
817 800 947 841 fuisseq
987 801 1090 848 quod
1121 800 1158 836 in
1189 801 1246 845 B,
1278 801 1448 849 opinor.)
1521 802 1651 849 Atque

225 874 323 910 hanc
353 874 494 910 codicis
511 872 810 920 Bambergensis
840 871 1069 919 scripturam
1101 871 1278 908 omnibus
1309 872 1442 908 litteris
1464 884 1595 908 veram
1616 878 1650 908 et

226 944 415 992 integram
448 956 531 980 esse
561 951 654 992 puto
685 955 753 978 nec
786 943 991 991 quicquam
1007 942 1109 979 ultra
1131 943 1388 990 quaerendum.
1449 943 1537 978 Hoc
1552 942 1650 978 enim

228 1015 361 1051 Livius
413 1014 515 1059 dicit,
561 1014 600 1049 in
632 1013 806 1050 creandis
862 1014 903 1048 L.
931 1012 1111 1061 Scipione
1157 1020 1192 1048 et
1237 1012 1279 1051 (ἶ.
1314 1013 1432 1049 Laelio
1477 1013 1653 1049 homines

228 1085 315 1121 belli
356 1097 441 1120 cum
489 1085 685 1120 Antiocho
736 1082 890 1119 finiendi
938 1090 974 1118 et
1016 1083 1054 1118 in
1086 1096 1131 1118 ea
1176 1096 1216 1119 re
1246 1083 1424 1120 Africani
1462 1083 1649 1120 rationem

227 1155 426 1197 habuisse5
478 1155 584 1191 cuius
627 1155 723 1190 alter
768 1166 815 1190 ex
846 1153 913 1197 iis,
965 1154 1030 1201 qui
1069 1154 1321 1199 creabantur,
1374 1155 1494 1190 frater
1540 1160 1650 1198 esset,

227 1225 322 1261 alter
350 1225 438 1261 olim
470 1225 506 1261 in
543 1226 657 1261 rebus
689 1224 865 1273 gerendis
896 1223 1022 1259 socius
1055 1230 1089 1259 et
1124 1224 1276 1260 adiutor
1301 1224 1455 1270 fuisset,
1486 1231 1525 1261 ut
1548 1225 1650 1260 credi

227 1303 369 1343 posset.
401 1296 523 1331 neutri
555 1295 659 1331 illum
693 1308 850 1343 operam
885 1294 921 1329 in
962 1308 1006 1330 eo
1035 1295 1149 1339 bello,
1182 1296 1282 1343 quod
1315 1308 1413 1331 nunc
1442 1302 1650 1344 gereretur,

226 1366 502 1413 denegaturum
539 1377 633 1401 esse.

714 1662 816 1708 Lib.
863 1662 1133 1710 XXXVII.

336 1799 507 1849 Cap.12‚
533 1803 573 1837 ll
613 1800 682 1845 (de
714 1800 837 1836 classe
868 1800 1131 1835 Romanorum
1165 1805 1202 1835 et
1229 1799 1449 1847 Eumenis):
1476 1801 1591 1836 lnde
1609 1805 1649 1849 (a

225 1870 389 1920 Coryco,
421 1871 605 1907 Teiorum
649 1869 935 1919 promontorio)
983 1882 1119 1917 quum
1152 1869 1196 1904 in
1226 1868 1448 1916 proxima
1480 1871 1649 1907 samiae

225 1940 408 1976 vellent
437 1941 683 1985 traiicere,
715 1953 805 1976 non
842 1946 1132 1988 exspectato
1164 1939 1280 1975 solis
1313 1945 1446 1984 ortu,
1474 1953 1528 1976 ex
1557 1953 1647 1988 quo

224 2016 405 2046 statum
453 2012 576 2047 caeli
622 2016 793 2047 notare
837 2011 1198 2058 gubernatores
1232 2016 1457 2057 possent,
1499 2011 1543 2047 in
1578 2011 1648 2047 in-

224 2086 402 2116 certam
433 2087 779 2130 tempestatem
813 2080 1057 2116 miserunt.
1137 2079 1241 2116 Fieri
1271 2086 1421 2127 potest,
1467 2089 1507 2117 ut
1538 2081 1645 2118 fallat

224 2161 291 2185 nos
322 2150 519 2198 proprium
551 2152 606 2188 rei
637 2152 787 2188 navalis
821 2151 1003 2198 loquendi
1040 2163 1184 2199 genus3
1230 2150 1349 2186 miror
1391 2158 1518 2187 tamen
1548 2153 1649 2188 hunc

223 2220 329 2256 verbi
361 2220 554 2259 mittere
597 2236 705 2259 usum
741 2222 923 2258 adiuncta
954 2221 996 2257 in
1028 2221 1312 2270 praepositione,
1343 2220 1566 2269 dubitoque,
1598 2234 1645 2257 an

225 2290 354 2326 Livius
385 2291 600 2338 scripserit:
632 2294 676 2329 in
707 2294 941 2329 incertam
964 2297 1303 2340 tempestatem
1338 2290 1510 2335 ierunt„
1540 2299 1646 2340 post-

223 2372 355 2406 eaque,
387 2360 584 2407 geminata
618 2376 747 2399 errore
778 2363 905 2399 littera
936 2376 982 2407 m,
1015 2376 1062 2398 ex
1095 2362 1301 2398 mierunt
1332 2367 1457 2397 ortum
1484 2362 1531 2397 sit
1562 2362 1646 2398 mi-

222 2435 401 2465 serunt.

333 2498 428 2548 Cap.
463 2501 526 2545 20,
560 2502 581 2537 3
614 2508 651 2537 et
683 2504 703 2538 4
759 2502 822 2549 (de
861 2504 1057 2551 Pergamo
1108 2503 1283 2548 obsesso)
1321 2501 1444 2537 oratio
1488 2501 1541 2537 sic
1587 2502 1646 2538 di-

219 2569 411 2617 iungenda,
444 2576 481 2606 et
512 2571 773 2609 continuanda
805 2578 880 2608 est:
924 2573 1006 2609 Ita
1040 2573 1201 2609 libera
1234 2573 1290 2609 ab
1323 2579 1463 2619 tergo
1496 2584 1644 2620 popu-

220 2640 338 2675 latio
370 2646 484 2676 erat.
544 2640 695 2678 Nullo
727 2643 782 2678 ab
814 2643 950 2687 urbe,
993 2656 1047 2679 ne
1097 2643 1141 2679 in
1185 2642 1425 2679 stationes
1457 2642 1644 2690 quidem
