1811 2925
774 125 852 160 365

103 247 261 292 obtinet,
292 246 356 294 qui
387 252 423 282 et
454 245 671 294 Moguntini
709 244 977 281 auctoritatem
1019 243 1148 280 multis
1190 242 1284 280 locis
1322 242 1523 291 insigniter

103 318 314 361 confirmet,
345 323 413 353 aut
441 316 556 365 plane
587 328 671 352 cum
704 328 749 351 eo
781 314 1004 363 conspirans
1036 314 1156 360 (velut
1186 314 1368 356 XXXV,
1401 315 1464 358 36,
1498 315 1519 349 3

102 393 431 435 spectatorum
475 399 546 434 pro
591 397 962 435 perpaucorum,
1015 383 1242 429 XXXVII,
1291 387 1355 428 54,
1403 385 1424 420 8
1475 384 1520 420 in

101 457 404 494 servitutem.
436 457 501 492 ubi
532 456 567 492 iu
597 455 823 504 vulgaribus
854 455 993 491 lacuna
1027 461 1095 499 est,
1125 454 1217 490 ibid.
1252 455 1296 490 12
1329 466 1521 502 aequare

100 539 171 575 pro
200 526 452 575 praeferre,
484 526 739 570 XXXVIII,
791 527 826 570 8,
859 528 880 562 6
911 532 963 561 ut
1012 531 1238 574 parceret
1284 524 1405 568 urbi,
1455 524 1520 561 ubi

100 597 238 633 lacuna
269 604 336 641 est,
394 601 452 643 17,
485 600 506 634 9
538 597 679 633 mixti
710 603 752 633 et
784 595 1085 644 Gallograeci
1114 608 1246 639 vere,
1289 595 1413 642 quod
1443 607 1519 644 ap-

99 667 350 715 pellantur
407 681 478 717 pro
527 668 645 703 variis
690 667 897 711 erroribus)
951 673 1017 702 aut
1059 678 1180 714 prope
1228 665 1413 702 accedens
1463 667 1522 712 (ut

100 738 325 783 XXXVII,
358 742 418 776 17.
455 739 499 774 12
534 738 629 774 sita
673 744 815 783 servat,
862 750 932 786 pro
975 735 1269 772 Tarentinis
1312 737 1430 772 habet
1473 737 1518 773 in

99 809 207 854 his),
233 815 267 844 et
301 821 370 845 sua
400 809 636 858 propriaque
665 808 767 844 bona
789 807 1014 851 servaverit,
1047 807 1184 855 quibus
1205 807 1310 843 illum
1329 807 1518 843 interdum

99 892 188 915 vere
218 879 359 923 vincat,
392 891 627 927 quamquam
660 890 760 926 saepe
790 886 936 914 tantum
971 878 1099 926 specie
1128 884 1298 925 praestat,
1334 878 1436 925 quod
1471 878 1518 913 de

98 950 328 997 Moguntino
359 956 518 988 tacetur.
595 949 645 984 Et
689 948 728 984 in
755 948 948 984 tricesimo
980 948 1091 984 tertio
1141 947 1292 995 quidem
1324 948 1435 992 libro,
1480 948 1517 983 in

99 1032 174 1067 quo
205 1020 330 1068 primo
363 1019 604 1067 comparatio
634 1021 687 1063 fit,
732 1019 861 1055 codice
896 1018 1145 1066 Moguntino,
1191 1018 1515 1065 quemadmodum

97 1089 250 1137 quidem
280 1089 341 1125 hic
381 1090 500 1126 lectus
541 1096 577 1125 et
616 1101 821 1137 expressus
862 1096 935 1134 est,
990 1088 1105 1124 etiam
1149 1088 1325 1135 superior
1368 1087 1519 1124 videtur

96 1167 131 1196 et
181 1160 371 1208 scriptura
419 1167 456 1195 et
503 1159 650 1195 lacunis
686 1159 907 1208 explendis3
955 1159 994 1194 in
1032 1159 1119 1195 libri
1164 1159 1279 1194 etiam
1325 1159 1517 1195 XXXIV

95 1230 224 1278 priore
254 1237 367 1279 parte
397 1230 498 1266 intra
528 1231 645 1267 breve
675 1230 842 1278 spatium
871 1229 1087 1279 complures
1111 1229 1287 1277 egregias
1307 1229 1517 1278 scripturas

94 1301 259 1349 praebet,
306 1313 390 1349 quae
437 1314 457 1337 e
492 1300 721 1349 Moguntino
766 1300 900 1336 saltem
945 1313 1022 1337 non
1055 1300 1248 1337 adnotatae
1279 1307 1366 1336 sunt
1398 1308 1447 1344 (c.
1482 1302 1517 1345 2,

101 1374 159 1409 10.
191 1383 222 1407 c.
261 1375 296 1416 4,
339 1373 397 1416 18,
445 1384 475 1408 c.
512 1373 547 1417 6,
580 1372 616 1408 7.
647 1371 712 1407 ubi
741 1371 904 1419 vestigia
937 1371 1019 1407 veri
1050 1378 1190 1415 servat,
1235 1383 1266 1408 c.
1305 1373 1362 1407 11.
1405 1374 1441 1415 4,
1486 1384 1516 1407 c.

108 1443 165 1483 13,
200 1445 234 1483 7,
266 1454 297 1478 c.
337 1444 397 1486 19,
431 1444 483 1488 8).
549 1443 594 1478 In
627 1441 782 1488 reliquis
813 1441 919 1477 libris
955 1442 1072 1489 paulo
1103 1440 1270 1477 fortasse
1301 1441 1386 1489 plus
1417 1441 1515 1477 labis

97 1512 263 1560 suscepit
314 1512 367 1559 (in
414 1524 490 1560 quo
547 1511 930 1548 animadvertendum
983 1519 1066 1555 est,
1116 1512 1280 1560 primum
1334 1512 1371 1548 in
1429 1512 1516 1548 libri

99 1582 301 1627 XXXIV,
350 1583 412 1626 62,
464 1582 599 1618 deinde
633 1581 671 1617 in
711 1581 809 1617 libro
840 1582 1031 1621 XXXV,
1085 1583 1134 1618 33
1186 1583 1325 1618 mutari
1370 1583 1515 1618 librarii

99 1664 278 1697 manum,
327 1653 540 1701 posteriore
584 1652 670 1687 loco
713 1652 827 1688 etiam
874 1652 1045 1688 nonnihil
1092 1653 1284 1688 vocabula
1324 1654 1515 1690 scribendi

97 1720 302 1769 rationem)
345 1722 538 1770 pauloque
574 1722 697 1758 rarius
735 1721 1027 1770 exsplendescit,
1062 1723 1099 1758 in
1134 1723 1355 1760 universum
1386 1731 1515 1760 tamen

97 1792 222 1828 locum
254 1800 394 1830 tuetur:
427 1793 481 1841 (in
508 1793 680 1837 extremi,
711 1805 824 1841 quem
850 1794 979 1837 habet,
1006 1793 1093 1829 libri
1114 1794 1350 1830 XXXVIH
1381 1793 1515 1842 primis

97 1862 231 1910 viginti
262 1862 450 1910 capitibus
484 1870 541 1900 ter
571 1863 674 1899 solus
705 1876 837 1899 veram
868 1865 1097 1912 scripturam
1126 1865 1282 1912 praebet,
1324 1865 1383 1907 13,
1417 1867 1437 1900 4
1471 1863 1514 1899 vi

96 1932 235 1981 cepit,
269 1940 473 1981 captum,
505 1933 608 1981 quod
638 1933 839 1970 Bekkerus
870 1934 1046 1979 restituit,
1084 1937 1142 1979 16,
1169 1935 1189 1970 3
1225 1934 1513 1982 vectigales,

97 2016 127 2039 c.
169 2005 228 2051 17,
263 2006 284 2040 6
317 2003 538 2051 adsueti).

216 2074 282 2110 Ad
313 2073 487 2110 codicum
532 2073 648 2122 igitur
678 2074 897 2122 Moguntini
929 2075 1002 2121 (M)
1044 2084 1080 2111 et
1112 2074 1408 2123 Bambergensis
1443 2074 1512 2122 (B)

96 2144 209 2180 fidem
249 2144 408 2192 (quibus
452 2150 578 2180 tamen
610 2144 821 2180 coniunctis
851 2151 998 2180 tantum
1035 2158 1058 2180 a
1087 2145 1185 2181 libro
1216 2144 1426 2181 XXXIII.
1467 2147 1510 2179 17

99 2214 149 2250 ad
178 2215 427 2258 XXXVIII,
461 2215 510 2250 46
542 2214 714 2261 utimur),
745 2215 945 2262 dirigenda
976 2222 1033 2250 est
1062 2216 1199 2252 horum
1231 2215 1361 2251 decem
1395 2214 1512 2250 libro-

96 2297 181 2320 rum
212 2284 451 2321 emendatio.
483 2292 612 2333 spreto
643 2285 860 2333 vulgarium
892 2284 996 2320 inani
1027 2298 1234 2329 consensu,
1267 2285 1331 2333 qui
1365 2284 1513 2332 aliquo-

97 2355 166 2391 ties
197 2354 467 2397 Gronovium,
509 2368 624 2403 quum
658 2355 762 2392 solos
793 2355 904 2391 huius
933 2356 1084 2403 generis
1125 2356 1276 2392 codices
1310 2361 1514 2391 tractasset

97 2423 257 2460 necdum
322 2424 649 2473 Bambergensem
715 2434 870 2469 nosset,
931 2426 981 2461 ad
1037 2426 1276 2462 coniecturas
1337 2424 1513 2461 difficiles

96 2494 298 2530 tentandas
354 2494 529 2543 impulit,
588 2495 651 2531 ubi
707 2495 891 2532 Gelenius
949 2508 1042 2532 vera
1095 2510 1115 2532 e
1163 2495 1392 2543 Moguntino
1443 2507 1512 2543 po-

96 2571 246 2607 suerat,
275 2564 462 2612 torsitque
494 2565 608 2600 etiam
641 2577 763 2613 nuper
791 2565 981 2601 interdum
1011 2565 1393 2609 Weissenbornium,
1424 2578 1513 2602 cau-

93 2646 176 2669 sam
209 2645 380 2669 errorum
426 2634 463 2670 in
501 2634 726 2682 vulgaribus
756 2635 868 2671 nimis
910 2647 1041 2672 severe
1083 2637 1345 2684 exquirentem
1379 2642 1414 2671 et
1445 2635 1514 2670 de-
