1811 2925
896 137 972 173 200

229 261 293 291 aut
323 256 682 304 interpolationibus
704 265 741 293 et.
770 257 996 293 coniecturis
1028 258 1232 304 (interdum
1265 261 1372 298 bonis
1403 267 1439 297 et
1469 262 1581 298 rectis
1604 263 1643 299 in

228 327 341 362 rebus
371 326 548 363 facilibus
584 334 618 362 et
652 328 801 376 parvis)
841 326 1008 365 differre.
1074 328 1186 366 Certe
1224 343 1299 366 non
1338 332 1490 368 memini
1524 332 1642 369 ullum

229 408 311 432 esse
362 397 507 442 locum,
556 398 618 434 ubi
650 398 813 447 vestigia
849 398 1009 434 verioris
1053 405 1090 435 et
1120 400 1345 448 antiquioris
1376 403 1574 451 seripturae
1604 404 1643 439 in

229 480 272 503 eo
304 468 511 504 obscurata
549 469 602 505 sic
640 469 677 505 in
710 469 794 505 aliis
833 474 1031 517 emergant
1061 470 1219 518 propria
1248 471 1393 518 forma7
1427 480 1468 509 ut
1501 486 1549 509 ex
1580 485 1643 510 co-

229 538 311 574 dice
342 538 455 574 simili
499 539 563 575 illo
596 540 763 588 quidem,
810 540 877 576 sed
926 546 1052 575 tamen
1100 553 1177 576 non
1208 541 1341 579 iisdem
1370 556 1522 591 semper
1550 543 1644 580 loeis

229 621 297 645 nec
328 610 462 645 eodem
494 610 608 646 modo
640 611 835 647 aberranti
867 617 1022 647 servata
1053 622 1135 646 esse
1165 613 1366 659 probabile
1396 614 1461 658 sit3
1492 620 1644 650 contra-

230 692 302 727 que
316 680 554 728 apertissime
572 681 894 717 omnesalnendis
923 680 1110 718 Puteanei
1131 682 1310 729 pendent.
1351 684 1412 720 Ea
1429 684 1644 720 coniunctio

229 751 436 799 stirpisque
464 751 696 800 propagatio
729 752 869 788 sensim
903 752 950 787 ab
983 752 1128 801 origine
1159 753 1424 801 degenerantis
1442 754 1566 802 qualis
1587 755 1646 794 sit,

229 822 396 857 breviter
427 822 616 858 declarari
648 828 792 870 potest3
838 828 919 858 tota
959 822 1057 858 enirn
1101 835 1162 859 res
1192 837 1314 872 prope
1343 825 1381 860 in
1417 837 1491 861 uno
1523 837 1646 872 eoque

230 891 411 928 facillimo
446 892 623 940 exemplo
655 893 931 941 perspicieturq
982 894 1085 940 quod
1133 907 1181 930 ex
1223 894 1321 931 libro
1354 895 1494 940 XXII,
1528 896 1591 940 28,
1623 898 1643 931 4

230 975 398 1008 suniam,
445 963 508 1011 qui
538 963 645 999 locus
679 963 896 999 etiamnunc
944 964 981 999 in
1025 964 1254 1001 editionibus
1296 965 1530 1015 depravatus
1574 966 1647 1002 cir-

231 1033 450 1070 cumfertur.
512 1035 616 1070 Nam
649 1047 765 1082 quum
801 1034 931 1069 Livius
963 1034 1017 1070 sie
1048 1035 1280 1083 scripsisset:
1325 1049 1519 1072 causam
1551 1049 1646 1073 oer—

230 1105 426 1141 taminis
469 1118 567 1141 cum
595 1104 833 1148 Minucio„
881 1117 1014 1152 quein
1046 1118 1400 1153 procursurum
1439 1107 1494 1142 ad
1523 1108 1647 1143 obsi-

231 1175 447 1210 stendum
479 1175 602 1211 satis
633 1175 839 1218 sciebat,
879 1175 1188 1222 contrahere7
1221 1178 1368 1213 delecto
1390 1178 1508 1214 verbo
1528 1178 1649 1226 (pro-

232 1248 500 1293 cursurum)
537 1246 586 1281 ad
617 1246 821 1281 vehemens
848 1245 1006 1281 Minucii
1036 1246 1229 1295 ingenium
1253 1247 1526 1283 declarandum
1543 1254 1649 1296 apto,

231 1317 268 1352 in
307 1317 340 1352 P
382 1319 451 1360 (—-
492 1317 545 1352 sie
573 1316 671 1352 enim
700 1316 878 1364 deinceps
910 1329 1047 1352 nomen
1078 1319 1222 1354 notabo
1255 1320 1322 1365 —)
1371 1323 1437 1353 aut
1467 1318 1581 1353 etiam
1611 1318 1649 1354 in

233 1388 362 1424 codice
393 1387 473 1423 eius
504 1394 675 1435 parente,
708 1387 839 1423 addita
871 1386 1055 1423 facillimo
1088 1401 1217 1424 errore
1249 1402 1325 1425 nna
1356 1389 1495 1434 littera,
1526 1389 1649 1437 serip-

230 1465 311 1494 tum
332 1465 387 1494 est
418 1471 501 1506 per
531 1471 765 1494 oeursuru
778 1470 813 1493 m
844 1456 941 1508 (una
972 1458 1099 1495 littera-
1120 1463 1178 1503 ως
1203 1459 1340 1495 deinde
1370 1460 1407 1495 in
1422 1458 1645 1496 Colbertino

231 1530 362 1565 addito
395 1529 515 1565 altero
561 1543 579 1570 c
612 1528 749 1565 effecta
780 1529 920 1565 Latina
951 1542 1029 1566 vox
1067 1536 1141 1574 est,
1180 1530 1366 1566 sententia
1406 1536 1646 1566 strueturave

231 1601 355 1637 nulla:
386 1614 470 1649 per
499 1613 614 1636 occu
626 1613 703 1636 rsu
715 1612 831 1644 rum3
852 1600 938 1636 hinc
953 1600 989 1636 in
1006 1600 1140 1637 ceteris
1162 1600 1338 1636 omnibus
1369 1601 1434 1646 (ab
1451 1600 1561 1636 unius
1578 1601 1646 1636 ho-

232 1672 343 1708 minis
373 1672 628 1720 correctione)
660 1678 816 1710 natum,
848 1676 889 1706 nt
921 1671 1051 1718 aliqua
1081 1678 1180 1707 esset
1209 1678 1401 1707 structura
1431 1678 1467 1707 et
1497 1678 1646 1707 senten-

232 1743 307 1778 tia:
339 1755 527 1791 semper
559 1754 763 1778 occursu
778 1754 826 1777 ru
840 1754 897 1781 ιη,
943 1742 1045 1789 quod
1077 1754 1210 1778 omnes
1248 1742 1362 1778 hodie
1407 1754 1561 1790 quoque
1593 1749 1647 1779 te-

233 1820 333 1851 nent,
364 1813 594 1862 pravissimo
624 1812 821 1856 adverbio,
850 1813 1030 1859 quoniam
1064 1825 1140 1849 non
1172 1813 1217 1848 de
1243 1826 1282 1848 re
1304 1825 1405 1861 saepe
1429 1825 1649 1862 semperve,

228 1898 242 1917 >-
265 1898 283 1920 e
322 1883 471 1927 semel‚
513 1896 630 1930 quum
664 1882 861 1918 Hannibal
893 1882 1078 1918 tumulum
1110 1883 1299 1931 cepisset,
1347 1882 1477 1920 futura
1508 1884 1647 1932 agitur.

235 1957 287 1998 (A
337 1955 511 1991 Mediceo
554 1966 741 2001 semper
771 1949 1000 1988 ’‘exsulare’'
1031 1953 1373 1989 Drakenborchius
1416 1954 1524 1999 (licit3
1568 1955 1647 1990 fieri

235 2032 371 2074 potesn
402 2031 441 2061 nt
473 2024 651 2060 librarius
683 2023 851 2059 omiserit
884 2023 1028 2059 litteras
1059 2035 1170 2059 sensu
1205 2030 1397 2067 carentes3
1432 2025 1499 2060 sed
1529 2025 1649 2061 multo

234 2096 472 2146 probabilius
504 2101 572 2139 est-2
604 2095 641 2130 in
675 2107 732 2135 eo,
764 2100 805 2129 ut
834 2094 871 2128 iu
902 2094 1065 2141 gemello
1099 2093 1142 2138 C,
1173 2094 1355 2142 scriptum
1388 2094 1505 2130 fuisse
1534 2095 1648 2143 per.)

236 2170 367 2215 Atque
408 2167 468 2202 hic
512 2178 619 2202 error
659 2164 810 2212 longius
842 2176 995 2212 serpere
1039 2172 1149 2200 cxtra
1193 2165 1225 2200 P
1257 2163 1402 2212 coepit3
1448 2171 1581 2200 contra
1611 2164 1649 2199 in

236 2238 333 2273 libro
384 2237 514 2273 XXI.
569 2239 647 2272 46.
698 2238 718 2271 (3
751 2235 787 2270 in
819 2236 852 2271 P
885 2235 1011 2283 prima.
1054 2248 1168 2271 manu
1200 2235 1381 2283 scriptum
1426 2241 1500 2270 est:
1558 2235 1649 2271 iam

236 2321 408 2356 magna
448 2320 504 2343 ex
542 2313 678 2355 parte
711 2305 856 2342 addes
887 2317 1045 2353 pugna
1076 2306 1236 2342 iuerat
1287 2304 1461 2352 (Alsch.‚
1492 2316 1650 2352 pugna

237 2380 397 2415 vierat
430 2378 639 2414 Gronova.
672 2390 747 2412 una
775 2376 936 2424 syllaba,
970 2382 1008 2412 ut
1034 2389 1133 2424 saepe
1163 2375 1201 2411 in
1231 2376 1304 2411 hoc
1333 2375 1475 2419 codiee,
1496 2374 1651 2419 omissa,

239 2463 353 2498 quani
386 2448 577 2486 Gronovii
617 2460 776 2483 acumen
808 2447 969 2482 retraxit
1007 2447 1077 2487 (ad
1114 2447 1258 2494 pedes
1303 2457 1460 2494 pugna
1490 2445 1653 2480 iverat-

240 2527 304 2557 aut
333 2520 580 2565 veneram:
623 2519 689 2554 sed
737 2517 774 2553 in
823 2518 907 2566 ipso
953 2517 1083 2553 codice
1132 2517 1253 2552 altera
1290 2527 1426 2552 manus
1462 2514 1651 2550 infelicem

240 2590 497 2626 coniecturam
524 2595 655 2624 secuta
687 2587 830 2624 effecit:
874 2600 1056 2635 anceps
1100 2599 1257 2635 pugna
1304 2586 1475 2621 iverat.
1552 2584 1652 2620 IIinc

239 2660 275 2696 in
306 2660 441 2696 ceteris
484 2660 616 2705 (etiam
650 2658 768 2697 MC).
820 2657 949 2693 addita
981 2657 1175 2693 sententiae
1205 2667 1323 2692 causa
1353 2655 1473 2691 altera
1505 2654 1654 2691 coniec-
