1811 2925
265 122 342 154 Lib.
361 121 477 153 XLII.
943 124 988 158 51
1000 122 1022 159 8

266 251 468 282 orarent
497 251 733 289 senatum,
764 251 813 280 ut
842 243 987 279 trium
1018 243 1186 279 harum
1216 256 1372 279 rerum
1403 257 1539 281 unam
1571 246 1626 281 ab
1644 257 1694 282 se

266 313 525 364 impetrari
571 314 811 359 sinerent,
857 320 907 350 ut
948 313 1117 349 velex
1162 326 1294 361 aequo
1336 315 1461 363 apud
1507 315 1692 352 socium

266 385 523 435 populum,
575 384 697 432 quid
739 384 974 431 cuiusque
1012 391 1169 430 esset,
1214 385 1573 433 disceptarent,
1617 385 1695 421 vel

266 455 611 505 permitterent
652 454 1188 503 Carthaginiensibus,
1220 461 1268 491 ut
1298 455 1540 492 adversus
1565 456 1695 492 iniu-

266 534 341 563 sta
371 539 503 562 arma
535 525 617 574 pio
649 525 890 573 iustoque
931 538 980 562 se
1012 531 1297 561 tutarentur
1328 526 1476 572 bello,
1525 527 1602 562 vel
1634 527 1693 562 ad

267 603 536 633 extremum
577 625 614 634 ..
672 595 821 631 semel
852 602 1151 641 statuerent,
1200 596 1318 644 quid
1364 596 1595 633 donatum
1637 610 1692 633 ex

266 667 427 704 alieno
462 665 769 703 Massinissae
799 665 999 705 vellent.
1066 665 1265 703 Orationis
1296 667 1423 703 forma
1454 666 1693 715 apertissime

264 738 460 787 postulat,
495 743 536 774 ut
570 737 654 773 haeo
687 742 871 784 quattuor
911 737 1032 773 verba
1059 737 1301 783 sinerent,
1337 737 1696 785 disceptarent⁷

265 809 636 857 permitterent,
687 812 966 844 statuerent
997 808 1047 844 ad
1077 808 1179 844 idem
1218 807 1433 844 subiectum
1463 807 1697 854 referantur,

266 881 477 917 Romanos.
541 878 689 914 Verum
724 877 894 914 Romani
924 878 1049 926 apud
1083 878 1227 915 socium
1261 878 1443 927 populum
1477 879 1693 927 disceptare

253 964 341 987 -non
371 957 571 999 poterant3
614 948 653 984 id
693 948 793 984 enim
836 961 970 985 eorum
1001 955 1076 993 est,
1117 949 1181 997 qui
1223 962 1379 985 causam
1416 961 1526 985 suam
1561 957 1695 998 agunt,

263 1021 408 1070 populo
440 1020 545 1056 socio
576 1019 782 1057 iudicante.
849 1020 896 1056 In
928 1020 1059 1057 codiee
1091 1026 1164 1055 est:
1203 1027 1252 1056 ut
1297 1019 1373 1055 uel
1403 1033 1458 1056 ex
1489 1033 1609 1068 equo
1648 1021 1693 1057 in

265 1092 451 1128 socium
481 1090 824 1140 populumque,
857 1090 969 1137 quid
1003 1089 1245 1138 cuiusque
1276 1098 1417 1133 esset,
1449 1091 1695 1140 discepta-

263 1169 383 1199 rent.
471 1161 725 1198 Scribendum
768 1160 885 1208 igitur
930 1166 987 1196 est
1039 1160 1103 1209 (de
1133 1161 1355 1207 Romanis):
1418 1168 1468 1197 ut
1516 1162 1593 1197 vel
1634 1175 1693 1198 ex

265 1246 397 1281 aequo
428 1230 570 1281 in[ter
596 1229 777 1280 regem]
814 1231 999 1267 socium
1030 1231 1376 1280 populumque,
1409 1245 1445 1280 q.
1478 1245 1571 1277 c.e.,
1602 1233 1695 1268 dis-

263 1308 533 1351 ceptarent.
659 1302 785 1338 Paulo
834 1308 924 1337 ante
974 1301 1009 1349 (ξ
1048 1303 1068 1338 3
1116 1308 1153 1337 et
1197 1305 1242 1345 4)
1289 1302 1344 1338 sio
1386 1302 1695 1351 interpungenda

265 1372 389 1408 oratio
422 1379 496 1408 est:
557 1371 995 1421 Carthaginienses
1040 1372 1239 1408 foedere
1270 1373 1493 1421 illigatos
1523 1373 1691 1419 silere;

268 1443 523 1492 prohiberi
546 1442 667 1479 enim
701 1448 842 1478 extra
864 1442 988 1478 fines
1013 1438 1200 1479 efferre
1232 1456 1382 1487 arma3
1402 1456 1690 1492 quamquam

264 1513 428 1550 sciant
460 1513 504 1550 in
544 1513 644 1549 suis
674 1512 887 1559 finibus,
920 1513 959 1549 si
1002 1513 1111 1549 inde
1142 1514 1378 1550 Numidas
1423 1514 1694 1563 pellerent,

263 1597 313 1620 se
343 1591 575 1632 gesturos
618 1583 821 1628 bellum3
869 1584 1074 1630 (correctio
1120 1586 1200 1620 haee
1232 1595 1314 1629 est,
1371 1591 1486 1632 caput
1516 1585 1609 1621 illud
1644 1586 1694 1622 de

263 1655 381 1691 armis
412 1661 524 1691 extra
563 1656 657 1691 fines
702 1668 778 1690 non
823 1654 1027 1691 efferendis
1074 1656 1123 1691 ab
1175 1656 1247 1691 hac
1288 1668 1329 1691 re
1356 1667 1577 1699 removeus3
1622 1656 1692 1692 sed

263 1725 367 1762 aliud
398 1726 580 1772 restare:)
621 1726 706 1761 illo
740 1726 868 1761 haud
900 1726 1132 1774 ambiguo
1165 1726 1327 1774 capite
1358 1725 1574 1762 foederis
1605 1727 1688 1763 de-

264 1796 454 1839 terreri,
486 1809 576 1844 quo
606 1797 792 1833 diserte
827 1804 1054 1833 vetentur
1097 1804 1166 1834 cet.
1232 1798 1417 1833 Fortasse
1448 1797 1561 1833 etiam
1593 1798 1691 1834 scri-

262 1866 429 1902 bendum
460 1867 584 1903 haud
616 1867 865 1915 ambigue3
904 1880 993 1903 nam
1034 1874 1151 1917 caput
1194 1868 1319 1916 ipsum
1358 1879 1434 1903 non
1465 1868 1687 1917 ambiguum

263 1948 358 1981 esse,
392 1936 610 1974 declaratur
640 1938 833 1974 vocabulo
865 1938 1062 1974 diserte.
1159 1939 1347 1974 Extremo
1378 1939 1504 1986 capite
1536 1940 1570 1985 (ξ
1597 1941 1618 1975 9
1652 1948 1689 1976 et

270 2009 330 2048 10)
365 2006 490 2043 editur
520 2009 592 2045 sie:
626 2010 799 2045 'sut-am
832 2009 1124 2045 servitutem
1158 2021 1205 2044 se
1238 2009 1346 2054 (cod.
1379 2009 1686 2046 iuventutem

263 2077 326 2121 ei)
360 2078 444 2113 sub
481 2079 697 2115 dominis
740 2080 973 2117 Romanis
1006 2092 1142 2127 quam
1175 2079 1461 2115 libertatem
1498 2081 1691 2129 exposi-

262 2155 351 2184 tam
400 2149 456 2184 ad
504 2149 714 2186 iniurias
749 2150 1063 2187 Massinissae
1103 2149 1260 2187 malle.
1340 2150 1511 2186 Perire
1556 2164 1685 2187 nam-

263 2231 350 2265 que
381 2220 526 2255 semel
556 2220 679 2269 ipsis
726 2221 883 2257 satius
927 2234 1031 2256 esse
1081 2232 1217 2267 quam
1258 2219 1346 2255 sub
1377 2222 1686 2258 acerbissimi

260 2286 363 2334 (cod.
411 2290 747 2336 acerbissimo)
794 2291 1051 2327 carnificis
1098 2289 1306 2326 arbitrio
1338 2290 1564 2338 spiritum
1596 2291 1687 2327 du·—

260 2370 377 2394 eere.
462 2358 600 2396 Causae
650 2361 880 2410 significatio
927 2361 1161 2409 (namque)
1206 2373 1343 2408 parum
1390 2369 1482 2410 apta
1521 2362 1687 2408 videtur,

259 2429 443 2478 quonium
475 2443 550 2466 11011
581 2431 681 2467 idem
713 2439 770 2468 est·
800 2432 961 2480 perire
992 2432 1138 2467 semel
1167 2439 1202 2466 et
1234 2431 1277 2466 in
1310 2437 1413 2467 tuta
1443 2431 1688 2468 servitute

258 2500 400 2537 vivere.
477 2500 611 2537 Codex
643 2502 778 2538 habet:
810 2501 974 2551 perire
1000 2515 1151 2549 neque
1194 2502 1340 2537 semel
1384 2502 1490 2549 ipse
1526 2502 1682 2539 satius

257 2571 363 2619 ipse
395 2584 502 2608 esse
534 2584 670 2620 quam
704 2578 776 2610 cet.
842 2573 1009 2608 Videtur
1039 2572 1128 2607 olim
1155 2572 1339 2620 scriptum
1356 2571 1491 2608 fuisse:
1511 2573 1685 2610 Perire

256 2654 450 2690 quoque
481 2642 629 2678 semel
660 2642 780 2691 ipsis
812 2642 977 2678 satius
1009 2655 1113 2678 esse
1147 2655 1282 2689 quam
1315 2650 1385 2678 cet.
