1811 2925
787 139 858 174 119
1329 134 1404 165 Lib.
1443 133 1485 164 V.

113 275 168 299 ea
207 276 244 312 p.
281 263 379 303 Etr,
412 262 716 299 invisitatam
747 267 955 310 gentem3
1007 272 1054 295 ex
1086 271 1161 307 quo
1192 257 1437 307 perspicuum
1467 263 1535 301 est,

114 334 323 370 desiderari
352 334 606 379 infinitivum,
658 334 722 381 qui
764 339 829 368 aut
857 331 1041 367 exciderit
1078 337 1142 366 aut
1174 330 1211 365 in
1243 328 1447 364 maxime
1479 327 1534 363 la-

113 410 205 453 teat,
237 404 307 440 etsi
337 405 419 441 fieri
449 412 587 454 potest,
615 411 656 441 ut
686 403 863 440 mendum
895 415 971 438 non
1005 414 1081 438 uno
1113 401 1178 437 illo
1203 400 1323 436 verbo
1342 398 1535 434 continea-

114 481 186 510 tur.
276 475 342 511 Ad
387 476 613 512 sententiam
662 484 794 524 aptum
837 473 901 510 sit:
959 473 1216 509 Imminere
1263 469 1538 518 [Imminere

114 546 271 594 quum]
304 546 509 582 maxime
539 547 583 582 in
617 560 714 582 eam
749 551 936 594 partem
968 543 1175 580 Etruriae
1205 546 1392 591 gentem
1421 539 1537 575 iuvi-

113 617 330 662 sitatam3
379 618 433 653 ita
466 617 618 654 Livium
650 617 867 665 scripsisse,
912 614 1070 651 multum
1104 615 1232 658 abest,
1264 617 1303 648 ut
1335 610 1536 655 affirmem,

116 700 161 724 ac
191 688 319 736 potius
349 688 587 736 probabilius
619 687 763 736 aliquid
793 686 960 735 requiro.

227 753 329 808 Cap.
370 760 429 804 18,
463 762 507 803 4,
538 759 575 795 in
607 758 781 795 oratione
812 759 857 794 P.
890 755 1027 793 Licinii
1059 753 1170 790 Calvi
1200 752 1435 789 tribunatum
1468 753 1537 788 mi-

114 829 223 866 litum
255 830 516 878 deprecantis,
562 830 651 866 olim
683 829 886 865 edebatur:
919 826 967 863 Si
1004 824 1220 872 collegas
1252 825 1440 860 eosdem
1472 838 1538 861 re·
1567 819 1569 821 ¹

115 900 286 945 finitis,
317 901 459 937 etiam
492 912 576 936 usu
608 900 839 936 meliores
871 898 1043 939 factos,
1074 908 1142 931 me
1174 895 1265 931 iam
1303 908 1393 931 non
1425 908 1539 932 eun-

115 971 217 1007 dem
249 993 299 997 ——
331 971 526 1008 videtis.
602 970 698 1008 Cod.
732 970 773 1006 M
805 969 867 1005 sit
899 967 1137 1015 collegas,
1182 967 1214 1002 P
1253 967 1366 1002 siet
1397 966 1539 1002 eolle-

115 1054 199 1091 gas
270 1042 347 1089 (111
394 1048 436 1078 et
476 1042 516 1078 si
568 1041 811 1090 collegas,
858 1041 911 1076 Ll
950 1039 1018 1075 sic
1060 1037 1322 1086 collegas),
1373 1050 1421 1073 ex
1464 1049 1539 1084 quo

115 1113 452 1149 WVeissenbornius
480 1112 588 1148 fecit:
637 1112 727 1149 Sed
776 1112 815 1147 si
857 1110 1104 1158 collegas.
1154 1115 1302 1145 retenta
1351 1107 1542 1157 particula

116 1184 382 1229 condicionali,
415 1196 499 1231 quae
530 1183 756 1219 sententiam
790 1181 1027 1232 pessumdat,
1059 1180 1169 1228 quasi
1196 1179 1342 1216 dubitet
1360 1178 1541 1223 Licinius,

116 1255 239 1291 sintne
271 1254 427 1303 collegae
457 1255 591 1298 iidem,
632 1255 695 1302 qui
726 1254 888 1299 fuerint,
919 1259 956 1289 et
986 1252 1098 1300 quasi
1129 1252 1202 1288 hoc
1233 1250 1440 1299 quicquam
1471 1261 1541 1284 va-

115 1326 194 1362 leat
222 1326 272 1362 ad
301 1326 422 1374 ipsius
453 1326 553 1362 vires
584 1332 620 1361 et
650 1325 837 1374 vigorem.
875 1325 1015 1372 Neque
1047 1323 1146 1359 enim
1177 1322 1216 1358 si
1247 1321 1350 1370 apud
1379 1320 1541 1357 Latinos

118 1410 287 1446 unquam
325 1397 362 1433 in
400 1397 688 1445 comparatione
739 1397 792 1433 ita
840 1395 1018 1444 ponitur,
1080 1393 1406 1442 quemadmodum
1438 1392 1538 1429 Ger-

118 1469 269 1506 manice
323 1469 447 1504 dieas:
510 1468 638 1503 Wenn
681 1469 740 1504 ihr
782 1468 875 1504 aber
914 1479 962 1501 an
1015 1465 1165 1501 meinen
1215 1463 1400 1512 Collegen
1444 1475 1542 1512 ganz

118 1540 312 1577 dieselben
343 1540 508 1575 Manner
547 1539 604 1575 als
635 1538 770 1575 fri‘iher
804 1538 941 1582 findet,
988 1549 1030 1573 so
1074 1537 1138 1573 bin
1170 1536 1232 1572 ich
1267 1536 1440 1584 dagegen
1471 1543 1541 1572 etc.

118 1611 370 1649 Scribendum
409 1617 511 1654 erat,
561 1610 804 1658 apertissime
840 1609 944 1645 viam
977 1607 1281 1644 monstrantibus
1320 1608 1416 1643 MP:
1467 1607 1545 1648 Set

117 1682 335 1731 collegas
367 1681 558 1718 eosdem
588 1680 803 1717 reficitis
825 1701 876 1706 -—
899 1692 965 1724 —3
998 1692 1064 1715 me
1094 1679 1185 1714 iani
1216 1691 1307 1714 non
1346 1678 1543 1714 eundem

119 1776 169 1780 —
202 1749 447 1793 videtis.1)

231 1822 327 1872 Cap.
361 1824 434 1867 21,
469 1825 490 1860 9
522 1836 592 1872 pro
625 1836 682 1868 ee,
714 1823 817 1871 quod
850 1822 888 1858 in
921 1822 1117 1858 codicibus
1148 1820 1259 1857 bonis
1291 1820 1542 1856 deteriorum-

120 1908 194 1944 que
237 1894 351 1943 longe
397 1893 571 1942 plurimis
616 1900 651 1929 et
682 1893 912 1930 editionibus
952 1899 1026 1928 est:
1072 1904 1171 1940 quae
1212 1890 1396 1927 similia
1441 1890 1545 1926 veri

120 1967 237 2010 sint,
270 1965 514 2002 scribendum
548 1971 641 2013 puto
681 1977 765 2002 cum
796 1965 918 2001 tribus
949 1963 1052 2012 apud
1082 1961 1448 1999 Drakenborchium
1479 1974 1543 1997 co·

123 2036 270 2073 dic-ibus
301 2036 441 2072 nullius
471 2049 540 2085 per
572 2048 611 2072 se
643 2035 732 2072 fidei
763 2034 895 2082 (Voss.
928 2035 971 2079 2,
1004 2035 1099 2070 Lov.
1133 2035 1167 2078 3,
1204 2032 1413 2076 Gaertn.):
1447 2045 1545 2080 quae

122 2107 307 2144 similia
336 2107 467 2143 veris
498 2108 607 2152 sint,
639 2105 963 2155 quemadmodum
997 2104 1176 2142 scribitur
1206 2103 1287 2147 VI,
1317 2105 1382 2148 20,
1418 2106 1439 2140 4
1473 2103 1544 2150 (si-

123 2179 258 2216 milia
288 2178 417 2214 veris
451 2184 615 2223 erant),
646 2177 711 2214 ubi
742 2176 846 2212 nulla
860 2182 917 2211 est
947 2182 1106 2224 propter
1135 2174 1345 2210 subiectam
1378 2174 1545 2210 litteram

125 2263 142 2290 s
175 2249 385 2293 dubitati03
415 2262 504 2285 nam
535 2248 704 2292 XXVI,
737 2250 807 2292 49,
841 2249 862 2283 6
895 2259 941 2283 ea
971 2245 1143 2281 subiecta
1174 2244 1309 2281 minuit.
1335 2245 1545 2281 auctorita-

128 2327 203 2357 tem
236 2321 343 2365 (Pur.
375 2320 624 2356 simillima
659 2317 852 2355 ueneris
892 2321 1034 2358 sunt).
1111 2316 1271 2352 Inverso
1303 2315 1457 2359 ordine,
1505 2322 1545 2350 ut

151 2497 183 2541 ¹)
220 2500 331 2530 Paulo
358 2504 434 2530 ante
461 2498 515 2538 §2
545 2497 658 2533 miror,
691 2497 745 2536 qui
773 2495 919 2525 dubitari
933 2494 1090 2535 potuerit,
1119 2494 1199 2534 quin
1220 2493 1403 2524 rectissime
1414 2492 1547 2522 Husch-

221 2563 297 2594 kius
323 2560 507 2592 eorrexerit
532 2558 692 2589 mendum
721 2562 831 2589 ortum
857 2566 900 2587 ex
925 2556 1155 2596 geminatione
1174 2554 1361 2586 litterarum
1378 2554 1547 2593 (renun-

222 2619 770 2660 tiarenturiurevocatis),
806 2618 978 2649 restituto:
1005 2617 1401 2651 renuntiarentur,
1428 2624 1547 2646 revo-

224 2686 335 2717 catis
363 2683 578 2716 tribubus.
