1811 2925
261 175 335 207 Lib.
354 174 502 206 XXVII.
908 175 985 211 320

236 299 396 341 urbes,
437 297 482 333 in
523 308 668 344 agros
709 308 821 333 suos
864 296 1095 332 reductos
1136 309 1279 333 arare
1309 302 1396 334 cett.
1461 297 1552 333 Non
1585 309 1657 346 op-

237 369 328 405 time
358 380 428 404 nec
471 367 521 403 ad
564 367 665 404 Livii
711 366 1025 405 consuetudinem
1076 366 1252 403 dicuntur
1294 367 1376 403 illa:
1422 367 1653 403 neminem

238 438 472 483 Siculum,
504 437 583 485 qui
620 466 657 477 0.
683 436 914 481 afuerint,
945 449 1016 485 pro
1048 449 1106 482 e0,
1139 438 1242 485 quod
1274 445 1347 475 est:
1379 437 1653 476 Siculorum

237 522 410 554 eorum,
443 508 526 556 qui
557 514 627 546 cet..
704 507 781 545 Sed
828 506 1026 542 molestius
1066 513 1134 552 est,
1180 508 1283 555 quod
1312 508 1539 557 interposita
1570 508 1654 545 illa:

237 580 315 627 qui
345 579 505 627 fugati
545 609 553 617 .
573 608 582 617 .
621 578 838 615 afuerint
870 583 920 623 et,
954 577 1175 625 aequalitate
1198 579 1458 615 membrorum
1488 579 1587 615 inter
1613 591 1653 615 se

236 650 442 687 relatorum
475 649 651 694 sublata,
699 648 900 684 artificium
946 647 1179 684 rhetoricum
1229 655 1404 685 evertunt
1445 656 1482 686 et
1528 650 1651 698 ipsam

236 721 558 770 magnificentiam
579 718 832 770 professionis
862 718 1088 767 infringunt,
1119 730 1258 767 genere
1288 725 1326 755 et
1353 732 1512 756 numero
1542 727 1653 757 caute

234 791 536 840 circumscripto.
605 789 760 837 Quanto
793 789 1032 838 elegantiora
1074 789 1204 826 onmia
1246 794 1367 834 erunt,
1408 791 1584 827 retractis
1615 791 1652 827 in

236 874 344 897 suam
388 861 518 897 sedem
562 860 712 896 duabus
756 859 937 905 vocibus,
988 873 1072 908 quae
1109 860 1281 909 ‘primum
1324 859 1487 905 omissae,
1518 860 1652 897 deinde

236 944 357 980 pravo
388 931 473 967 loco
503 931 653 967 insertae
695 935 800 965 sunt:
850 931 1083 967 neminem
1119 930 1577 979 Carthaginiensem
1606 932 1652 967 in

237 1002 411 1039 Sicilia
442 1014 562 1046 esse3
593 1000 831 1037 neminem
863 1000 1075 1038 Siculum
1107 1014 1197 1037 non
1231 1013 1355 1046 esse;
1387 1002 1466 1050 qui
1495 1001 1652 1051 fugati

238 1079 368 1109 metu
400 1071 508 1108 inde
540 1071 776 1114 afuerint,
821 1083 986 1108 omnes
1017 1071 1060 1108 in
1093 1072 1257 1117 urbes,
1287 1071 1332 1107 in
1364 1084 1509 1120 agros
1541 1084 1655 1108 suos

236 1143 463 1179 reductos
510 1155 653 1178 arare
702 1147 772 1178 cet.
843 1142 929 1178 Iam
963 1142 1180 1191 aptissime,
1217 1143 1415 1191 praemissa
1451 1142 1652 1191 splendida

236 1213 301 1250 illa
329 1212 568 1262 professione
600 1217 732 1255 (nem.
764 1212 855 1251 Sic.
885 1225 977 1248 non
1009 1216 1149 1257 esse),
1192 1224 1252 1249 res
1293 1212 1460 1260 pressius
1492 1213 1652 1261 exponi-

237 1293 307 1321 tur.
372 1283 547 1320 Accedat
587 1283 704 1331 igitur
742 1283 816 1319 hoc
862 1282 912 1318 ad
941 1282 1007 1319 illa
1039 1282 1258 1318 huiusmodi
1288 1282 1552 1318 traiectionurn
1585 1295 1651 1318 ex-

236 1354 374 1403 empla,
404 1366 487 1402 quae
519 1354 567 1390 ad
599 1354 750 1398 XXII,
800 1356 860 1398 10,
893 1355 913 1390 3
948 1353 1261 1390 commemoravi.
1330 1353 1549 1389 Turbatum
1581 1351 1649 1387 ali-

237 1425 330 1473 quid
359 1425 420 1461 hic
456 1425 494 1461 in
525 1424 655 1460 codice
696 1424 906 1472 archetypo
937 1423 1066 1470 fuisse,
1107 1423 1361 1471 suspicionem
1406 1422 1520 1458 etiam
1558 1422 1650 1458 illud

237 1495 364 1532 facere
393 1501 537 1543 posset,
568 1493 672 1542 quod
706 1493 744 1530 in
775 1495 809 1530 P
839 1494 897 1530 bis
931 1494 1075 1542 scripta
1108 1498 1197 1528 sunt
1230 1498 1267 1528 et
1294 1492 1378 1528 illa:
1417 1492 1649 1528 neminem

236 1565 696 1613 Carthaginiensem
745 1564 816 1612 (in)
859 1564 1036 1602 Sicilia
1064 1575 1172 1599 esse
1203 1568 1241 1599 et
1279 1563 1387 1599 haec:
1416 1576 1579 1600 omnes
1608 1563 1653 1600 in

236 1636 376 1672 urbes
409 1635 530 1684 (prius
561 1635 607 1671 in
639 1634 792 1684 urbe),
837 1635 910 1671 nisi
955 1635 993 1671 id
1038 1634 1164 1670 mendi
1209 1646 1329 1682 genus
1374 1634 1427 1670 ibi
1474 1630 1652 1682 frequens

237 1712 346 1743 esset.
442 1706 625 1753 Sequitur
646 1708 684 1751 (ξ
704 1708 766 1749 6);
798 1705 923 1742 Exin
952 1704 1159 1740 Muttine
1191 1710 1233 1740 et
1264 1704 1302 1740 si
1333 1716 1535 1752 quorum
1567 1703 1653 1740 ali-

237 1790 368 1813 orum
397 1776 571 1813 merita
601 1788 715 1824 erga
745 1788 851 1824 pop.
874 1777 1137 1812 Romanum
1170 1781 1325 1819 erant,
1356 1775 1402 1810 in
1432 1780 1650 1810 senatum

234 1846 563 1890 introductis,
621 1846 831 1881 honores
901 1846 1121 1882 omnibus
1187 1846 1243 1881 ad
1303 1844 1650 1882 exsolvendam

236 1918 376 1955 fidem
411 1930 434 1953 a
463 1915 665 1953 consule
695 1914 866 1953 habiti.
937 1916 1158 1959 Enarrant,
1200 1915 1344 1951 fidem
1387 1927 1410 1950 a
1453 1913 1651 1950 consule

236 1989 369 2025 eodem
403 1988 517 2024 modo
558 1985 644 2030 dici,
678 1998 754 2033 quo
803 1985 979 2021 bellum
1012 2000 1035 2021 a
1065 1985 1280 2030 Volscis,
1325 1996 1480 2034 poena
1510 1996 1533 2019 a
1564 1984 1652 2020 Ro-

237 2058 407 2102 manis,
448 2063 602 2093 metus
645 2056 700 2091 ab
744 2055 883 2091 hoste
927 2061 964 2090 et
1007 2055 1145 2091 similia
1177 2055 1362 2093 dicantur.
1421 2053 1652 2090 Incredibile

235 2135 304 2174 est,
335 2141 411 2164 non
447 2126 714 2171 animadverti,
744 2126 801 2162 ita
832 2125 906 2162 dici
936 2125 983 2160 de
1014 2125 1141 2168 rebus,
1185 2138 1268 2173 quae
1303 2126 1351 2161 ab
1383 2124 1512 2172 aliqua
1542 2129 1651 2172 parte

235 2198 390 2235 veniant
419 2203 486 2233 aut
514 2197 781 2245 impendeant,
821 2196 1009 2243 (metum
1059 2195 1211 2243 quidem
1253 2196 1301 2232 ab
1343 2195 1471 2243 aliquo
1503 2194 1570 2239 ita,
1611 2200 1651 2230 ut

237 2269 325 2305 mali
355 2269 443 2304 inde
476 2268 626 2304 venturi
656 2268 762 2304 notio
794 2267 928 2311 subsit,
959 2279 1007 2302 ex
1038 2278 1114 2314 quo
1144 2265 1303 2302 dicimus
1336 2265 1448 2301 etiam
1481 2277 1651 2301 cavere

236 2340 290 2375 ab
322 2339 486 2386 aliquo
518 2344 554 2374 et
600 2338 725 2386 ipsum
769 2343 981 2373 metuere
1012 2336 1068 2372 ab
1100 2335 1268 2383 aliquo
1310 2335 1442 2372 Livius
1476 2334 1650 2371 absolute

234 2409 362 2457 posuit
395 2409 558 2447 XXIII,
591 2410 654 2451 36,
698 2407 762 2443 alii
804 2406 1015 2443 insidias
1058 2406 1114 2442 ab
1157 2405 1325 2453 aliquo
1367 2410 1578 2441 metuere
1615 2412 1652 2440 ct-

235 2476 416 2528 similia),
465 2491 534 2514 nec
577 2490 692 2527 posse
742 2478 843 2513 hunc
885 2488 994 2512 usum
1034 2476 1250 2524 promiscue
1288 2475 1337 2511 ad
1375 2474 1451 2511 alia
1490 2474 1650 2513 traduci,

235 2555 275 2585 ut
303 2548 426 2585 fides
468 2561 491 2584 a
521 2547 720 2584 consule
764 2560 835 2596 pro
884 2546 1050 2582 consulis
1089 2545 1164 2581 fide
1200 2544 1370 2590 dicatur,
1414 2557 1499 2581 cum
1542 2550 1650 2580 tanta

233 2619 442 2669 praesertim
466 2617 730 2666 ambiguitate,
751 2622 793 2652 ut
814 2616 1026 2652 honores
1047 2615 1102 2651 ad
1125 2615 1476 2652 exsolvendam
1506 2614 1649 2651 fidem

235 2703 257 2725 a
290 2688 486 2725 consule
516 2687 679 2723 habiti
718 2698 795 2722 non
840 2685 1118 2733 intelligantur,
1165 2685 1267 2733 quod
1298 2684 1483 2721 sermonis
1513 2690 1649 2721 natura
