1811 2925
737 506 1019 568 INDEX

172 630 337 662 RERUM
364 631 424 661 ET
451 629 731 663 VERBORUM,
767 630 831 661 DE
864 629 1039 668 QUIBUS
1072 629 1121 660 IN
1156 628 1587 662 EMENDATIONIBUS

596 699 808 731 LIVIANIS
844 699 1164 731 DISPUTATUR.

172 847 247 906 Ab
286 872 347 902 ira
386 872 610 903 vulnerum
655 875 736 911 1703
781 872 834 903 ab

218 920 363 960 equite
381 920 430 949 ad
449 920 748 950 centurionem
771 922 832 957 983

217 966 266 996 ab
286 965 435 1006 Sipylo
455 966 665 1005 (Magnetes)
678 970 742 997 431
760 971 831 1000 not.

170 1013 434 1044 Abalienare
468 1016 545 1043 254.

170 1060 353 1091 Ablativus
381 1064 412 1089 et
439 1059 652 1090 accusativus
679 1059 719 1089 de
747 1063 830 1089 tem-

216 1116 295 1147 pore
322 1109 384 1143 983
411 1106 476 1136 abl.
498 1106 589 1136 solus
615 1110 647 1135 et
672 1105 833 1136 adiuncto

218 1163 305 1183 euni
343 1156 424 1189 115,
455 1155 517 1183 176
545 1157 614 1183 not,
676 1152 831 1183 Ablativi

217 1200 364 1230 absoluti
406 1200 481 1230 aliis
517 1199 676 1230 ablativis
722 1199 830 1230 absol.

218 1247 365 1276 adiuncti
398 1250 482 1277 331:
517 1247 586 1277 sine
621 1252 713 1276 certo
751 1246 830 1276 sub-

215 1294 301 1323 iecto
328 1297 404 1323 341.
452 1293 570 1323 Ablat.
589 1303 710 1332 pravus
739 1293 828 1333 apud

216 1346 313 1370 ante
336 1343 446 1376 (ante
473 1340 595 1370 annis
622 1339 733 1378 octo)
751 1342 828 1370 474.

169 1386 396 1417 Absistere
442 1396 509 1417 non
552 1387 592 1416 de
626 1386 831 1417 discedendo

218 1435 297 1464 337.

172 1481 247 1512 Ae,
287 1484 415 1519 atque
450 1478 515 1511 vid⁴

217 1526 328 1567 copul.

172 1572 461 1604 Accommodandi
480 1572 522 1602 ad
542 1573 699 1612 proxima
714 1573 746 1603 in
774 1584 831 1604 co-

215 1620 346 1650 dicibus
378 1629 471 1649 error
504 1619 551 1659 (in
586 1619 739 1657 casibus⁷
774 1630 831 1659 ge-

215 1667 361 1697 neribus.
390 1666 536 1696 numeris
555 1667 741 1703 nominum,
769 1677 830 1697 nu-

214 1713 313 1744 meris
328 1713 470 1753 aliisque
488 1711 606 1743 formis
633 1714 829 1751 verborum)

219 1764 258 1790 10
284 1769 331 1799 sq.
360 1763 414 1796 40,
436 1763 490 1792 45.
508 1762 561 1797 83,
581 1762 634 1797 94,
655 1762 732 1791 207.
749 1764 828 1797 228,

217 1812 292 1837 cett.

172 1853 393 1884 Accusativus
429 1857 461 1882 et
486 1853 712 1884 nominativus
747 1863 829 1883 neu-

216 1906 345 1931 trorum
360 1897 519 1929 confusus
537 1902 597 1937 62;
617 1909 687 1930 aee.
706 1910 828 1940 pravus

215 1947 305 1988 apud
347 1950 444 1985 post
489 1949 574 1983 5133
622 1956 692 1977 aec.
739 1947 829 1987 apud

217 1992 464 2033 comparativos
530 1993 639 2032 (aliq
651 2003 671 2022 u
680 1999 828 2024 autum

214 2038 363 2077 maior)
392 2039 514 2070 dubius
540 2041 616 2071 470.

169 2087 231 2118 Ad
264 2092 447 2126 tempus,
486 2086 535 2115 ad
576 2087 617 2116 id
659 2092 829 2127 tempus

217 2137 299 2168 302:
327 2133 375 2163 ad
415 2132 614 2163 Siciliam
657 2137 742 2171 3:223
779 2134 829 2164 ad

217 2180 382 2210 animos
409 2180 514 2219 (apud
540 2184 606 2215 an.)
634 2183 714 2211 378.

169 2227 357 2265 Adaeque
385 2235 452 2255 non
478 2226 657 2257 Livianum
688 2231 765 2259 104.

172 2274 414 2304 Additamento.
455 2272 488 2302 in
528 2274 700 2304 codicibus
742 2274 827 2304 Livii

214 2320 330 2360 primae
366 2319 504 2349 decadis
546 2323 585 2349 14
621 2330 670 2360 sq.
712 2320 829 2361 (supra

217 2366 341 2407 scripta
363 2368 401 2395 16
424 2364 526 2405 sqq),
552 2367 586 2396 in
617 2367 722 2397 tertiae
749 2370 827 2399 208.

217 2415 301 2446 267,
335 2415 421 2444 350,
457 2413 489 2442 in
517 2418 644 2452 quartae
671 2417 755 2451 401.
794 2414 827 2443 in

216 2459 473 2489 Vindobonensi
502 2460 626 2498 quintae
654 2464 732 2490 492.

173 2505 426 2542 Admodum3
468 2506 573 2537 sutis
600 2507 827 2537 admodum

216 2551 356 2592 improb.
389 2555 469 2584 398.

172 2599 416 2629 Adnotationes
443 2599 644 2637 marginales
674 2599 708 2628 in
736 2599 827 2629 eodi-

216 2645 308 2676 cibus
346 2645 432 2675 Livii
466 2645 580 2685 primae
613 2645 749 2675 decadis
784 2648 824 2675 21

217 2702 282 2732 sq,
322 2696 364 2723 30
399 2700 467 2730 sq..
511 2691 545 2721 in
576 2692 724 2723 Vindob.
761 2695 825 2722 528

563 1478 831 1511 Coniunctiones

975 873 1053 913 (cfr.
1081 873 1210 913 Add.);
1248 874 1371 905 iniuria
1402 874 1487 906 fictae
1520 877 1586 906 398

972 931 1017 953 n..
1044 923 1109 951 469
1137 930 1168 950 n.

925 967 1146 998 Adsuetus
1185 977 1213 997 c.
1247 968 1393 1007 genitivo
1414 968 1587 1009 improba-

973 1019 1043 1044 tum
1074 1017 1157 1052 104;
1183 1023 1250 1044 res
1276 1015 1413 1045 alicui
1439 1015 1586 1045 adsue-

971 1066 1012 1091 ta
1038 1061 1106 1091 ibd.

924 1107 969 1137 AE
981 1117 1001 1137 n
1011 1118 1027 1138 e
1038 1117 1064 1137 {e
1082 1118 1102 1148 p
1114 1118 1133 1138 o
1145 1118 1160 1138 r
1169 1113 1180 1138 t
1190 1118 1211 1138 u
1222 1118 1236 1138 s
1254 1108 1295 1138 ad
1307 1112 1454 1138 montem
1466 1107 1586 1138 Athon

969 1154 1081 1185 nullus
1110 1158 1186 1185 610.

924 1201 1068 1240 Agere
1087 1201 1241 1232 nbsolute.
1264 1203 1344 1238 107;
1372 1210 1500 1240 agere
1518 1211 1583 1242 po-

972 1253 1191 1279 testatem.
1232 1248 1402 1283 bellum,
1428 1248 1585 1287 proeli-

970 1304 1032 1324 um
1057 1305 1161 1335 prava
1192 1297 1251 1325 107
1276 1305 1320 1331 n.⁷
1352 1297 1429 1324 236.

928 1341 1273 1373 Alabandensis.
1301 1351 1369 1371 non
1398 1340 1584 1371 Alaban-

973 1388 1105 1418 (lcnus
1134 1391 1213 1421 605.

926 1434 1050 1465 Alius
1076 1433 1256 1474 (reliquus)
1286 1436 1344 1471 66;
1378 1433 1490 1464 alius
1528 1439 1584 1464 at-

973 1491 1051 1521 que
1076 1482 1189 1512 alius
1217 1484 1295 1513 562.

923 1528 1047 1568 Alpis
1075 1528 1196 1567 singul.
1215 1538 1306 1558 num.
1321 1527 1489 1566 poeticum
1509 1530 1583 1559 122.

928 1574 1174 1611 Alsfflefskius,
1206 1575 1291 1606 Livii
1316 1574 1432 1610 editor,
1463 1576 1537 1604 135.

923 1621 1223 1652 Altitudinem
1267 1620 1454 1660 aliquam
1496 1630 1583 1651 cre-

971 1678 1092 1699 scere
1118 1669 1259 1709 improb.
1287 1671 1364 1698 341.

922 1715 986 1745 An
1013 1720 1089 1755 post
1119 1720 1163 1745 at
1185 1714 1364 1745 hercule
1392 1717 1469 1744 449.

926 1762 1142 1792 Anaeolutha
1166 1761 1254 1793 falso
1271 1761 1349 1791 ficta
1368 1764 1398 1798 6.
1427 1763 1480 1797 62,
1501 1762 1580 1791 277.

922 1808 1066 1840 Animi
1089 1809 1177 1848 (non
1204 1807 1582 1847 animis)pendere

972 1858 1033 1886 152
1063 1855 1278 1896 (stupe1·c⁴?
1310 1855 1412 1893 34l);
1447 1853 1580 1884 animi

968 1903 1069 1932 vani
1106 1902 1146 1932 dc
1179 1912 1247 1932 uno
1279 1901 1414 1931 homine
1439 1910 1581 1941 pravum

969 1952 1053 1987 2443
1104 1949 1272 1979 animos
1318 1947 1460 1978 facere
1513 1949 1580 1978 370

967 1998 1052 2031 (nou
1078 1995 1258 2026 efficere
1274 1999 1327 2030 84,
1352 2004 1420 2025 non
1438 1994 1580 2024 animo

967 2051 1060 2072 esse
1087 2044 1179 2079 344).

920 2088 1037 2119 Ante
1064 2089 1190 2119 annis
1216 2093 1312 2118 octo
1338 2088 1479 2128 improb.
1499 2090 1578 2118 359.

920 2135 1049 2166 Ante·
1073 2136 1171 2176 (non
1197 2134 1326 2173 ante-)
1354 2144 1473 2174 quam
1503 2144 1579 2164 eum

966 2182 1180 2222 plusquamp.
1225 2182 1394 2212 eoniunct.
1432 2181 1580 2221 improb.

968 2232 1045 2258 359.

924 2274 1191 2315 Appellandi
1225 2274 1327 2304 verba
1360 2283 1436 2304 eum
1470 2273 1581 2303 brevi-

965 2327 1032 2351 tate
1059 2321 1173 2360 aliqua
1199 2321 1311 2361 posita
1333 2323 1409 2351 367.

922 2368 1158 2403 Arbitrari,
1186 2367 1219 2397 in
1241 2367 1437 2397 testimonio
1466 2367 1580 2397 dicen-

965 2415 1018 2451 do,
1051 2417 1128 2444 314.

919 2460 1159 2500 Argentum
1187 2471 1247 2501 pro
1271 2459 1454 2500 pecunia
1480 2462 1559 2491 329.

923 2508 1153 2537 Armatura
1186 2508 1272 2537 haec
1304 2505 1353 2535 vel
1399 2506 1479 2536 illa
1521 2506 1579 2544 (de

967 2554 1085 2594 copiis)
1102 2554 1279 2594 improbat.
1299 2555 1382 2586 542ς
1406 2552 1581 2593 pluraliter

965 2610 1032 2630 non
1058 2600 1194 2638 dieitur;
1222 2603 1298 2630 226.

922 2647 1098 2686 Asyndeta
1123 2656 1226 2687 prava
1253 2648 1317 2676 273
1337 2655 1367 2675 n⁴

919 2693 1062 2724 Athon
1089 2692 1302 2723 accusativus
1330 2695 1407 2722 611.
