1811 2925
180 127 254 159 Lib.
273 127 366 159 XLI.
853 130 901 164 50
912 131 930 163 4

179 264 350 297 semus⁷
381 263 673 299 manereque
710 251 756 287 id
788 251 1031 288 decretum
1061 251 1276 297 scilieet,
1318 264 1373 288 ne
1404 253 1597 289 nuntios

180 323 547 360 admitteremus
577 334 756 371 regum,
787 336 870 372 per
902 335 1022 372 quos
1053 322 1337 371 aliquorum
1377 336 1433 360 ex
1461 324 1597 361 nobis

180 393 328 431 animi
360 393 789 439 sollicitarentur,
825 394 860 431 ii
890 393 1255 431 contionantem
1287 395 1598 443 quodammo-

180 466 236 501 do
268 465 527 502 absentem
559 464 781 501 audimus
813 477 977 514 regem
1009 471 1063 505 et,
1094 465 1134 501 si
1164 465 1240 502 dis
1270 466 1452 516 placet,
1490 479 1598 503 ora-

179 535 360 572 tionem
390 536 664 584 probamus,
739 535 785 572 In
817 535 949 572 codiee
980 535 1124 572 nullum
1160 542 1217 573 est
1247 537 1375 574 mendi
1403 537 1597 576 indicium.

180 605 374 655 Corrupta
414 613 543 643 tamen
578 619 660 643 esse
700 606 784 643 illa:
815 619 1107 655 manereque
1136 607 1186 644 id
1215 608 1458 645 decretum
1490 608 1599 645 multi

179 684 268 726 post
299 677 501 726 Sigonium
533 684 599 714 aut
630 690 764 714 omnes
794 677 1082 724 intellexerunt;
1112 680 1180 716 sed
1213 692 1297 728 quae
1328 679 1376 715 ad
1394 680 1598 716 emendan-

180 749 268 785 dum
300 749 427 785 locum
459 749 741 798 excogitarunt,
773 764 796 786 a
825 756 930 786 recto
962 751 1162 796 aberrant3
1193 764 1282 787 nam
1313 751 1399 799 ipsa
1420 751 1600 787 manendi

179 820 287 857 notio
320 820 446 857 aliena
476 827 551 865 est;
597 821 688 870 quid
730 821 829 857 enim
862 833 959 870 opus
995 828 1052 858 est
1082 822 1174 867 dici‚
1221 822 1285 870 qui
1315 822 1509 859 decretum
1539 822 1600 859 fa-

180 892 272 933 eiat,
303 904 389 928 eum
420 892 459 929 id
489 905 647 929 manere
677 892 799 930 velle?
849 899 916 929 aut
966 893 1056 941 quid
1103 894 1151 930 ad
1188 895 1289 931 hane
1320 895 1600 932 contrariorum

179 963 403 999 relationem
437 963 527 1000 addi
556 970 659 1002 reete
685 970 830 1014 potest:
865 964 944 1012 qui
983 995 1019 1002 ..
1058 964 1509 1011 interdixissemus,
1528 996 1537 1005 .
1557 997 1564 1003 .
1584 997 1593 1004 .

176 1034 209 1070 ii
247 1065 255 1072 .
275 1064 285 1073 .
325 1035 574 1072 audimus?
646 1037 780 1073 Verba
819 1035 885 1072 illa.
916 1036 1133 1073 necessario
1165 1048 1250 1072 eum
1282 1036 1479 1074 seilicet
1509 1050 1601 1074 eon-

177 1106 372 1155 iungenda
402 1114 489 1143 sunt
520 1114 555 1144 et
596 1109 646 1145 ad
676 1107 818 1145 decreti
863 1107 1062 1144 eonsilium
1095 1107 1368 1143 declarandum
1398 1109 1598 1157 pertinent.

180 1177 429 1215 Scribendum
476 1179 593 1227 igitur
636 1179 805 1215 videtur:
854 1183 1083 1219 caventes
1130 1192 1214 1231 per
1254 1178 1304 1214 id
1355 1179 1599 1216 decret-um

179 1249 387 1293 scilieet„
418 1263 472 1286 ne
503 1258 573 1287 cet.
690 1251 838 1288 Eodem
873 1251 997 1299 eapite
1029 1254 1046 1294 ξ
1084 1252 1124 1286 ll
1176 1250 1213 1286 in
1251 1250 1386 1286 eadem
1427 1250 1600 1286 oratione

177 1320 257 1356 haee
288 1321 507 1357 scribuntur
537 1322 573 1358 in
610 1323 759 1358 codiee:
803 1322 891 1357 Sed
926 1322 1042 1370 quia
1077 1321 1314 1370 (Philippus)
1354 1321 1399 1357 in
1426 1322 1601 1358 Roma-

179 1404 262 1427 nos
294 1391 390 1427 odii
422 1405 617 1441 regnum
652 1399 890 1442 posuerat
919 1393 1185 1441 praeminuit
1224 1393 1476 1429 Demetrio
1507 1391 1600 1442 (ser.

178 1474 263 1498 eum
296 1463 380 1498 edd.
415 1464 738 1509 Demetrium)
787 1464 920 1500 nullo
953 1464 1054 1500 alio
1099 1463 1299 1500 crimine
1344 1476 1479 1512 quam
1510 1465 1602 1501 Ro-

179 1546 326 1570 manae
367 1535 594 1572 amicitiae
626 1536 757 1572 initae
789 1536 989 1572 occidit.
1020 1536 1221 1573 Persea.
1254 1547 1390 1583 quem
1420 1535 1603 1584 populo

178 1605 392 1641 Romano
440 1607 569 1655 (plene
600 1608 692 1651 hoe,
740 1620 842 1654 uon⁷
894 1614 933 1643 ut
964 1607 1212 1656 plerumque-¹
1263 1614 1355 1642 nota
1399 1606 1600 1654 scribitur)

178 1676 311 1724 prius
357 1690 497 1726 paeuae
542 1691 679 1726 quam
720 1679 854 1727 regni
892 1679 1124 1715 heredem
1155 1677 1367 1714 futurum
1400 1679 1599 1717 sciebat.

179 1761 336 1796 regem
369 1748 511 1785 feeit.
556 1750 787 1798 retinuitque
829 1751 927 1786 hanc
976 1749 1218 1798 scripturam,
1268 1762 1409 1798 paenae
1451 1756 1598 1786 tantum

179 1832 264 1856 eum
295 1820 527 1857 editionibus
569 1822 604 1857 iu
637 1834 806 1870 poena?
841 1829 1001 1858 mutato.
1032 1821 1390 1858 Weissenbornius.
1421 1822 1600 1870 populo

179 1892 394 1928 Romano
446 1905 629 1929 enarrans
681 1889 831 1928 ”iudice
871 1892 1015 1940 populo
1052 1888 1278 1937 Romano'’‚
1331 1893 1433 1940 quod
1474 1892 1599 1941 ipsum

180 1963 344 2010 primum
380 1964 574 2012 quomodo
606 1964 775 2001 dicatur.
821 1975 978 2011 prorsus
1009 1964 1158 2008 uesciog
1199 1968 1340 2011 (neque
1375 1971 1502 2000 tamen
1534 1976 1599 1999 ne-

181 2034 271 2071 scio.
299 2047 414 2083 posse
446 2035 617 2070 dativum
649 2035 763 2070 etiam
796 2034 899 2082 apud
920 2034 1091 2074 Latinos.
1123 2035 1192 2071 etsi
1224 2048 1325 2079 raro,
1344 2042 1447 2072 certo
1469 2035 1598 2083 aliquo

181 2106 296 2141 modo
329 2105 382 2141 sie
412 2106 526 2154 poni.
561 2115 601 2141 ut
632 2106 680 2141 ad
713 2106 816 2142 illam
849 2106 1165 2154 significationem
1198 2107 1380 2143 accedere
1409 2106 1599 2148 videatur,

181 2177 246 2213 sed
278 2177 314 2213 in
346 2177 459 2226 louge
491 2176 565 2212 alia
598 2177 783 2213 orationis
829 2177 993 2217 forman
1034 2178 1169 2214 deiude
1212 2178 1243 2213 si
1284 2177 1442 2214 scirem.
1481 2177 1599 2213 nihilo

181 2247 304 2294 magis
337 2247 608 2295 intelligerem.
661 2248 750 2296 quid
781 2249 854 2285 hoe
885 2257 1006 2291 esset,
1053 2248 1274 2297 Philippum
1305 2248 1435 2292 scisse,
1481 2247 1597 2284 filium

181 2330 291 2354 suum
321 2319 465 2367 populo
498 2320 674 2355 Romano
705 2320 828 2357 iudice
859 2333 992 2369 poenae
1025 2320 1202 2356 heredem
1226 2319 1321 2356 fore.
1382 2318 1477 2366 Quae
1499 2318 1597 2355 enim

182 2389 242 2425 hie
273 2403 400 2438 poena
430 2390 689 2438 significatur,
736 2404 851 2439 quam
894 2392 1095 2441 Philippus
1137 2389 1350 2440 speraverit
1381 2390 1600 2439 optaritque

181 2460 284 2497 filio?
349 2460 424 2497 Sed
456 2461 559 2510 piget
591 2468 770 2498 conatum
805 2476 853 2499 ex
883 2462 1074 2511 frequenti
1105 2461 1294 2498 scribendi
1312 2461 1405 2498 vitio
1439 2460 1599 2509 (paeute

183 2544 253 2580 pro
295 2536 442 2580 paene)
494 2538 618 2568 ortum
664 2533 838 2581 pluribus
868 2534 1055 2571 refellere.
1129 2532 1395 2581 KreyssigiuS.
1445 2532 1598 2568 Mureto

184 2610 389 2651 praeeunte,
420 2604 605 2639 hostem
640 2604 805 2648 addidit,
837 2605 890 2642 sic
922 2605 1110 2641 scribens:
1144 2616 1278 2651 quem
1311 2605 1494 2640 hostem
1523 2616 1598 2652 po-

180 2674 294 2723 pulo
328 2676 543 2711 Romano
575 2675 709 2722 prius
755 2688 885 2724 paene
935 2687 1071 2723 quam
1104 2674 1241 2723 regni
1272 2674 1493 2710 heredem
1525 2674 1598 2710 fu·
