1811 2925
329 142 405 174 Lib.
421 141 558 172 XXIII.
963 141 1041 178 268

407 264 536 313 *Cap.
573 267 635 309 210,
671 265 692 300 9
726 264 789 310 (de
819 263 868 301 T.
901 262 1049 298 Manlio
1079 262 1118 298 in
1149 262 1328 300 Sardinia
1359 269 1494 301 contra
1529 265 1707 302 Hasdru-

296 337 422 373 balem
466 335 607 372 bellum
648 332 841 384 gerente):
881 332 1043 369 Primo
1086 339 1250 370 castra
1292 335 1473 371 castris
1513 337 1709 374 modico

294 406 566 443 intervallo
612 411 723 441 sunt
767 404 978 449 obiecta,
1030 404 1258 453 deinceps
1298 407 1710 453 procursationes

296 477 425 514 levia
462 476 730 513 certamina
774 474 912 511 vario
955 481 1127 511 eventu
1168 474 1308 519 init-a3
1348 482 1594 523 postremo
1638 478 1710 514 de-

295 560 519 585 scensum
560 546 606 582 in
649 546 808 582 aciem.
868 545 932 583 Sic
965 545 1115 582 codices
1162 544 1291 594 (PCM
1321 545 1453 592 Cant.⁷
1495 546 1601 596 cet.);
1643 549 1711 585 sed

295 631 420 666 neque
452 617 683 665 deinceps
712 617 751 652 in
773 616 1060 652 enumeratione
1081 615 1179 652 inter
1208 616 1361 664 primo
1393 623 1430 653 et
1462 624 1709 666 postremo

293 689 462 739 positum
494 687 571 724 ulla
603 687 752 724 ratione
783 686 911 723 ullove
942 686 1119 734 exemplo
1151 685 1392 732 defenditur,
1434 682 1558 737 neq‘ue
1596 702 1710 739 asyn-

294 761 410 797 deton
470 757 918 807 (procursationes,
979 758 1259 801 certamina,
1321 758 1452 795 addito
1497 761 1708 808 praesertim

296 831 406 868 alteri
435 829 580 866 nomini
611 828 822 872 adiectivo)
854 828 946 865 ferri
978 834 1117 877 potest,
1148 841 1273 876 neque
1302 830 1709 877 procursationes

293 903 541 946 ineuntur,
584 900 650 936 sed
691 899 914 944 certamina,
959 912 1121 947 quorum
1151 899 1225 936 illae
1251 900 1493 937 occasionem
1523 902 1707 949 praebent.

294 971 525 1009 Necessario
556 971 673 1019 igitur
702 970 963 1006 scribendum:
1017 971 1127 1010 dein
1175 983 1258 1023 per
1299 972 1709 1018 procursationes

293 1042 425 1079 levia
455 1041 725 1078 certamina
765 1071 772 1078 .
794 1070 828 1080 ..
849 1072 856 1078 .
895 1037 1072 1090 inita.¹)

406 1112 503 1160 Cap.
539 1115 601 1156 41,
639 1114 705 1148 11:
739 1111 925 1160 Appius
957 1110 1189 1148 Claudius
1220 1112 1491 1148 Messanam
1531 1113 1708 1161 raptim

294 1184 511 1220 exercitu
541 1183 683 1219 ducto
715 1188 931 1230 aestuque
963 1195 1046 1218 suo
1079 1183 1265 1219 Locros
1296 1183 1508 1219 traiecit.
1568 1183 1631 1221 Sic
1670 1184 1709 1219 in

292 1255 489 1291 codicibus
520 1253 710 1292 scribitur.
772 1254 911 1301 Neque
948 1253 1041 1288 illud
1087 1253 1268 1301 raptim
1312 1254 1532 1290 exercitu
1563 1254 1707 1291 ducto

293 1326 357 1373 (de
397 1325 530 1361 itinere
572 1324 740 1360 terrestri
798 1331 885 1360 ante
936 1322 1153 1371 traiectum)
1197 1323 1415 1371 copulative
1459 1336 1543 1360 cum
1590 1331 1708 1362 aestu

292 1410 375 1433 suo
418 1397 501 1444 (qui
542 1395 590 1431 ad
621 1395 829 1443 navigandi
864 1394 1177 1431 commoditatem
1217 1394 1398 1442 pertinet)
1430 1395 1609 1444 coniungi
1638 1409 1708 1445 po-

292 1474 367 1504 test
395 1480 520 1515 neque
550 1467 588 1503 in
607 1465 817 1514 navigandi
846 1465 1120 1501 commoditate
1151 1465 1402 1513 significanda
1433 1472 1574 1502 aestus
1604 1467 1708 1503 solus

295 1537 601 1582 commemorari,
632 1537 775 1572 omisso
806 1542 934 1572 vento.
1012 1535 1151 1582 Itaque
1188 1536 1261 1572 hoc
1291 1536 1376 1572 loco
1418 1542 1459 1572 ut
1489 1536 1580 1573 alibi
1611 1549 1711 1586 saepe

294 1622 385 1658 que
414 1609 596 1645 indicium
628 1606 721 1643 facit
750 1607 856 1642 vocis
889 1606 1052 1651 omissae,
1082 1606 1365 1654 scripseratque
1396 1607 1549 1643 Livius:
1593 1608 1712 1644 Mes-

293 1693 456 1718 sanam
487 1677 662 1727 raptim
695 1677 912 1713 exercitu
946 1677 1103 1720 ducto,
1148 1674 1328 1725 [vento]
1376 1684 1590 1726 aestuque
1625 1691 1710 1715 suo

295 1752 480 1788 Locros
507 1748 717 1792 traiecit„
777 1747 907 1785 Causa
938 1747 1076 1783 erroris
1107 1746 1178 1782 suit
1209 1747 1358 1795 syllaba
1388 1754 1436 1785 to
1478 1749 1553 1785 duo
1584 1749 1712 1785 vicina

293 1822 414 1858 verba
444 1819 636 1856 claudens.
712 1817 901 1866 (AEstus
943 1829 1151 1854 summus
1196 1818 1320 1853 nullus
1352 1825 1429 1863 est3
1478 1825 1535 1855 est
1573 1819 1711 1867 aliquis

293 1892 536 1936 vehemens)

407 1960 533 2009 *Cap
571 1961 646 2005 427
684 1961 728 1996 13
771 1959 827 2004 (in
859 1959 1032 1995 oratione
1066 1958 1294 1996 Samnitium
1327 1960 1376 1995 ab
1410 1960 1631 1996 Hannibale
1663 1960 1712 1996 ad

297 2033 441 2070 Nolam
459 2030 604 2067 sedenti
622 2030 804 2066 auxilium
830 2036 963 2066 contra
978 2029 1227 2078 populatores
1244 2029 1441 2066 Romanos
1458 2031 1708 2079 pet-entiu1n):

295 2102 610 2140 Numidarum
666 2112 926 2149 paucorum
983 2100 1060 2135 illi
1105 2099 1294 2147 quidem
1342 2101 1503 2148 praeda
1554 2106 1711 2146 erunt,

297 2172 676 2221 praesidiumque
698 2170 838 2206 misul
865 2170 1003 2207 nobis
1027 2177 1070 2206 et
1090 2169 1225 2207 Nolae
1247 2170 1606 2207 ademdemeris.
1648 2171 1712 2209 Sic

297 2244 349 2287 P3
404 2254 540 2278 manus
582 2242 703 2278 altera
753 2254 870 2290 supra
914 2242 925 2280 Ι
973 2241 1025 2287 (in
1081 2240 1242 2289 misul)
1281 2254 1314 2280 m
1350 2242 1501 2290 scripsit
1531 2247 1567 2277 et
1609 2242 1713 2278 litte-

392 2424 578 2455 tironum
606 2434 759 2464 magna
784 2434 834 2454 ex
859 2430 983 2466 parte
1010 2430 1051 2454 et
1079 2433 1313 2457 servorum.
1364 2422 1487 2454 Omissi
1521 2434 1541 2454 a
1571 2423 1712 2454 librario

391 2491 429 2516 et
455 2489 531 2526 post
560 2497 575 2518 e
602 2486 758 2527 exempla
783 2491 862 2517 ante
887 2486 1001 2527 posui3
1028 2495 1055 2516 c.
1076 2487 1131 2523 46,
1160 2488 1177 2515 6
1203 2484 1269 2515 iam
1288 2484 1586 2516 Weissenbornius
1608 2484 1713 2525 scrip-

392 2548 450 2578 sit:
477 2547 599 2577 mixti
625 2547 816 2578 Numidae
843 2554 884 2579 et
909 2549 1102 2589 Hispani.

324 2605 355 2649 ¹)
391 2609 531 2651 Recepit
555 2608 611 2640 W.
