1811 2925
828 129 905 164 357
1315 126 1391 159 Lib.
1419 128 1538 159 XXX.

268 248 366 298 Cap.
401 251 463 294 36,
498 249 519 285 8
556 248 743 285 eiusmodi
777 249 955 286 mendum
987 250 1275 298 coarguendum
1310 257 1385 296 est,
1425 252 1462 287 in
1496 265 1586 300 quo,

155 320 226 356 etsi
256 319 578 356 manifestissimis
609 319 758 356 indiciis
789 320 1041 365 convincitur,
1084 326 1214 357 tamen
1246 322 1387 358 multos
1420 322 1585 360 difficul-

154 397 214 427 ter
244 391 356 427 fidem
389 390 618 439 praebituros
648 391 896 439 praevideam,
940 392 1043 439 quod
1076 404 1233 440 prorsus
1267 392 1503 441 singularem
1536 394 1586 430 ad

153 461 355 498 veritatem
384 461 613 497 imitandam
637 462 802 510 speciem
833 474 944 498 casus
968 460 1104 499 effecit..
1156 463 1260 499 Nam
1300 463 1354 499 sic
1385 464 1585 500 scribitur:

154 532 272 568 Inde
319 531 385 580 (ab
429 530 567 581 Utica)
607 532 988 581 procedentibus
1028 533 1084 569 ad
1115 534 1346 570 Tunetem
1395 534 1587 584 (Scipioni

155 609 190 638 et
226 603 406 646 vctavio)
438 604 638 639 nuntius
672 604 852 640 allatus
885 610 977 649 est,
1008 604 1307 643 Verminam.
1343 605 1585 655 Syphacis

155 673 339 710 filiurn.
371 686 470 710 cum
504 674 759 722 equitibus
788 674 1015 723 pluribus
1048 688 1184 724 quam
1223 675 1481 724 peditibus
1512 690 1585 713 ve-

154 744 272 781 nire.
334 745 459 781 Pars
491 745 740 781 exercitus
772 757 871 780 cum
903 745 1029 781 omni
1064 746 1286 794 equitatu
1313 747 1586 785 Saturnali-

154 815 240 851 bus
271 815 439 864 primis
482 828 645 864 agmen
678 815 912 864 adgressa
944 817 1258 853 Numidarum
1305 817 1403 854 levi
1434 825 1585 856 certa-

154 887 281 922 mine
308 886 443 925 fudit.
519 887 668 923 Exitu
707 899 893 935 quoquc
940 887 1062 936 fugae
1096 888 1393 934 intercluso,
1437 896 1584 937 parte

155 958 280 994 omni
331 957 649 994 circumdatis
696 958 968 1005 equitibus,
1025 958 1116 994 XV
1159 958 1290 994 milia
1343 960 1583 996 hominum

155 1040 294 1073 caesa,
326 1034 396 1064 cet.
443 1028 659 1064 Permirum
683 1040 728 1064 ac
753 1029 881 1077 potius
896 1028 1119 1065 incredibile
1142 1028 1292 1072 accidit„
1325 1029 1492 1074 Livium,
1520 1029 1585 1077 qui

155 1111 291 1146 neque,
323 1111 399 1146 quo
432 1098 493 1134 die
525 1099 573 1134 ad
597 1099 870 1135 Trasimenum
903 1104 969 1135 aut¹
1001 1099 1050 1135 ad
1068 1098 1224 1136 Cannas
1241 1104 1455 1148 pugnatum
1474 1104 1585 1144 esset,

154 1169 398 1205 indicandum
431 1169 575 1217 putarit
608 1169 669 1215 (ne
699 1169 849 1218 proelia
885 1170 933 1205 ad
954 1169 1132 1206 Ticinum
1165 1176 1230 1206 aut
1255 1169 1441 1206 Trebiam
1480 1182 1584 1206 com-

155 1241 394 1286 memorem).v
426 1252 563 1287 neque,
595 1251 672 1287 quo
704 1240 766 1276 die
797 1240 835 1276 in
866 1240 939 1276 hac
969 1240 1055 1288 ipsa
1072 1239 1212 1277 Africa
1243 1241 1292 1276 ad
1322 1241 1484 1277 Zamam
1518 1241 1586 1277 de-

153 1310 350 1355 bellatum,
383 1310 541 1347 scivisse
573 1316 609 1346 et
640 1310 904 1347 adnotandum
934 1310 1178 1352 iudicavisse,
1210 1324 1287 1359 quo
1310 1312 1370 1348 die
1390 1312 1428 1347 in
1450 1312 1585 1348 itinere

154 1387 189 1416 et
222 1381 370 1430 proelio
401 1380 560 1418 fortuito
592 1382 801 1426 Vermina,
845 1395 929 1430 quae
975 1382 1144 1418 accessio
1179 1382 1269 1418 belli
1303 1382 1375 1419 fuit
1420 1384 1468 1427 (c,
1504 1385 1584 1429 40).,

154 1452 278 1488 victus
311 1458 422 1497 esset,
455 1464 571 1500 quum
602 1452 815 1501 praesertim
848 1453 969 1501 patris
1004 1452 1192 1501 Syphacis
1235 1465 1311 1488 non
1358 1453 1469 1497 victi,
1517 1453 1585 1489 sed

155 1523 258 1571 capti
290 1523 390 1559 diem
421 1536 499 1559 non
520 1523 758 1568 indicaverit,
792 1524 898 1559 cuius
923 1523 1153 1560 memoriam
1176 1523 1413 1572 superfuisse
1444 1523 1585 1559 scimus

155 1590 225 1640 (ex
257 1591 387 1629 Ovidii
419 1593 526 1630 Fast.
561 1594 632 1638 VI,
667 1595 779 1639 769).
846 1595 978 1642 Auget
1016 1606 1093 1629 non
1124 1593 1258 1629 leviter
1289 1593 1586 1630 admirationem

156 1663 210 1698 rei
241 1663 279 1699 in
311 1664 449 1700 Africa
489 1669 606 1711 gestae
636 1663 784 1700 notatio
817 1676 865 1700 ex
896 1664 957 1700 die
988 1663 1087 1700 festo
1128 1664 1289 1700 urbano.
1359 1664 1436 1701 Sed
1481 1665 1585 1712 quod

156 1740 273 1781 caput
303 1740 372 1778 est,
406 1747 482 1769 non
512 1734 637 1782 potuit
669 1740 733 1770 aut
766 1734 900 1770 Livius
943 1740 1009 1770 aut
1052 1734 1255 1782 quisquam
1299 1747 1403 1771 sanae
1449 1735 1587 1772 mentis

155 1804 320 1852 scriptor
352 1804 425 1839 diei
467 1805 704 1841 notationem
750 1817 795 1840 eo
840 1804 940 1847 loco„
987 1816 1063 1852 quo
1094 1804 1224 1852 posita
1253 1811 1423 1853 putatur,
1469 1806 1586 1842 inter-

153 1873 269 1910 iicere
309 1874 347 1910 in
378 1874 506 1910 media
550 1887 688 1923 pugnae
736 1875 993 1923 descriptione
1038 1874 1137 1910 inter
1181 1875 1401 1923 copiarum,
1448 1877 1586 1923 quibus

154 1952 367 1992 pugnat-um
400 1950 480 1987 est,
527 1944 825 1992 appellationem
867 1944 996 1993 (pars
1036 1944 1286 1980 exercitus
1325 1958 1424 1982 cum
1459 1947 1586 1982 omni

156 2015 392 2063 equitatu)
425 2021 461 2050 et
485 2014 731 2063 participium
755 2027 838 2051 cum
872 2027 917 2051 ea
935 2015 1192 2059 coniunctum,
1226 2016 1337 2063 quasi
1372 2016 1586 2052 notandum

154 2084 282 2131 suerit,
313 2099 390 2122 non
420 2097 496 2134 quo
531 2085 592 2120 die
622 2090 705 2121 tota
736 2098 798 2121 res
829 2092 931 2130 acta,
974 2085 1042 2121 sed
1074 2097 1150 2131 quo
1183 2084 1243 2120 die
1272 2097 1364 2133 pars
1396 2085 1586 2122 exercitus

156 2168 295 2204 agmen
326 2156 584 2193 Numidarum
617 2167 802 2204 aggressa
835 2162 947 2195 esset,
1026 2156 1108 2191 Aut
1139 2160 1227 2190 ante
1265 2160 1417 2202 tempus
1448 2160 1586 2191 notan-

156 2226 247 2262 dum
279 2233 361 2262 erat
407 2226 553 2276 (Inde
585 2225 758 2273 primis
800 2225 1156 2263 Saturnalibus
1198 2225 1586 2273 procedentibus

155 2297 246 2343 cet.)
278 2302 345 2332 aut
385 2302 523 2345 postea
560 2307 735 2331 seorsum
776 2296 856 2332 eius
886 2296 1029 2332 mentio
1069 2296 1260 2332 addenda.
1331 2296 1472 2344 Itaque
1508 2295 1586 2333 Sa-

155 2366 377 2402 turnalia
407 2366 472 2402 illa
502 2366 656 2414 prima
687 2365 932 2402 manifestum
972 2371 1030 2401 est
1061 2372 1148 2401 orta
1179 2377 1262 2402 esse
1293 2371 1330 2401 et
1371 2365 1587 2414 composita

158 2448 206 2472 ex
237 2436 370 2473 fractis
405 2436 576 2484 reliquiis
608 2436 771 2472 aliorum
802 2437 1009 2472 verborum
1054 2435 1399 2483 (quemadmodum
1430 2435 1517 2472 illas
1547 2436 1587 2472 in

156 2505 255 2542 libro
286 2507 429 2552 XXII,
468 2509 526 2551 16,
576 2509 596 2542 4
639 2505 853 2543 fortunae
896 2502 1085 2554 minas).
1165 2505 1268 2553 Quid
1299 2506 1434 2542 Livius
1466 2506 1587 2554 scrip-

155 2576 261 2621 serit,
292 2576 509 2613 subindicat
537 2577 629 2613 illud
660 2588 771 2625 pars
805 2589 860 2613 ex
873 2576 1071 2621 ercitus;
1113 2589 1235 2624 prope
1279 2576 1378 2612 enim
1410 2588 1587 2612 necessa-

157 2646 216 2682 rio
248 2647 541 2695 significandum
573 2652 667 2691 erat,
700 2647 791 2694 quid
822 2647 992 2695 reliquus
1016 2646 1208 2682 exercitus
1230 2645 1397 2684 fecisset.
1458 2645 1589 2694 Scrip—
