1811 2925
823 129 894 164 591
1379 126 1569 160 Lib.XLV.

152 249 508 298 indignantium
553 262 640 297 pro
678 261 725 285 se
758 249 1026 285 acerrimus
1059 256 1160 285 erat
1193 248 1411 296 elamor.)
1472 249 1571 287 Sub-

152 321 276 358 iicitur
294 322 329 365 (ξ,
351 322 435 365 10);
470 319 560 357 Sed
593 319 861 368 aliquoties
893 319 1055 355 dicere
1085 319 1398 368 incipientem
1432 332 1569 368 quum

152 391 363 428 lacrimae
389 391 758 439 praepedissent„
793 390 903 438 quia
935 390 1039 439 ipse
1073 390 1235 426 dicere
1266 390 1572 438 nequiit,Eu-

153 462 304 498 andro
337 461 558 498 Cretensi
590 460 752 503 editis,
785 473 884 507 quae
915 460 991 509 agi
1017 473 1116 497 cum
1138 460 1449 497 multitudine
1479 461 1571 498 vel-

151 534 228 578 let,
258 533 311 568 de
347 531 524 580 templo
557 531 824 569 descendit.
885 531 924 568 Si
964 529 1107 568 offendi
1150 539 1187 568 te
1217 532 1323 569 dieas
1362 532 1434 567 liae
1464 544 1572 580 repe-

150 603 302 640 titione:
334 603 493 638 dicere
523 601 846 650 incipientem
1017 602 1128 650 quia
1170 602 1332 639 dicere
1374 602 1573 650 nequiit,

151 675 223 711 erit
252 674 441 718 fortasse,
489 671 552 720 qui
587 671 800 720 elegantem
846 685 929 709 eam
973 685 1056 709 esse
1087 673 1235 712 doceat.
1324 673 1401 711 Sed
1446 679 1573 709 tamen

150 757 261 781 usum
293 757 339 780 ea
372 743 523 780 Livium
555 754 630 778 non
663 755 767 788 esse,
799 744 924 780 codex
959 744 1148 789 ostendit,
1188 744 1226 780 in
1271 755 1347 792 quo
1378 743 1574 780 scribitur:

152 815 262 864 quia
306 815 415 863 ipse
451 812 576 849 scire
614 813 817 861 nequid,
851 814 925 850 lioe
961 820 1035 850 est:
1093 815 1205 862 qnia
1248 815 1351 863 ipse
1381 815 1574 855 hiscere

152 885 353 934 nequiit.
412 885 550 931 Neque
589 883 686 919 enim
726 885 764 920 in
806 897 851 921 eo
886 886 1006 921 verbo
1039 886 1143 934 apud
1175 885 1335 921 Latinos
1369 885 1574 933 quiequam

152 963 209 992 est
233 956 353 992 iocosi
385 961 451 991 aut
483 953 594 989 nimis
624 954 787 999 humile,
831 955 897 990 sed
928 968 1086 1003 prorsus
1119 956 1327 1005 respondet
1361 956 1417 1001 ei,
1472 957 1575 1005 quod

154 1026 386 1064 Germanice
433 1025 556 1061 dicas:
601 1025 687 1060 weil
731 1038 772 1061 er
801 1025 890 1061 kein
922 1025 1037 1060 WVort
1086 1025 1440 1074 hervorzubringen
1489 1039 1575 1062 ver-

151 1096 321 1143 mochte3
354 1094 439 1144 (cfr.
471 1093 678 1140 XXXIX,
715 1096 794 1144 12).
858 1096 967 1132 Idem
998 1096 1158 1132 verbum
1192 1108 1215 1131 a
1244 1096 1403 1133 librario
1425 1096 1575 1133 oblitte-

151 1172 277 1202 ratum
308 1165 527 1202 videbimus
558 1165 689 1211 XLV,
713 1168 778 1213 37,
816 1168 876 1203 13.
995 1167 1200 1203 Postremo
1234 1170 1251 1211 ξ
1289 1170 1349 1212 13,
1384 1167 1449 1204 ubi
1483 1167 1576 1203 scri-

150 1236 269 1273 bitur:
300 1237 518 1273 Thraees
679 1237 846 1273 domos
877 1237 1059 1286 dilapsi
1104 1243 1151 1273 et
1194 1237 1299 1274 aliae
1345 1237 1576 1274 militaris

151 1307 345 1356 generis
386 1307 562 1352 turbae,
608 1319 719 1343 usum
750 1307 933 1355 loquendi
973 1315 1009 1344 et
1038 1321 1119 1345 rem
1152 1311 1220 1356 (—--
1251 1321 1329 1345 una
1364 1308 1462 1345 enim
1494 1314 1578 1346 erat

151 1376 313 1413 confusa
343 1377 474 1423 turba,
509 1377 670 1426 dispersi
702 1378 893 1415 exercitus
923 1379 1106 1428 reliquiae,
1141 1383 1208 1427 ——)
1243 1378 1440 1429 postulare
1468 1384 1576 1428 puto,

154 1455 195 1483 ut
230 1448 438 1484 scribatur:
470 1455 512 1484 et
544 1448 644 1484 alia
674 1448 907 1485 militaris
938 1451 1135 1498 generis
1166 1451 1322 1488 turba.
1387 1450 1450 1486 Ex
1479 1457 1577 1486 tur·

154 1518 212 1554 ba
243 1517 503 1555 Cretenses
535 1525 660 1555 ortum
693 1519 831 1568 opinor
861 1521 1022 1557 turbae.
1075 1522 1183 1559 Alibi
1216 1521 1404 1558 turbam
1436 1533 1578 1557 nava-

153 1588 255 1633 lem,
286 1589 546 1626 militarem
580 1590 714 1626 Livius
746 1587 891 1638 dicit.¹)

738 1887 841 1934 Lib.
878 1886 1030 1934 XLV.

268 2010 364 2061 Cap.
401 2015 445 2058 1,
491 2015 531 2049 6:
563 2013 623 2049 Et
653 2013 802 2050 aliter
832 2013 1002 2049 editur
1032 2013 1273 2050 circensis
1304 2016 1457 2053 t-urbae
1487 2030 1577 2054 non

157 2081 312 2118 minus
342 2083 524 2120 similis
555 2084 660 2120 veri
689 2083 881 2121 laetitia.
942 2083 1035 2120 Non
1065 2091 1168 2120 recte
1199 2084 1482 2135 coniunguntur
1509 2089 1577 2125 ad-

156 2151 328 2188 verbium
363 2158 400 2189 et
429 2153 679 2190 adiectivum:
726 2153 875 2190 aliter
921 2183 961 2194 ..
1000 2167 1091 2190 non
1126 2155 1282 2191 minus
1312 2158 1415 2194 veri
1444 2159 1577 2196 Simi-

155 2222 236 2266 lis,
269 2222 431 2258 alterum
461 2223 508 2259 de
540 2224 775 2260 narrationis
806 2223 935 2261 forma
966 2225 1124 2271 dietum,
1155 2226 1317 2263 alterum
1349 2228 1396 2265 de
1410 2228 1496 2278 ipsa
1523 2243 1578 2277 re,

159 2304 275 2340 quum
308 2293 442 2329 eodem
471 2296 677 2342 utru‘mque
707 2300 855 2343 spectet
878 2295 953 2342 (Et
976 2295 1127 2332 aliter
1156 2308 1239 2333 nec
1274 2296 1426 2335 minus
1457 2300 1577 2337 veri·

156 2361 420 2408 similiter).
493 2365 556 2400 Ne
605 2365 747 2401 edere
791 2365 946 2413 quidem
993 2365 1218 2415 simpliciter
1256 2380 1328 2415 pro
1372 2382 1578 2408 narrare

157 2431 250 2480 poni
279 2432 396 2478 solet;
426 2434 530 2470 aliud
560 2442 617 2472 est
647 2435 747 2472 enim
778 2448 1029 2473 numerum
1062 2448 1306 2484 caesorum,
1334 2440 1403 2476 rei
1431 2447 1578 2489 gestae

182 2654 212 2698 ¹)
251 2659 303 2690 De
330 2670 360 2692 c.
387 2662 442 2691 45.
471 2663 487 2689 5
515 2660 643 2691 dictum
670 2666 724 2693 est
749 2662 791 2692 ad
820 2671 849 2693 c.
881 2664 912 2699 6,
940 2665 970 2693 2.
