1811 2925
751 152 822 188 291
1232 148 1307 181 Lib.
1335 148 1450 180 xxv.

85 274 274 323 aecipias3
318 286 441 321 neque
485 273 574 308 addi
621 279 664 308 et
707 272 744 308 in
788 272 966 320 proximo
1010 271 1194 307 orationis
1234 271 1405 307 membro
1439 272 1496 319 (et

86 343 222 380 fossa
251 344 437 392 ingens)
470 350 618 391 potest;
660 343 741 378 haec
783 342 882 379 enim
913 342 1079 390 partium
1123 341 1250 389 operis
1293 341 1497 389 descriptio

86 426 135 450 ex
164 426 274 462 aequo
315 415 373 462 (et
404 433 454 439 »-
482 418 542 460 et)
569 412 739 461 generali
770 412 897 461 operis
929 410 1197 460 significationi
1228 411 1400 459 copulari
1433 424 1498 447 ne-

85 484 177 532 quit.
241 484 472 521 Tollendum
502 491 557 519 est
589 490 633 519 et
662 490 793 519 natum
829 496 876 519 ex
908 489 1080 518 extrema
1110 480 1237 516 littera
1256 481 1361 517 vocis
1390 481 1498 518 inde

87 554 178 601 (vid.
210 555 258 590 ad
286 555 445 594 XXVI,
479 556 541 597 40,
576 549 694 594 17).¹)
749 552 962 600 Aliquanto
994 550 1094 587 infra
1125 549 1165 601 (ξ
1203 549 1282 600 17),
1314 551 1384 587 etsi
1415 563 1498 599 qua:

85 625 149 661 via
179 638 202 661 a
231 632 343 673 portu
367 625 415 660 ad
435 637 540 660 mare
562 624 788 660 transmissa
821 631 889 667 est,
921 623 1054 658 eadem
1085 621 1310 670 plerumque
1341 622 1422 658 iure
1452 622 1497 658 in

85 703 272 743 portum
307 708 329 730 a
361 694 478 731 mari
507 693 801 730 transmissa
831 693 911 742 (vel
941 692 1070 740 potius
1101 692 1156 728 ad
1187 693 1391 740 portum)
1425 692 1497 728 dici

84 772 223 812 potest,
277 778 388 801 nemo
419 771 547 800 tamen
578 763 689 800 facile
719 764 774 800 ita
807 763 1000 811 appellat,
1047 775 1163 810 quum
1195 762 1322 809 agitur
1352 762 1399 797 de
1430 775 1498 811 op-

84 834 319 882 portunitate
349 847 466 871 naves
505 847 551 870 ea
592 833 656 869 via
700 846 720 869 e
749 839 863 881 portu
894 832 932 868 in
970 844 1077 868 mare
1105 831 1294 868 trahendi.
1360 831 1499 880 Itaque

86 916 202 951 quum
233 904 270 940 in
305 906 337 941 Ρ
369 905 579 952 ceterisque
605 903 684 940 fere
714 903 909 940 codicibus
940 902 1147 938 scribatur:
1179 913 1279 949 quae
1316 902 1363 937 in
1394 915 1498 950 por-

84 980 131 1009 tu
274 974 328 1009 ad
359 987 504 1015 mare,
561 986 754 1022 quumque
800 973 902 1021 apud
947 971 1152 1020 Polybium
1191 972 1256 1007 sit:
1305 971 1496 1022 qz'povoa

86 1036 133 1081 ἐκ
170 1041 250 1081 τοῦ
285 1042 462 1094 λιμένος
509 1043 572 1087 ⁶11:
613 1037 698 1095 τήν
743 1043 820 1088 ἐξω
853 1035 1114 1085 θάλατταν,
1166 1050 1268 1078 reete
1317 1042 1498 1090 Sigonius

84 1113 198 1149 scribi
228 1113 365 1149 voluit:
412 1126 512 1161 quae
556 1128 576 1153 e
619 1114 666 1161 (is
697 1114 850 1161 quidem
881 1114 954 1160 ex)
995 1120 1137 1161 portu
1188 1143 1223 1149 ..
1266 1113 1323 1149 ad
1353 1125 1496 1149 mare.

85 1183 210 1230 Quum
244 1196 264 1222 e
297 1192 385 1232 post
415 1197 512 1232 quae
542 1184 759 1227 excidisset,
791 1183 962 1219 additum
994 1190 1051 1219 est
1079 1183 1137 1221 in.

196 1254 290 1302 Cap.
327 1255 386 1298 12,
418 1257 459 1291 4:
514 1255 583 1290 Ex
615 1253 755 1290 huius
793 1253 968 1289 Marcii
1015 1253 1150 1298 (vatis)
1183 1252 1368 1289 duobus
1399 1266 1498 1290 car-

83 1324 292 1360 minibus
337 1324 542 1361 alt-erius
586 1331 699 1373 post
743 1336 839 1360 rem
885 1330 1040 1359 actam
1082 1322 1200 1359 editi
1244 1335 1344 1359 cum
1388 1331 1498 1359 rato

85 1395 361 1431 auctoritas
412 1402 584 1432 eventu
634 1394 776 1431 alteri
831 1406 1044 1442 quoque,
1105 1393 1240 1429 cuius
1291 1394 1497 1430 nondum

84 1471 276 1514 tempus
307 1472 534 1510 venerat,
566 1464 814 1502 afferebat
843 1463 1000 1502 fidem.
1082 1464 1221 1511 Neque
1252 1464 1497 1500 autoritas

85 1547 184 1571 cum
217 1543 389 1570 eventu
414 1543 515 1571 recte
547 1547 616 1584 pro
648 1534 876 1581 auctoritate
915 1540 1051 1569 eventu
1085 1534 1312 1570 confirmata
1343 1535 1498 1582 ponitur

84 1617 207 1653 neque
237 1613 372 1640 ratus
404 1611 604 1640 eventus
641 1604 719 1640 ullo
755 1604 932 1653 exemplo
977 1616 1025 1640 ex
1056 1603 1213 1639 minima
1245 1611 1355 1651 parte
1384 1604 1497 1640 simili

86 1675 234 1718 dieitur,
267 1674 491 1721 (auctoritas
520 1674 678 1710 alicuius
700 1681 786 1710 rata
816 1686 899 1710 esse
923 1681 960 1710 et
987 1673 1121 1710 haberi
1145 1675 1302 1722 potesn)
1338 1673 1496 1722 ipseque

84 1745 288 1780 verborum
322 1745 416 1780 ordo
447 1744 701 1792 suspicionem
722 1745 849 1780 mendi
879 1744 986 1781 facit.
1046 1744 1109 1780 Ex
1138 1750 1356 1780 cumrato
1390 1755 1496 1780 auc-

83 1814 263 1850 toritas
294 1822 464 1851 eventu
513 1814 611 1850 effici
650 1814 820 1850 videtur:
870 1815 1173 1851 coroborata
1220 1814 1496 1850 auctoritas

84 1891 259 1920 eventu
290 1885 371 1931 (aut
401 1884 726 1931 confirmata).

195 1953 290 2002 Cap.
331 1956 397 1999 13,
443 1956 488 1990 10
529 1953 593 2002 (de
628 1954 832 1990 Hannonis
863 1955 1012 1998 castris,
1060 1954 1098 1990 in
1143 1966 1228 2002 quae
1269 1954 1345 1990 duo
1390 1954 1496 1990 milia

82 2023 343 2072 plaustrorum
385 2030 420 2060 et
460 2024 655 2060 incondita
695 2025 809 2060 turba
851 2025 1048 2060 hominum
1090 2031 1276 2060 venerant
1321 2024 1369 2059 ad
1413 2024 1496 2060 fru-

83 2101 251 2130 mentum
301 2093 474 2142 Capuam
526 2093 829 2143 devehendum):
880 2102 1153 2130 castrorum
1203 2093 1404 2130 formam
1452 2103 1495 2131 et

82 2164 340 2200 militarem
364 2164 577 2200 ordinem
607 2164 842 2200 immixtis
873 2163 1154 2211 agrestibus
1185 2162 1249 2199 iis
1271 2164 1495 2200 externis

82 2234 338 2270 sublatum.
394 2234 461 2269 Iis
492 2234 523 2269 si
545 2234 593 2270 ad
616 2242 744 2269 castra
765 2232 939 2277 refertur,
971 2242 1011 2268 ut
1032 2233 1301 2277 concedamus,
1323 2242 1495 2282 agrestes

107 2350 135 2392 ¹)
174 2354 193 2393 ξ
222 2357 262 2385 10
289 2354 424 2385 omissis
463 2354 592 2394 aliquot
624 2355 743 2386 lim-ris
774 2362 891 2385 mitum
923 2362 973 2384 est
1001 2354 1190 2384 monstrum
1219 2354 1417 2386 locutionis:
1459 2357 1495 2387 is

177 2412 282 2444 finis
325 2413 568 2445 Hannibali
610 2415 694 2446 fuit
743 2425 883 2446 arcem
921 2424 1182 2456 oppugnare.
1250 2416 1366 2456 Longe
1404 2417 1495 2448 aliud

177 2480 240 2504 est:
268 2473 397 2506 labor
424 2483 490 2506 cst
515 2475 682 2511 facere,
718 2475 782 2506 hoc
808 2483 859 2507 est
884 2475 1032 2512 difficile,
1059 2476 1170 2505 aliud:
1199 2477 1231 2508 is
1257 2477 1364 2508 sinis
1390 2478 1494 2509 mihi

176 2542 240 2564 est
266 2533 424 2566 facere.
490 2535 600 2566 Multo
635 2538 773 2577 pravius
809 2543 1022 2578 comparatur
1048 2536 1153 2567 illud:
1198 2538 1354 2568 edendi
1388 2537 1495 2569 finis

176 2602 241 2626 est
277 2596 503 2627 desideria
535 2604 701 2628 naturae
735 2598 1026 2638 restinguere,
1074 2599 1131 2628 ubi
1170 2597 1254 2628 ni'nil
1287 2599 1397 2639 potuit
1433 2600 1493 2630 nisi

176 2657 453 2696 restinguere
479 2659 564 2695 dici,
591 2659 900 2698 restinguendi
932 2659 1189 2690 vitiosissimum
1216 2668 1315 2690 esset.

1169 2735 1225 2766 19·
