1811 2925
236 132 312 163 Lib.
334 132 446 163 XLII.
914 133 990 168 534

236 256 520 299 videantur,
551 258 592 288 ut
621 252 757 289 litterae
789 253 917 301 piter
947 253 997 289 ob
1031 252 1255 289 nonnullam
1287 253 1573 291 similitudinem
1604 255 1668 292 lit-

239 332 407 362 terarum
455 324 567 360 vide
608 323 829 372 interceptae
869 329 1062 372 putentur.
1132 323 1210 360 Sed
1253 324 1387 360 eadem
1431 326 1667 374 negligentia

239 395 419 431 librarius
450 395 488 431 in
519 393 804 431 conviciari
835 394 1018 443 praecepit
1038 392 1208 442 proximi
1228 394 1335 430 verbi
1368 395 1665 445 (videantur)

238 464 567 509 terminationem,
612 477 689 513 qua
718 463 853 513 paucis
882 470 969 513 post
1003 464 1131 500 verbis
1163 476 1235 512 pro
1275 465 1443 512 gravis
1474 465 1670 514 publice

239 535 392 584 scripsit
421 535 638 584 gravidae
668 534 885 584 publicae.
954 536 1119 572 Frustra
1163 545 1213 571 ex
1256 535 1397 571 talibus
1439 536 1672 573 coniecturae

240 605 478 655 captantur.)

353 675 451 725 Cap.
481 677 545 721 42,
582 677 596 711 1
634 675 688 722 (in
720 675 856 711 eadem
890 676 1103 723 oratione):
1135 677 1199 712 At
1231 688 1371 723 quum
1402 677 1671 725 processis-

240 759 334 784 sem
365 747 476 783 inde
510 746 568 784 ad
599 746 831 783 visendas
876 746 1126 783 Larissam
1159 752 1202 782 et
1233 748 1460 782 Antrona
1491 752 1535 782 et
1564 747 1670 783 Pte-

240 817 363 863 leon,
387 818 553 866 quoin
592 817 870 866 propinquo
902 817 1051 853 multo
1083 823 1196 853 ant-e
1227 817 1396 853 debita
1426 822 1541 852 vota
1570 829 1674 865 per-

242 888 504 933 solverem,
535 887 757 936 Delphos
789 886 1120 924 saerifieandi
1152 899 1300 923 eausa
1331 887 1539 923 escendi.
1590 888 1676 924 Ne-

243 971 317 1007 que
349 971 441 1006 quo
480 971 551 1007 pro
594 964 666 1003 ut,
708 970 786 994 non
828 964 1012 1006 sequente
1053 958 1345 1006 comparativo,
1384 958 1518 994 Livius
1563 958 1672 1003 dixit,

243 1042 367 1077 neque
396 1029 435 1065 in
466 1029 685 1078 propinquo
716 1029 975 1077 persolvenda
1005 1035 1098 1065 vota
1129 1035 1250 1074 erant,
1281 1029 1348 1065 sed
1370 1029 1533 1078 Delphis
1563 1029 1671 1078 ipsis,

244 1099 401 1138 Codex:
446 1128 482 1139 ..
522 1108 566 1137 et
596 1099 817 1148 Pycleon
850 1112 947 1147 qua
976 1099 1021 1134 in
1052 1099 1331 1148 propinquo
1364 1099 1571 1148 Delphis
1602 1113 1679 1137 sa-

244 1170 547 1208 crificandai
607 1182 753 1207 eausa
808 1170 958 1206 multo
1021 1175 1131 1206 ante
1190 1170 1357 1206 debita
1401 1176 1516 1206 vota
1570 1184 1673 1219 per-

242 1242 482 1279 solverem
514 1241 735 1289 Delphos
767 1240 973 1276 eseendi.
1052 1240 1191 1287 Itaque
1225 1246 1291 1275 aut
1331 1240 1385 1276 sie
1427 1240 1672 1278 scribendum

242 1313 415 1350 videtur:
448 1311 563 1360 quia
592 1312 637 1347 in
659 1311 937 1360 propinquo
963 1308 1143 1360 [eranh]
1168 1310 1491 1347 sacrificandi
1514 1325 1672 1357 eausa,

245 1382 334 1433 [ut]
371 1383 519 1419 multo
552 1388 662 1418 ante
694 1382 868 1418 debita
901 1388 1015 1417 vota
1046 1381 1399 1430 persolverem,
1447 1381 1674 1430 Delphos

243 1453 466 1499 eseendi,
508 1459 575 1490 aut
613 1453 685 1489 sie:
728 1453 841 1500 quia
881 1453 926 1488 in
958 1453 1234 1502 propinquo
1266 1452 1448 1500 Delphi
1479 1450 1668 1501 [erant,]

243 1524 571 1561 sacrificandi
617 1535 788 1567 eausa,
853 1521 939 1572 [ut]
988 1536 1037 1559 m.
1081 1537 1115 1560 a.
1158 1524 1194 1562 d.
1236 1536 1273 1559 v·
1316 1522 1673 1572 persolverem,

244 1595 457 1633 esceudi.
530 1596 634 1632 Nam
679 1592 836 1631 retineri
881 1598 1046 1641 utroque
1086 1594 1173 1631 loco
1218 1607 1358 1630 nomen
1391 1592 1588 1641 (Delphi
1627 1622 1635 1630 .

246 1667 485 1716 Delphos)
518 1679 596 1703 non
627 1671 755 1715 potest
785 1664 866 1700 sine
898 1664 1085 1700 orationis
1117 1663 1222 1701 vitiO.
1284 1663 1394 1700 Infra
1426 1668 1443 1707 ς’
1477 1667 1498 1700 6
1530 1664 1673 1709 nescio,

245 1739 310 1787 qui
341 1738 486 1775 factum
520 1738 580 1782 sit,
625 1743 685 1781 ut,
733 1748 850 1784 quum
891 1734 929 1770 in
960 1734 1093 1771 codice
1123 1742 1225 1771 recte
1253 1735 1438 1783 scriptum
1471 1741 1587 1771 esset:
1629 1765 1636 1772 .

246 1810 526 1853 Eumenem
559 1807 913 1855 conquiescere
945 1805 1105 1841 socios
1138 1813 1330 1842 vestros
1366 1817 1457 1840 non
1501 1817 1673 1853 posse,

245 1879 438 1929 Grynaeus
471 1880 618 1916 ederet:
664 1879 939 1921 Eumenem,
990 1888 1073 1912 1100
1117 1889 1287 1925 eonqu.
1335 1888 1429 1912 soe.
1480 1882 1673 1912 vestros

244 1964 400 2000 posse

356 2021 454 2070 Cap.
497 2023 571 2065 43,
621 2023 650 2058 l.
732 2018 857 2055 Huius
899 2017 1034 2066 eapitis
1067 2017 1227 2061 initium,
1271 2016 1476 2052 manifesto
1506 2016 1673 2064 plurium

243 2094 450 2129 verborum
491 2091 643 2128 defectu
683 2089 880 2133 laborans,
923 2088 1115 2136 Grynaeus
1144 2088 1288 2124 frustra
1317 2087 1598 2135 interpolando,
1631 2092 1673 2122 ut

245 2163 434 2211 integrum
466 2164 682 2205 videretur,
721 2159 873 2196 efficere
907 2165 1068 2195 conatus
1102 2164 1170 2194 est.
1252 2158 1297 2193 In
1328 2157 1459 2194 codiee
1491 2157 1545 2193 sic
1577 2156 1673 2192 scri-

246 2231 366 2269 bitur:
400 2232 458 2267 Et.
489 2231 730 2267 dicentem
763 2237 807 2266 et
838 2242 940 2266 cum
973 2230 1230 2265 adsensum
1252 2227 1469 2264 Marcius
1501 2232 1678 2262 auctor

245 2302 339 2338 fuit
371 2302 594 2337 mittendi
623 2302 820 2338 Romam
853 2300 1009 2348 legati
1042 2305 1208 2335 essent
1241 2311 1342 2334 011111
1373 2296 1673 2345 experienda

245 2372 404 2408 omnia
426 2372 481 2408 ad
514 2372 733 2408 ultimum
759 2383 842 2407 1100
865 2369 1335 2418 praetermittendum
1367 2380 1495 2416 spem
1526 2366 1670 2403 ullam

245 2442 549 2479 censuissent
579 2442 772 2490 reliqua
794 2441 1102 2478 consultatio
1124 2446 1231 2476 erat
1251 2444 1320 2474 cet.
1352 2439 1531 2487 Apparet
1548 2449 1673 2484 neque

246 2513 438 2550 Marcium
472 2513 582 2549 unius
613 2512 731 2561 legati
775 2512 949 2548 mittendi
993 2517 1191 2547 auctorem
1224 2509 1343 2545 fuisse
1374 2520 1497 2555 neque
1534 2506 1673 2543 Marcii

244 2583 405 2621 consilio
450 2584 504 2620 sic
545 2596 624 2619 rem
658 2582 874 2620 confectam
906 2582 1037 2627 fuisse,
1082 2587 1123 2617 ut
1153 2585 1301 2616 tantum
1333 2579 1379 2614 de
1411 2584 1493 2613 tuto
1524 2577 1672 2625 legato-

244 2668 328 2691 rum
361 2654 495 2691 itinere
526 2654 757 2690 consultatio
789 2653 1079 2700 relinqueretur.
1157 2651 1285 2687 l‘lenae
1320 2648 1504 2685 orationis
1544 2647 1672 2684 forma
