1811 2925
813 120 888 156 599
1353 118 1429 148 Lib.
1445 117 1555 150 XLV.

146 245 246 280 hanc
299 242 562 278 difficultatem
616 241 742 276 vitans
795 240 1133 276 Weissenbornius
1177 239 1338 276 ediderit
1389 239 1558 282 (sublato

145 314 380 357 commate):
426 311 618 347 Metalli
663 322 853 358 quoque
883 309 1189 346 Macedonici
1231 308 1357 356 quod
1388 309 1558 357 ingens

146 381 361 430 vectigal
395 388 523 426 erat,
562 387 604 417 ut
634 379 824 429 genitivus
855 391 878 415 a
911 378 1184 427 vectigalis
1224 379 1378 415 nomine
1416 379 1558 427 pende-

142 460 212 488 ret.
275 452 351 489 Sed
381 464 505 499 neque
537 451 741 487 verborum
773 449 868 485 ordo
900 455 1024 485 rectus
1055 455 1113 485 est
1143 461 1266 497 neque
1298 456 1400 485 recte
1428 448 1558 485 adiici-

144 530 259 559 untur
279 522 364 558 illa:
402 522 529 569 quod
568 549 609 559 ..
650 527 751 557 erat
784 520 848 565 (—
870 519 1071 555 dicendum
1103 526 1203 555 erat:
1229 519 1420 555 Metalli
1451 531 1558 566 quo-

146 606 237 642 que
260 591 572 629 Macedonici
602 590 829 638 vectigal,
861 590 986 637 quod
1016 590 1185 638 ingens
1217 598 1342 634 erat,
1374 593 1464 635 --);
1493 602 1558 625 ne-

145 677 217 713 que
239 664 324 712 ipso
357 676 427 712 per
455 675 495 698 se
526 661 704 709 vectigali
732 661 1011 697 Macedonibus
1050 660 1222 696 invidere
1252 668 1407 697 senatus
1437 659 1558 695 videri

143 733 299 769 volebat
330 732 559 780 (vectigal
589 729 738 780 tolli),
762 731 828 767 sed
859 731 1105 768 incommoda
1138 730 1172 766 ei
1203 730 1382 767 adiuncta
1413 730 1558 767 timere.

143 804 244 840 Turn
276 815 345 838 nec
375 802 711 839 Weissenbornius
748 813 817 837 nec
848 801 962 837 ceteri
995 801 1265 849 quaesiverunt,
1307 812 1374 836 cur
1403 807 1558 835 senatus

142 874 374 923 praediorum
405 873 634 909 rusticorum
665 871 876 907 locationes
916 871 954 907 in
984 870 1217 908 Macedonia
1259 869 1444 918 (omnium
1474 869 1558 905 ubi-

142 946 232 992 que)
266 944 348 980 tolli
377 943 554 987 voluerit,
597 943 647 978 ad
692 953 788 990 quas
836 942 931 978 nihil
976 942 1131 978 omnino
1162 940 1353 989 pertinere
1382 939 1559 975 videntur

141 1026 206 1058 eae,
241 1027 325 1062 quae
355 1014 619 1057 subjiciuntur,
650 1024 796 1055 causae;
828 1013 924 1060 ipsa,
957 1024 1041 1060 quae
1071 1017 1294 1059 sequuntur,
1325 1010 1445 1046 verba
1474 1017 1557 1045 tan-

140 1092 218 1120 tum
254 1085 303 1120 ad
335 1082 531 1120 metallum
575 1083 860 1118 accommodari
890 1088 1069 1131 possunt:
1099 1094 1156 1117 ne
1197 1081 1334 1129 ipsos
1366 1080 1556 1127 quidem

138 1153 434 1190 Macedonas
464 1153 583 1189 idem
618 1165 849 1189 exercere
882 1165 1045 1201 posse:
1077 1151 1206 1195 (scrib.
1234 1150 1279 1186 id
1310 1162 1556 1195 exercere3

139 1237 159 1263 e
193 1223 353 1260 adhaesit
397 1237 445 1260 ex
475 1223 656 1272 proxima
686 1235 794 1267 voce,
833 1230 913 1258 tum
947 1222 1118 1258 additum
1149 1221 1215 1269 m).
1282 1222 1429 1257 Postea
1459 1233 1556 1268 quo-

139 1306 224 1342 que.,
255 1294 320 1330 ubi
353 1294 535 1331 EEmilius
574 1293 733 1336 consul,
780 1305 864 1340 quae
907 1300 1062 1329 senatus
1103 1292 1281 1328 universe
1322 1291 1556 1334 decreverat,

137 1377 186 1401 ex
216 1365 257 1400 X
302 1364 516 1412 legatorum
560 1363 748 1400 sententia
786 1363 955 1411 pressius
996 1362 1203 1399 constituta
1241 1361 1465 1410 pronuntiat
1507 1361 1554 1407 (c.

138 1434 204 1477 29,
243 1433 322 1481 11),
352 1433 435 1470 sola
465 1433 621 1470 metalla
650 1434 732 1469 auri
763 1434 989 1481 argentique
1030 1432 1200 1469 exerceri
1229 1438 1430 1475 vetantur3
1460 1443 1556 1479 prae-

144 1503 293 1539 diorum
323 1505 554 1540 rusticorum
585 1503 691 1539 nulla
721 1511 777 1540 est
807 1504 962 1541 mentio.
1043 1503 1171 1539 Velim
1215 1509 1342 1538 autem
1381 1501 1557 1538 animad-

138 1574 250 1617 verti,
282 1586 366 1621 quae
395 1575 450 1611 ibi
481 1573 621 1622 plurali
651 1574 804 1610 nomine
834 1574 1094 1623 appellentur,
1136 1585 1181 1608 ea
1209 1573 1283 1608 hoc
1310 1570 1396 1607 loco
1427 1571 1556 1619 singu-

137 1643 210 1679 lari
247 1656 405 1680 numero
438 1645 493 1680 ita
523 1643 722 1692 appellari,
754 1651 794 1679 ut
825 1644 1015 1686 universa,
1047 1643 1084 1679 in
1117 1655 1194 1690 qua
1224 1642 1298 1678 sita
1314 1641 1555 1677 metallorum

140 1714 282 1750 fodinae
312 1713 465 1757 fuerint,
496 1715 602 1762 regio
636 1713 724 1757 (der
753 1712 1150 1761 Bergwerksdistrict)
1189 1712 1397 1761 significari
1426 1712 1557 1748 videa-

138 1790 212 1821 tur.
282 1784 378 1820 Haec
409 1797 527 1832 quum
558 1783 771 1827 considero,
801 1782 915 1831 longe
945 1782 1022 1818 alio
1061 1782 1294 1831 praediorum
1327 1782 1555 1819 rusticorum

139 1855 547 1891 commemorationem
577 1860 752 1903 spectare
781 1852 973 1901 suspicor,
1003 1860 1056 1897 ut,
1091 1852 1301 1889 interdictis
1327 1852 1448 1901 ipsius
1478 1865 1555 1888 me-

139 1923 220 1960 talli
250 1924 528 1971 locationibus,
575 1923 815 1973 excipiantur
858 1923 1003 1971 praedia
1047 1922 1190 1958 rustica
1234 1923 1397 1958 metallis
1439 1922 1555 1959 inter-

137 1993 238 2030 iecta
268 2002 304 2031 et
334 2007 419 2032 cum
450 1995 495 2031 iis
526 1995 647 2032 locari
676 1994 802 2038 solita,
853 1993 1083 2040 Liviumque
1112 1992 1169 2028 ita
1202 1992 1418 2041 scripsisse:
1465 1993 1555 2029 Me-

139 2064 249 2100 talli
305 2077 496 2114 quoque
553 2062 864 2102 Macedonici
921 2092 957 2101 ..
977 2092 986 2101 .
1040 2062 1316 2099 locationes
1379 2067 1557 2115 praeter

139 2134 436 2182 praediorum
470 2135 763 2172 rusticorum
794 2133 908 2169 tolli
938 2133 1178 2181 placebat.
1225 2134 1417 2181 Apparet,
1439 2145 1555 2180 quam

138 2202 252 2240 facile
281 2212 456 2252 praeter
487 2212 574 2241 ante
604 2204 890 2253 praediorum
923 2203 1051 2250 (oculo
1083 2216 1106 2238 a
1134 2202 1269 2251 primis
1298 2202 1433 2238 litteris
1462 2214 1556 2250 prae

140 2273 189 2308 ad
221 2273 361 2310 alteras
393 2276 615 2318 aberrante)
649 2273 771 2310 omitti
801 2274 981 2322 potuerit,
1015 2286 1091 2321 quo
1123 2273 1267 2309 omisso
1298 2273 1470 2309 additum
1499 2280 1556 2308 est

141 2355 240 2390 que.
334 2343 458 2381 Usum
504 2344 677 2380 adverbii
717 2350 895 2392 praeter
941 2344 1109 2380 breviter
1158 2343 1458 2380 commemoravi
1506 2343 1555 2379 ad

140 2412 346 2457 XXVIII,
378 2417 441 2458 45,
478 2417 523 2450 10
549 2413 651 2464 (Cic.
684 2413 1056 2450 familiaritates
1086 2420 1265 2462 praeter
1294 2426 1552 2462 paucorum

139 2482 416 2530 hominum).
433 2481 465 2530 ¹)
594 2484 816 2532 Sequuntur
836 2484 952 2533 paulo
980 2490 1069 2533 post
1095 2484 1130 2531 (ᾖ
1154 2486 1195 2528 6)
1218 2483 1321 2531 apud
1344 2483 1553 2532 Grynaeum

390 2587 404 2589 -
1064 2578 1079 2592 a

164 2632 197 2674 ¹)
235 2636 255 2676 ξ
282 2639 313 2674 2,
340 2635 397 2666 ubi
424 2642 541 2666 contra
569 2636 721 2667 codicem
748 2637 907 2667 inseritur
940 2636 1093 2677 populi
1120 2636 1305 2668 Romani
1332 2637 1425 2676 (post
1450 2642 1555 2666 tute-

232 2695 304 2735 la),
339 2696 410 2726 fieri
438 2702 560 2737 potest,
597 2703 634 2727 ut
663 2696 778 2728 Livius
805 2697 992 2738 scripserit:
1044 2703 1178 2728 tutam
1214 2706 1302 2727 eam
1329 2694 1552 2736 (libertatem)
