1811 2925
881 163 902 198 2

185 293 253 333 set,
287 298 413 323 secum
445 285 780 330 communicarem,
811 296 928 332 quum
960 284 1039 320 eius
1071 297 1189 320 causa
1206 297 1264 330 ea,
1293 297 1416 333 quaea
1435 286 1595 335 meipso

186 358 275 395 olim
308 362 460 406 reperta
489 356 527 392 in
558 355 782 392 adversaria
802 354 1052 400 contuleram,
1085 355 1338 392 describerem
1369 362 1405 392 et
1429 357 1597 394 breviter

186 429 437 477 explicarem,
477 427 638 471 sensim,
674 425 812 475 partim
846 425 1019 461 trahente
1053 427 1338 476 opportunitate
1367 428 1598 464 renovandae

185 499 313 535 animo
344 511 470 534 rerum
500 498 765 534 Romanarum
794 495 993 543 imaginiS,
1038 498 1178 544 partim
1215 511 1403 535 novorum
1433 505 1470 535 et
1500 512 1597 547 prae-

186 570 380 615 stantium,
412 581 495 617 quae
525 568 671 604 interea
702 568 751 604 ad
773 567 873 603 Livii
906 567 1024 603 libros
1056 568 1313 604 emendandos
1334 576 1472 618 parata
1491 576 1598 606 erant

186 648 223 678 et
252 648 332 677 tum
362 639 530 676 maxime
550 639 802 688 parabantur,
833 638 1090 675 subsidiorum
1122 651 1193 675 usu
1222 639 1452 683 blandiente,
1483 653 1598 688 quum

186 712 394 762 praesertim
442 711 525 759 ipse
563 710 731 758 quinque
768 716 1051 758 postremorum
1099 709 1283 746 librorum
1331 710 1491 755 codicis,
1536 711 1600 759 qui

185 796 282 821 unus
313 786 505 831 superest,
550 780 863 817 Vindobonensis
907 781 1116 830 scripturas
1159 780 1270 829 plene
1309 786 1462 817 notatas
1493 794 1602 817 acce·

186 855 351 904 pissem,
382 859 504 889 totum
535 851 688 888 Livium
721 857 931 888 retractare
962 853 1071 901 coepi
1103 859 1139 889 et
1172 853 1219 888 ab
1250 851 1399 887 illorum
1435 852 1604 900 quinque

186 927 369 963 librorum
399 923 620 961 recensione
660 928 697 958 et
726 923 992 960 emendatione
1027 936 1136 959 orsus
1170 935 1291 972 prope
1321 922 1481 958 eandem
1512 935 1611 971 ope-v

186 1010 270 1034 ram
300 997 349 1032 ad
379 996 547 1043 reliquos
577 994 696 1030 libros
727 993 947 1040 transferre,
979 1007 1142 1043 eamque
1171 1008 1250 1031 rem
1271 993 1375 1030 horis
1393 993 1604 1030 subsecivis

188 1074 370 1116 quattuor
400 1067 509 1103 annis
540 1065 714 1110 absolvi,
756 1076 875 1113 saepe,
916 1077 1032 1113 quum
1073 1066 1150 1102 alia
1186 1065 1451 1114 praevertenda
1480 1072 1605 1100 essent

188 1147 223 1176 et
255 1139 423 1175 animum
453 1143 645 1182 tenerent,
683 1135 938 1172 intermissam
972 1143 1008 1172 et
1036 1143 1125 1185 post
1154 1149 1230 1172 non
1260 1148 1470 1184 paucorum
1500 1148 1605 1171 men-

188 1212 285 1248 sium
307 1210 549 1247 intervallum
580 1214 830 1256 resumptam.
876 1206 1000 1242 Huius
1032 1220 1158 1256 operae
1187 1207 1332 1243 fructus
1367 1219 1483 1254 quum
1514 1207 1606 1243 mihi

189 1283 259 1332 ipsi
289 1295 365 1318 non
397 1280 614 1329 displiceret
646 1279 917 1325 videreturque
947 1277 1120 1314 utilitatis
1153 1278 1297 1326 aliquid
1328 1278 1470 1314 habere
1493 1288 1606 1325 posse

189 1355 237 1391 ad
270 1353 431 1389 aliorum
462 1351 588 1387 studia
619 1349 859 1391 adiuvanda,
906 1349 953 1385 ab
993 1349 1125 1385 amicis
1164 1356 1292 1385 autem
1324 1348 1606 1397 discipulisque.

190 1425 414 1474 quibuscum
432 1436 508 1458 non
529 1434 654 1471 pauca
670 1434 738 1470 per
761 1432 956 1456 sermones
977 1426 1012 1456 et
1029 1420 1202 1456 docendo
1220 1420 1607 1458 communicaveram,

192 1502 292 1532 totus
322 1494 574 1542 flagitaretur,
605 1491 768 1537 decrevi,
807 1491 987 1539 quicquid
1019 1504 1040 1527 a
1072 1505 1131 1528 me
1161 1491 1252 1527 novi
1283 1492 1331 1527 ad
1362 1490 1463 1527 Livii
1492 1489 1612 1525 libros

190 1566 334 1603 mendis
355 1564 576 1601 liberandos
599 1562 763 1599 conferri
790 1569 932 1611 posset,
969 1562 1136 1599 breviter
1157 1562 1490 1610 comprehendere,
1515 1560 1619 1596 indi·

190 1638 283 1675 catis
321 1637 359 1672 in
393 1644 634 1679 transcursu,
681 1646 765 1682 quae
799 1633 875 1668 iam
922 1638 1035 1668 antea
1073 1632 1163 1668 alibi
1203 1632 1442 1681 sparsissem.
1506 1631 1611 1667 Nam

192 1708 295 1758 quod
327 1706 439 1743 amici
470 1705 722 1754 discipulique
752 1704 941 1740 interdum
964 1703 1220 1740 hortabantur
1246 1703 1527 1751 rogabantque,
1557 1708 1611 1745 ut,

194 1779 374 1828 quoniam
406 1782 542 1826 praeter
573 1789 640 1820 ca,
672 1788 756 1823 quae
788 1774 870 1823 ipse
900 1774 1150 1818 invenissem,
1181 1786 1257 1809 non
1290 1786 1416 1821 pauca
1447 1773 1495 1809 ab
1527 1772 1618 1808 aliis-

193 1858 291 1887 rccte
332 1856 369 1885 et
409 1860 499 1884 vere
539 1846 759 1894 excogitata
795 1845 920 1882 iacere
959 1845 1133 1894 neglecta
1162 1850 1337 1892 putarem
1378 1849 1444 1879 aut
1483 1843 1611 1880 etiam.

193 1934 307 1971 quum
340 1926 465 1956 essent
494 1931 517 1954 a
548 1916 773 1966 Kreyssigio
804 1923 840 1952 et
863 1916 1055 1961 Bekkero,
1087 1915 1260 1963 quaedam
1291 1915 1367 1951 iam
1388 1928 1411 1950 a
1431 1913 1619 1950 Draken··

194 1991 371 2035 borchio,
405 1988 539 2025 merito
570 1987 608 2022 in
639 1986 810 2023 ordinem
843 1993 1016 2034 recepta,
1049 1999 1070 2021 a
1102 1985 1370 2021 recentissimis
1403 1985 1610 2021 editoribus

196 2062 324 2098 iudicii
354 2073 482 2097 errore
512 2059 654 2095 reiecta
685 2070 768 2093 esse
799 2066 1054 2106 susceptaque
1085 2064 1220 2093 contra
1252 2069 1271 2092 c
1294 2055 1488 2092 codicibus
1507 2067 1611 2091 com—

195 2133 327 2182 plura,
373 2144 456 2179 quae
485 2129 670 2178 praeteriri
700 2127 942 2172 debuissent,
982 2127 1081 2163 Livii
1114 2127 1232 2163 libros
1265 2126 1345 2174 ipse
1380 2126 1429 2162 ad
1460 2125 1611 2161 codices

195 2209 351 2239 exactos
386 2202 550 2243 ederem,
581 2200 791 2235 revocabat
821 2211 881 2234 nie
912 2204 949 2234 et
978 2197 1121 2234 laboris
1152 2196 1327 2232 molestia
1352 2195 1471 2232 oculis
1496 2195 1609 2232 etiam

196 2274 332 2310 infesta
369 2272 498 2308 sutura
546 2277 583 2305 et
625 2270 787 2305 aliorum
831 2269 1044 2304 studiorum
1084 2267 1273 2303 maiorum
1313 2266 1611 2315 graviorumque

197 2343 545 2393 persequendorum
576 2341 754 2376 voluntas
785 2352 971 2388 spesque,
1000 2351 1143 2386 neque,
1175 2350 1291 2385 quum
1321 2337 1379 2373 his
1409 2336 1611 2385 postremis

197 2415 303 2451 annis
344 2420 481 2462 praeter
509 2425 613 2455 eam,
660 2424 775 2459 quam
807 2408 1074 2446 Alschefskius
1104 2409 1326 2444 inchoasset
1363 2407 1478 2443 totius
1510 2405 1611 2441 Livii

198 2486 416 2529 editionem,
449 2496 472 2519 a
492 2481 807 2518 Weissenbornio
838 2494 953 2516 unam
984 2479 1152 2515 viderem
1177 2478 1406 2522 absolutam,
1435 2476 1610 2520 alteram,

198 2554 482 2592 commentariis
512 2553 759 2597 instructam,
803 2551 975 2600 urgueri,
1019 2550 1171 2586 tertiam
1213 2555 1338 2584 autem
1373 2548 1421 2583 ab
1451 2545 1610 2582 Hertzio

198 2632 372 2675 coeptam
401 2636 495 2669 esse,
525 2623 671 2659 litteras
703 2628 855 2657 nostras
886 2621 961 2656 iam
993 2620 1104 2656 nimis
1131 2619 1314 2655 librorum
1339 2629 1495 2654 numero
1520 2628 1609 2652 one-

200 2703 301 2732 ratas
326 2707 433 2731 nova
464 2693 627 2729 editione
659 2692 809 2728 onerari
832 2691 1022 2727 volebam.
1082 2691 1283 2726 Postremo
1306 2688 1358 2724 sic
1382 2687 1609 2728 iudicabam,
