1811 2925
803 129 878 163 545
1336 127 1410 158 Lib.
1437 126 1546 158 XLII.

139 265 170 290 c.
206 253 261 293 9),
307 251 372 287 sed
404 250 442 285 id
472 249 608 297 ipsum,
653 249 755 297 quod
794 261 865 297 ego
910 248 1011 296 apud
1043 248 1193 284 Livium
1226 248 1369 285 efficio:
1409 247 1546 301 δισχι-

140 319 262 365 λίους
305 318 630 364 πεντακοσίους
668 314 834 368 ἄνδρας
856 310 1067 371 ιῖγαθούς
1109 318 1269 366 (equites
1308 319 1544 368 peditesque)

139 386 369 431 ἀπέκτεινε
414 389 486 429 καὶ
533 389 700 439 ζῶντας
740 384 904 433 ἄλλους
946 387 1200 435 ἑξακοσίους
1240 387 1404 441 ἔλαβεν
1435 390 1545 432 (utri-

139 475 258 511 usque
288 463 469 511 gencris).
792 510 794 513 Ι

249 531 344 580 Cap.
380 535 442 576 (51,
475 536 520 569 3:
566 533 674 568 llaec
715 543 797 579 per
841 542 890 564 se
931 530 1091 578 ampla
1126 530 1361 579 pleraque
1390 532 1545 568 multi-

138 602 325 651 plicata
355 603 522 639 verbis
553 601 704 650 regiS,
746 612 843 648 quae
874 600 929 636 ad
961 601 1234 636 contionem
1265 607 1439 637 vocato
1472 615 1545 637 ex-

138 673 295 709 ercitu
335 673 520 712 habuit.
597 673 687 710 Non
732 671 986 719 pleraque,
1027 671 1094 707 sed
1135 671 1264 707 omnia
1305 671 1386 707 sine
1429 672 1545 709 dubio

138 750 262 780 aucta.
315 743 466 780 Codex:
498 742 823 792 ampleraquae
854 741 1192 790 multiplicata.
1238 741 1401 778 Duobus
1431 742 1547 791 igitur

138 814 336 850 adiectivis
358 814 487 850 Livius
519 826 607 850 usus
638 820 736 849 erat:
768 810 1343 862 ainpla[praecla]raque.
1402 814 1545 860 <Weis-

138 884 363 920 senboruius
394 884 516 920 minus
547 890 648 920 recte
679 884 753 919 duo
785 882 987 931 participia
1003 879 1201 931 effecit.)¹)
1261 883 1413 920 Deinde
1445 884 1479 933 (ξ
1504 887 1542 931 5)

138 955 174 990 in
206 954 335 990 codice
354 962 425 990 est:
458 954 616 990 lectos
647 954 689 990 in
723 960 932 1002 patruni,
963 965 1057 989 non:
1090 953 1250 990 lectos
1280 955 1325 990 in
1356 961 1541 1003 patruni

138 1037 302 1061 numer
313 1038 334 1060 u
345 1037 398 1068 1n;
430 1031 523 1073 puto
548 1024 698 1060 Livium
722 1024 859 1059 usitate
880 1023 1100 1071 scripsisse:
1123 1024 1280 1060 lectos
1302 1025 1345 1061 in
1366 1033 1544 1074 patres,

138 1095 261 1132 Paulo
287 1102 373 1143 post
389 1096 422 1139 (ς’
453 1094 537 1138 s‚in
557 1094 690 1130 eadem
714 1094 887 1130 oratione
909 1094 1057 1141 Persei)
1073 1094 1213 1130 editur:
1243 1097 1342 1132 Aut
1371 1096 1410 1132 si
1441 1097 1545 1133 acie

138 1166 398 1202 decernere
436 1163 624 1205 volent,
674 1164 869 1201 eundem
914 1177 1078 1213 pugnae
1117 1166 1363 1214 pedestris
1408 1179 1544 1202 even-

137 1244 229 1272 tum
265 1241 574 1284 exspectate.
619 1236 698 1283 qui
741 1235 957 1283 equit-um
1001 1236 1046 1272 in
1088 1236 1353 1272 certamine
1383 1236 1543 1275 fuerit.

136 1305 273 1353 Neque
323 1304 564 1341 coniunctivo
609 1306 645 1341 in
692 1307 980 1354 comparatione
1019 1307 1073 1343 rei
1116 1320 1238 1355 nuper
1280 1313 1367 1343 ante
1413 1308 1544 1344 oculos

137 1376 305 1412 omnium
337 1384 453 1423 gestae
484 1388 607 1423 neque
640 1376 767 1412 futuro
799 1383 934 1413 exacto
966 1377 1071 1413 loeus
1102 1384 1176 1421 est;
1206 1377 1446 1414 scribendum
1477 1391 1543 1414 nc—

137 1446 304 1482 cessario
345 1454 420 1482 cst:
463 1447 541 1494 qui
585 1476 623 1486 ..
663 1447 767 1484 fuit.
839 1447 1020 1483 Erratuin
1066 1449 1115 1484 ob
1156 1459 1318 1495 sequens
1349 1454 1403 1483 et.
1469 1448 1545 1485 Sed

138 1524 323 1566 praeterea
368 1517 480 1553 valde
525 1518 709 1566 suspicor,
752 1518 901 1554 Livium
953 1518 1166 1566 scripsisse:
1211 1518 1289 1566 qui
1335 1518 1545 1565 equitum

138 1588 421 1624 certaminis
451 1588 564 1636 fuit,
596 1601 643 1625 ex
673 1602 707 1628 m
738 1597 862 1625 ortum
895 1601 977 1625 esse
999 1588 1067 1632 in,
1098 1588 1234 1624 deinde
1265 1588 1546 1627 certamine.

138 1658 323 1694 Extremo
346 1659 470 1706 capite
501 1661 608 1705 (11),
648 1659 711 1696 ubi
756 1659 974 1695 declaratur
1013 1659 1107 1695 situs
1148 1658 1303 1703 tumuli,
1350 1659 1399 1694 ad
1434 1671 1545 1706 quem

141 1730 303 1765 Perseus
334 1736 459 1765 castra
500 1730 646 1778 posuit,
686 1738 722 1766 et
764 1730 933 1766 narratio
977 1729 1026 1765 ad
1065 1730 1264 1766 Romanos
1307 1728 1546 1773 transfertur,

138 1799 308 1847 vestigiis
338 1799 478 1835 codicis
522 1801 757 1845 (tumulus
789 1799 890 1848 hijc
923 1806 1033 1836 ante
1062 1806 1303 1848 tempesta
1337 1807 1407 1836 est
1437 1801 1546 1837 emi-

138 1877 219 1906 net
260 1870 420 1906 larisae
462 1871 644 1906 medius
687 1872 857 1907 abesto
906 1883 1013 1906 num
1054 1883 1144 1906 non
1185 1871 1547 1908 abscendentcs

141 1941 198 1976 ad
228 1941 339 1989 ripa
368 1941 544 1989 paenci
575 1941 661 1985 cet.)
702 1942 862 1978 obscure
905 1941 1111 1990 significari
1149 1941 1300 1976 videtur
1330 1942 1548 1979 huiusmodi

140 2011 323 2047 orationis
356 2011 501 2047 ferina:
545 2012 755 2048 tumulus
786 2012 861 2048 hic
893 2019 1001 2048 ante
1035 2012 1216 2060 Tempe
1246 2011 1434 2057 eminet,
1467 2013 1548 2049 La-

140 2081 250 2117 risae
282 2081 344 2129 [et
375 2080 408 2131 ηε]
442 2083 645 2126 inedius;
676 2084 820 2119 abest
852 2104 866 2119 *
890 2104 904 2118 *
938 2079 1178 2131 [Romani]
1210 2093 1298 2116 non
1330 2088 1399 2118 etc.
1459 2083 1548 2119 Me-

140 2151 264 2187 dium
311 2152 408 2188 enim
452 2153 660 2189 Larissae
690 2160 733 2188 et
766 2151 991 2198 (Go11ni?)
1027 2151 1212 2188 tumulum
1246 2151 1377 2188 Livius
1407 2152 1550 2189 dixisse

142 2220 290 2256 videtur
319 2222 452 2258 eodem
485 2223 624 2267 niodo,
668 2235 744 2271 quo
775 2222 938 2260 Ovidius
967 2222 1133 2259 locum
1165 2222 1365 2258 medium
1395 2222 1548 2270 iuguli

141 2297 188 2326 et
217 2290 406 2327 lacerti.
465 2293 541 2330 Sed
570 2305 630 2329 res
660 2293 805 2329 ineerta
834 2299 902 2329 est.

252 2360 348 2409 Cap.
381 2364 443 2401 (52,
477 2366 498 2399 5
541 2363 593 2410 (in
636 2363 808 2400 oratione
839 2375 983 2407 eorum,
1027 2364 1090 2412 qui
1121 2364 1265 2400 Perseo
1295 2363 1470 2407 suadent,
1509 2370 1549 2398 ut

167 2581 197 2624 ¹)
235 2586 254 2624 ξ
284 2589 295 2616 1
336 2587 444 2617 dona
480 2609 489 2618 .
518 2608 525 2615 .
557 2586 669 2615 dono
713 2585 845 2615 dabat
882 2585 952 2614 iure
994 2584 1296 2615 Drakenborchius
1337 2585 1547 2626 improbavit.

239 2647 439 2678 Tollendum
467 2647 584 2677 dona.

179 2719 320 2741 nAuvuiu
334 2719 457 2741 Eanum.
473 2718 545 2741 Lnu.
1243 2710 1284 2737 35
