1811 2925
245 122 321 154 Lib.
354 121 465 153 XLII.
924 122 1001 158 524

244 245 431 291 ludos),
475 256 545 292 pro
578 242 698 278 altero
729 242 882 278 nomine
912 255 1057 278 novum
1091 249 1127 280 et
1166 243 1389 280 inusitatum
1429 243 1673 279 substituere.

245 316 292 352 In
321 314 452 351 codice
492 318 548 349 est
577 312 850 360 donarique
882 313 999 353 dari.
1079 313 1282 362 Apparet‚
1325 326 1443 362 quum
1488 313 1671 362 seriptum

246 391 346 422 esset
376 385 610 432 donaque,
639 383 738 419 inter
767 382 886 419 fieri
916 389 954 419 et
984 383 1088 419 dari
1119 383 1297 420 effectum
1328 397 1411 421 esse
1443 384 1597 420 tertium
1613 383 1674 418 in-

245 455 445 493 finitivum.
540 454 727 490 Extremo
768 454 893 502 capite
924 452 1014 503 (13)
1048 466 1096 490 ne
1126 454 1342 490 dubitemus
1373 466 1458 491 cum
1491 453 1674 491 Creverio

246 526 380 562 tollere
412 525 668 569 sacerdos,
700 524 868 569 accedit·7
912 524 1015 572 quod
1045 524 1083 559 in
1118 524 1203 562 eod.
1234 524 1412 560 scribitur
1440 524 1674 561 sacerdos

247 602 318 632 est
347 596 525 640 lectus,
567 600 607 630 ut
653 594 711 630 edi
758 594 918 630 debeat:
960 595 1005 630 in
1034 594 1202 630 Fulvii
1247 594 1405 643 (locum)
1449 593 1674 644 pontifex

248 666 324 705 Cn.
361 667 493 702 Dom.
525 665 738 702 Ahenob.
771 666 950 714 oppido
983 665 1276 701 adolescens
1308 672 1379 701 est
1406 665 1574 702 lectus.

361 735 457 784 Cap,
490 736 555 780 29,
589 736 609 771 3
648 736 729 781 (ubi
759 736 806 772 de
836 736 984 773 Prusiae
1016 735 1184 771 consiliis
1207 735 1364 784 agitur),
1396 747 1514 783 quum
1545 736 1677 771 edere-

246 815 329 845 tur:
373 819 479 843 nam
510 819 664 854 neque
692 818 779 854 pro
812 806 1042 844 Romanis
1074 818 1122 842 se
1152 818 1342 854 aequum
1375 818 1570 842 censere
1601 806 1676 842 ad—

248 890 421 916 versus
448 877 651 913 fratrem
687 877 857 913 uxoris
890 889 1022 913 arma
1052 876 1194 921 ferre,
1226 878 1415 914 veriorem
1446 876 1676 925 scripturam

248 964 268 987 e
299 949 430 986 codice
462 948 538 984 iam
571 947 908 984 VVeissenbornius
939 947 1124 984 restituit:
1173 961 1277 984 nam
1323 960 1478 995 neque
1508 948 1622 984 Rom
1635 960 1675 983 a·

247 1033 335 1057 nos
378 1020 480 1069 (cod.
524 1017 751 1064 Romans)
781 1030 929 1065 posse
972 1031 1152 1066 aequum
1197 1030 1401 1054 censere
1441 1018 1678 1054 adversus

248 1090 456 1127 fratrem
488 1102 559 1126 ux.
595 1101 629 1125 a.
663 1087 813 1131 ferre;
865 1089 930 1124 sed
962 1089 1098 1124 abesse
1141 1089 1244 1137 apud
1288 1088 1514 1125 infinitivum
1548 1088 1678 1125 serre

249 1160 408 1197 subiecti
451 1160 491 1208 (a
536 1159 723 1196 Romanis
758 1158 915 1206 diversi)
947 1159 1175 1207 significatio
1216 1159 1369 1207 nequitg
1414 1159 1545 1208 itaque
1586 1160 1678 1196 seri·

246 1231 437 1267 bendum:
481 1242 659 1277 aequum
706 1241 905 1265 censere
953 1243 1002 1269 se
1045 1230 1289 1266 adversus
1335 1229 1389 1268 fr.
1435 1243 1472 1269 u.
1519 1243 1554 1267 a.
1600 1228 1679 1278 f,¹).

248 1301 374 1337 Paulo
417 1307 504 1349 post
537 1303 570 1345 (ξ
604 1301 644 1345 6)
689 1312 772 1348 quae
815 1300 861 1335 de
896 1301 1092 1337 Antiocho
1139 1300 1260 1350 Syriae
1303 1313 1394 1349 rege
1438 1301 1680 1338 scribuntur:

249 1378 293 1408 et
336 1371 628 1419 ambigendo
675 1370 729 1405 de
761 1368 1047 1420 Coelesyria
1078 1383 1275 1407 causam
1314 1372 1433 1408 belli
1464 1384 1511 1408 se
1541 1371 1680 1408 habi-

249 1447 404 1477 turum
454 1441 779 1477 existimabat
822 1449 1171 1490 gesturumque
1216 1442 1317 1477 sine
1349 1442 1447 1478 ullo
1478 1442 1677 1491 impedi-

250 1517 422 1556 mento,
455 1512 709 1560 occupatis
741 1512 972 1548 Romanis
1007 1512 1052 1548 in
1082 1512 1409 1548 Macedonico
1439 1512 1597 1557 bello,
1631 1513 1676 1548 id

250 1582 381 1619 bellu
393 1595 442 1627 m,
475 1587 509 1617 et
540 1588 699 1630 propter
729 1594 957 1619 concursum
980 1583 1237 1631 inelegantem
1255 1589 1515 1619 extremorum
1538 1584 1674 1619 horum

249 1653 454 1689 verborum
499 1651 637 1702 (quum
669 1653 880 1700 praesertim
927 1654 975 1689 id
1004 1653 1182 1689 bellum
1229 1654 1332 1690 aliud
1379 1654 1427 1690 sit
1469 1666 1515 1690 ac
1545 1654 1675 1690 Maee-

251 1723 446 1767 donicum)
478 1729 515 1759 et
550 1730 708 1772 propter
737 1723 928 1760 obiectum
960 1724 988 1772 (i
1002 1725 1024 1760 d
1055 1724 1249 1767 bellum)
1280 1725 1375 1760 inire
1404 1725 1442 1761 in
1461 1730 1675 1761 extremum

247 1795 373 1830 locum
420 1800 509 1842 post
554 1794 745 1829 ablativos
778 1794 959 1830 reiectum
993 1796 1239 1831 vehementer
1269 1794 1493 1841 offendunt,
1537 1795 1676 1831 confir-

248 1871 405 1913 matque
449 1865 576 1901 mendi
625 1864 904 1912 suspicionem„
952 1865 1055 1912 quod
1100 1866 1138 1900 in
1183 1866 1313 1902 codice
1347 1879 1423 1901 non
1466 1866 1599 1902 bello
1630 1865 1675 1901 id

248 1935 437 1979 bellum,
469 1935 535 1970 sed
565 1935 696 1970 bello
728 1936 851 1982 quod
884 1936 1056 1971 bellum
1079 1935 1268 1974 scribitur.
1332 1936 1587 1984 Perspicuum
1605 1942 1675 1977 est,

247 2005 411 2053 primam
440 2005 669 2041 sententiam
701 2005 899 2042 terminari
932 2005 990 2041 his
1021 2005 1171 2041 verbis:
1213 2006 1471 2053 occupatis
1501 2007 1675 2042 Roma-

248 2076 319 2111 nis
346 2076 391 2111 in
422 2076 749 2112 Macedonico
781 2076 923 2120 bello‚
954 2082 997 2112 ut
1022 2076 1070 2112 ad
1102 2081 1349 2123 gesturum
1382 2077 1572 2113 obiectum
1606 2090 1674 2113 au·

248 2146 377 2182 diatur
407 2160 454 2182 ex
486 2146 683 2195 superiore
714 2146 832 2182 belli
865 2147 1076 2194 (eausam
1111 2147 1180 2187 b.).
1250 2146 1399 2183 Deinde
1430 2148 1672 2184 scribendum

247 2217 418 2252 videtur:
452 2218 555 2262 (111ae
585 2217 780 2256 uellent
810 2223 989 2261 tamen,
1023 2217 1185 2253 omnia
1328 2218 1502 2254 eximie
1530 2218 1673 2266 polli-

247 2287 376 2323 citus
408 2295 521 2323 erat.
583 2288 645 2324 Ex
677 2300 776 2335 quae
810 2287 996 2332 uellen‚
1046 2288 1163 2324 semel
1193 2288 1335 2337 scripto
1368 2293 1399 2337 t,
1438 2287 1551 2324 facile
1582 2287 1673 2324 oriri

247 2362 401 2404 poterat
428 2358 553 2404 quod
585 2358 770 2394 bellum.
837 2359 967 2395 Unum
1008 2364 1135 2394 tamen
1168 2365 1309 2403 restat;
1355 2371 1444 2394 nam
1475 2371 1545 2407 pro
1577 2358 1674 2394 exi-

284 2531 314 2572 1)
338 2534 440 2564 Initio
476 2535 595 2576 capitis
623 2534 658 2574 (ξ
681 2535 718 2575 2)
746 2535 838 2565 eius
865 2540 1060 2575 corruptum
1088 2541 1157 2574 est,
1194 2536 1257 2566 nisi
1291 2536 1405 2567 Livius
1441 2535 1527 2566 miro
1561 2544 1672 2565 errore

338 2595 491 2626 Persei
519 2606 644 2627 nomen
673 2601 750 2626 ante
769 2606 802 2626 se
829 2597 979 2637 posuisse
998 2597 1138 2637 putavit.
1190 2596 1256 2628 Sed
1284 2596 1401 2633 regis
1421 2595 1583 2627 substitui
1603 2607 1671 2627 non

338 2657 471 2691 debuit,
511 2667 583 2696 quae
610 2657 795 2698 appellatio
833 2667 900 2688 non
934 2658 1048 2689 Persei
1084 2658 1194 2697 magis
1227 2667 1327 2698 quam
1354 2658 1516 2689 Eumenis
1543 2663 1673 2689 eetero-
