1811 2925
241 102 317 133 Lib.
341 102 455 136 XLII.
915 103 992 139 512

243 240 335 264 sane
364 239 461 276 opus
492 232 578 262 erat
608 225 756 270 caveri,
801 238 850 262 ne
881 238 1013 262 omnes
1045 238 1122 262 uno
1151 225 1238 262 loco
1269 227 1372 274 capti
1402 228 1660 270 crederentur.

242 298 482 335 Adverbium
512 296 690 346 passim
720 309 843 345 prave
871 296 1075 346 repetitum
1107 304 1164 333 est
1186 309 1234 333 ex
1263 298 1525 346 superioribus
1552 300 1587 346 (ξ
1603 299 1665 346 8);

242 377 287 406 et
317 370 363 406 in
393 368 511 418 fuga
540 367 724 416 passim
755 368 864 404 caesi
895 374 1019 407 sunt.

353 439 447 489 Cap.
483 441 518 485 8,
538 441 581 478 6:
631 439 712 486 (ubi
742 446 899 476 senatus
929 438 1172 487 indignatur,
1203 439 1406 476 crudeliter
1435 441 1607 478 saevitum
1640 455 1663 478 a

244 512 296 548 M.
327 510 495 560 Popillio
528 510 682 547 consule
712 511 749 547 in
781 510 945 559 Ligures
967 510 1154 557 deditos):
1184 515 1256 545 tot
1285 510 1422 548 milia
1451 513 1662 561 capitum

240 581 579 627 innoxiorum,
637 581 782 618 fidem
824 581 1155 631 implorantes
1206 581 1380 630 populi
1429 584 1664 630 Romani,

241 653 454 703 pessimo
486 653 712 701 exemplo
753 653 953 690 venisse
992 660 1036 689 et
1073 653 1349 690 distractos
1379 655 1557 702 passim
1588 655 1665 692 iu-

242 725 331 762 stis
362 725 601 773 quondam
642 723 871 760 hostibus
901 724 1072 773 populi
1102 724 1308 761 Romani
1339 725 1532 773 pacatis
1563 738 1664 763 ser-

240 795 357 836 vire,
415 795 480 833 Ad
510 795 776 845 indignitatem
808 795 861 831 rei
880 795 1096 844 augendam
1131 795 1228 831 adeo
1244 795 1338 831 nihil
1353 796 1529 845 pertinet,
1561 797 1665 845 quod

241 868 441 916 pacatis
472 867 634 916 Ligures
665 867 859 913 serviunt7
897 874 939 903 ut
967 880 1049 903 rem
1080 867 1199 904 leniat
1238 868 1277 904 id
1307 867 1539 905 vocabulum
1573 880 1664 904 eon-

241 937 403 986 silioque
435 938 621 974 orationis
652 945 851 987 repugnet.
919 938 996 976 Sed
1032 939 1136 986 quod
1156 939 1508 984 W‘Veissenbornius,
1542 939 1666 976 anim-

241 1009 406 1046 adverso
438 1010 633 1046 sententiae
663 1010 778 1055 vitio,
824 1009 1019 1045 substituit
1056 1017 1283 1058 pacatos,
1329 1010 1443 1046 etiam
1489 1010 1664 1047 vitiosius

242 1087 315 1126 est3
363 1081 455 1129 quid
500 1081 599 1117 enim
645 1093 743 1129 opus
786 1087 844 1117 est
888 1080 961 1117 dici
1005 1088 1212 1129 pacatos
1255 1094 1360 1125 esse,
1407 1082 1472 1130 qui
1519 1081 1665 1118 venditi

243 1151 442 1189 serviant?
508 1153 597 1190 Uno
640 1153 757 1189 modo
800 1152 837 1188 in
867 1152 1054 1200 reliquam
1086 1152 1313 1188 sententiam
1352 1152 1494 1188 includi
1521 1152 1562 1188 id
1593 1165 1663 1189 vo-

241 1223 418 1260 cabulum
449 1230 588 1272 potest,
620 1230 657 1260 et
685 1223 829 1261 includi
859 1223 1067 1272 aptissime7
1099 1223 1131 1260 si
1164 1231 1230 1260 aut
1259 1224 1342 1259 vix
1372 1223 1565 1273 pacatis
1597 1230 1663 1259 aut

240 1308 392 1344 nuper
420 1296 614 1344 pacatis
662 1295 827 1340 scribas3
871 1301 907 1331 et
937 1307 1089 1343 nuper
1118 1302 1208 1344 post
1237 1308 1301 1343 pr.
1343 1294 1456 1331 facile
1486 1294 1662 1330 excidere

240 1367 375 1415 potuit.
440 1367 535 1403 Haec
566 1366 769 1411 cohaerent„
802 1365 946 1402 servire
971 1365 1134 1413 Ligures
1165 1366 1231 1411 iis,
1264 1365 1328 1414 qui
1368 1365 1562 1413 quondam
1592 1366 1662 1401 ho-

245 1445 320 1475 stes
348 1440 614 1476 Romanorum
647 1436 808 1482 fuerint,
839 1449 962 1485 nuper
991 1437 1144 1472 demum
1174 1437 1303 1486 pacati
1334 1436 1422 1473 sint.
1486 1435 1668 1483 Sequitur

244 1510 279 1545 in
318 1516 473 1546 senatus
511 1510 687 1546 decreto:
734 1507 948 1558 (placere
993 1508 1208 1556 senatui)
1364 1508 1590 1555 bonaque
1619 1513 1668 1542 ut

244 1578 305 1617 iis
339 1580 596 1629 (Ligu1·ibus)‚
630 1580 866 1628 quiequid
897 1580 999 1616 eius
1029 1579 1331 1629 recuperari
1361 1578 1539 1628 possit,
1567 1578 1667 1614 red-

244 1652 444 1697 dantur,
491 1651 721 1700 (consulem)
769 1664 957 1696 curare3
1011 1664 1144 1688 arma
1201 1663 1391 1699 quoque
1444 1656 1667 1697 tempore

244 1722 355 1759 fieri
398 1735 483 1759 nec
528 1729 639 1759 ante
693 1723 942 1759 consulem
997 1723 1050 1759 de
1099 1722 1363 1772 provincia
1421 1720 1666 1764 decedere,

245 1808 384 1843 quam
420 1794 619 1831 deditos
664 1795 709 1831 in
741 1794 902 1831 sedem
934 1807 1066 1830 suam
1102 1795 1304 1843 Ligures
1343 1792 1666 1830 restituisset.

245 1866 423 1902 Licenter
461 1872 498 1901 et
541 1864 742 1902 infeliciter
788 1867 868 1902 haec
910 1865 1102 1914 Grynaeus
1143 1863 1466 1913 interpolaverat3
1509 1862 1576 1899 sed
1619 1874 1667 1898 ne

245 1937 490 1986 Kreyssigius
523 1937 675 1985 quidem
706 1950 839 1974 verum
873 1936 989 1981 vidit,
1032 1936 1097 1984 qui
1127 1934 1293 1971 fortasse
1324 1933 1564 1970 scribendum
1596 1945 1665 1982 pu—

244 2007 357 2043 tavit:
401 2019 534 2043 arma
569 2008 727 2056 primo
764 2020 954 2057 quoque
986 2014 1207 2056 tempore
1237 2004 1414 2041 referri
1440 2004 1564 2052 (quod
1595 2016 1665 2052 pro

243 2079 381 2115 reddi
416 2078 538 2126 accipi
568 2079 651 2114 vult-
681 2087 817 2116 contla
848 2092 957 2116 usum
989 2077 1204 2127 loquendi),
1233 2088 1303 2112 nec
1316 2075 1665 2119 WVeissenbornius,

244 2149 309 2197 qui
338 2150 508 2198 scripsit:
540 2163 672 2187 arma
705 2164 902 2199 quoqne
933 2151 1163 2198 adempta
1193 2147 1389 2184 referri.
1447 2146 1580 2183 Livius
1616 2145 1666 2181 ad

244 2221 342 2257 hanc
364 2221 529 2258 formam
552 2222 776 2271 scripserat:
808 2235 942 2259 arma
962 2234 1052 2270 quo
1068 2233 1155 2269 que
1188 2217 1364 2268 [reddi3
1387 2230 1541 2266 eaque
1573 2216 1666 2266 pri-

244 2305 316 2328 mo
350 2291 562 2342 quoque]
596 2299 812 2342 tempore
847 2293 989 2338 fieri,
1032 2304 1115 2329 nec
1147 2300 1258 2327 ante
1294 2296 1365 2328 cet.
1433 2289 1528 2336 Quae
1557 2287 1665 2325 uncis

244 2362 391 2399 inclusa
438 2363 591 2409 addidi,
636 2365 781 2401 omissa
830 2370 918 2400 sunt
958 2370 1117 2412 propter
1155 2373 1349 2409 quoque
1386 2360 1444 2396 bis
1484 2360 1664 2409 positum.

243 2431 624 2483 (Oppugnantes
655 2448 726 2485 pro
758 2440 1045 2484 pugnantes
1076 2433 1221 2470 frustra
1243 2431 1580 2468 Weissenbornius
1599 2430 1664 2466 de-

245 2504 376 2549 fendit,
408 2511 534 2542 ortum
566 2519 614 2543 ex
644 2506 876 2556 praecedenti
908 2501 1010 2555 ⁰.)¹)

271 2653 301 2696 ¹)
343 2653 427 2696 Cap.
457 2660 487 2688 9,
519 2658 531 2685 l
563 2656 588 2686 si
616 2654 714 2695 plene
742 2661 881 2686 enotata
906 2665 926 2685 a
951 2654 1132 2695 Kopitario
1159 2653 1286 2685 codicis
1312 2653 1478 2693 scriptura
1505 2656 1611 2688 esset,
1632 2650 1665 2680 iu
