1811 2925
292 124 367 155 Lib.
383 123 515 155 xxw.
918 128 960 164 31
974 128 995 163 2

247 247 395 283 urbium
426 246 528 282 cives
561 257 692 282 omnes
711 246 844 283 Livius
870 246 1057 295 pluralem
1088 251 1323 297 pronominis
1341 250 1659 288 distributivinu-

247 329 391 352 merum
423 316 749 353 accommodavit:
791 316 1115 354 adfirmantes
1155 331 1203 356 se
1232 333 1321 357 non
1359 322 1495 358 modo
1524 333 1657 358 suam

248 398 466 438 quosque
498 386 707 434 patriam
851 385 1132 424 relicturos.
1210 389 1358 426 Eodem
1390 392 1562 441 eapite}
1600 393 1658 435 10,

247 456 313 499 (de
344 456 563 493 Hannibale
595 466 631 492 et
663 454 867 504 Marcello)
900 456 938 493 in
969 457 1002 494 P
1036 458 1231 495 scribitur:
1261 472 1316 496 ex
1360 473 1446 509 quo
1477 461 1659 510 primus

246 532 358 575 post
389 527 606 564 adversae
639 538 806 575 pugnae
835 526 1048 575 gloriam
1079 535 1302 576 ceperat3
1334 543 1440 567 error
1465 537 1571 568 ortus
1603 531 1658 567 vi-

247 598 356 634 detur
385 610 433 634 ex
463 597 653 633 vocabulo
685 597 919 633 adversus
951 597 1008 633 bis
1032 598 1158 646 posito
1182 599 1219 635 in
1246 600 1346 637 hunc
1375 600 1454 638 fere
1485 601 1659 637 modum:

247 680 303 704 ex
335 680 425 716 quo
455 667 638 716 primus
675 673 786 716 post
817 664 1217 716 [adversissimas
1255 670 1399 720 haud]
1446 671 1661 708 adversae

246 750 411 787 pugnae
441 738 651 787 gloriam
685 744 898 787 ceperat.

358 808 454 858 Cap.
487 810 551 853 30,
589 811 648 847 10.
724 808 788 844 Ad
832 809 932 844 hunc
962 807 1107 853 locum,
1149 809 1186 845 in
1228 822 1303 858 quo
1337 811 1570 860 Syracusani
1613 812 1660 848 de

247 880 400 916 miseria
441 892 512 916 sua
557 884 793 927 queruntur,
851 878 1135 927 intelligendum
1181 880 1536 929 emendandumque
1583 881 1659 918 duo

248 950 412 987 tenenda
443 956 553 995 sunt,
596 949 784 998 primum,
826 962 940 997 quum
971 954 1060 997 post
1090 954 1217 985 tecta
1247 951 1485 987 exhausta
1515 948 1659 1001 (direp-

246 1020 364 1067 tione)
405 1025 728 1057 commemoretur
766 1025 950 1066 tanquam
982 1018 1130 1063 maiuS,
1161 1020 1285 1056 bona
1316 1034 1505 1069 quoque
1536 1021 1659 1058 mul-

247 1090 306 1126 tis
338 1091 562 1139 adempta
593 1102 687 1133 esse,
718 1089 756 1125 id
785 1088 1001 1125 necessario
1032 1089 1221 1137 pert-inere
1239 1091 1287 1127 ad
1308 1091 1538 1139 praediorum
1554 1091 1659 1138 (fun—

247 1159 382 1196 dorum
409 1166 447 1196 et
483 1160 701 1205 domorum)
746 1158 1072 1208 publicationem,
1116 1160 1251 1196 deinde
1295 1161 1444 1197 solum
1488 1163 1658 1198 nudum

246 1243 322 1266 non
351 1242 466 1279 posse
499 1230 687 1278 appellari
718 1228 994 1278 (appositione)
1041 1230 1285 1278 reliquias
1326 1232 1528 1281 direptae
1559 1233 1658 1269 for-

247 1307 393 1343 tunae,
435 1301 616 1348 quoniam
654 1301 811 1348 direptae
847 1298 1009 1335 fortunae
1039 1300 1192 1336 nomine
1223 1301 1462 1339 continentur
1491 1309 1658 1339 tantum-

247 1371 361 1407 modo
392 1383 452 1406 res
485 1376 701 1415 moventes,
754 1382 838 1418 quae
888 1370 980 1406 solae
1019 1369 1130 1418 diripi
1173 1372 1441 1420 asportarique
1485 1379 1657 1421 possunt.

247 1442 384 1489 Itaque
436 1453 512 1476 una
560 1441 690 1477 addita
735 1440 1005 1489 praepositione
1035 1441 1081 1476 in
1115 1440 1213 1476 inter
1252 1454 1306 1477 ne
1336 1447 1373 1477 et
1402 1442 1523 1478 nude
1556 1441 1659 1492 (en),

248 1511 488 1547 scribendum
510 1517 584 1547 est:
613 1511 682 1547 ita
711 1517 760 1547 ut
789 1524 842 1547 ne
872 1511 917 1547 in
939 1511 1062 1547 nudo
1095 1510 1289 1559 quidem
1313 1511 1416 1547 solo
1438 1511 1663 1560 reliquiis

249 1582 447 1630 direptae
485 1581 691 1617 fortunae
736 1581 867 1617 alere
909 1593 1014 1617 sese
1046 1593 1098 1617 ac
1144 1593 1255 1617 suos
1300 1588 1511 1629 possent.
1575 1583 1664 1619 Hoc

250 1658 459 1700 queruntur
489 1652 735 1701 Syracusani,
765 1652 831 1696 iis,
863 1651 999 1700 quibus
1030 1652 1132 1687 bona
1163 1651 1343 1699 adempta
1387 1651 1485 1697 sint,
1518 1664 1565 1688 ne
1595 1664 1663 1689 nu·

249 1723 338 1758 dum
370 1723 521 1771 quidem
554 1723 675 1758 solum
712 1722 900 1771 (direptis,
933 1722 1070 1770 quibus
1103 1722 1325 1758 instructum
1365 1727 1402 1756 et
1435 1727 1662 1758 exornatum

250 1792 399 1840 fuerit),
442 1799 612 1837 restare.
642 1794 679 1828 in
712 1806 788 1840 quo
818 1793 885 1828 iis.
929 1805 1013 1840 quae
1054 1792 1215 1841 direptio
1259 1791 1421 1827 fortunae
1457 1791 1664 1839 reliquerit,

252 1864 353 1900 alere
382 1876 422 1900 se
451 1863 612 1912 possint.

363 1932 458 1982 Cap.
507 1936 569 1978 31,
616 1934 637 1969 2
686 1933 740 1979 (in
771 1933 942 1969 Marcelli
975 1939 1109 1969 contra
1140 1932 1406 1980 Syracusanos
1452 1933 1662 1980 oratione):

252 2005 340 2040 Sed
372 2017 483 2048 non,
515 2004 626 2052 quid
658 2016 742 2052 ego
775 2003 991 2048 fecerim,
1029 2003 1074 2039 in
1105 2001 1502 2050 disquisitionem
1532 2002 1666 2039 venit

250 2087 353 2110 nam
388 2074 615 2122 quicquid
644 2074 727 2110 isti
756 2074 857 2123 pati
889 2074 1160 2109 debuerint.
1222 2072 1286 2110 Sic
1322 2073 1368 2111 P.
1395 2072 1664 2110 Weissenbor-

251 2144 334 2179 nius
356 2144 476 2180 multa
492 2144 684 2180 moliendo
701 2144 755 2180 ita
771 2144 956 2180 dicentem
971 2143 1194 2180 Marcellum
1208 2142 1312 2185 facit7
1326 2148 1368 2177 ut
1383 2143 1475 2179 nihil
1510 2142 1663 2179 omnino

252 2214 464 2262 relinquat,
507 2215 609 2263 quod
640 2215 676 2250 in
718 2214 1021 2263 disquisitionem
1053 2213 1204 2257 veniat,
1249 2212 1435 2260 siquidem
1474 2219 1510 2249 et
1539 2213 1663 2261 ipsum

251 2290 353 2321 reete
384 2284 519 2321 secisse
551 2291 587 2321 et·
617 2285 907 2334 Syracusanos,
959 2296 1042 2332 quae
1071 2283 1176 2332 passi
1216 2282 1310 2326 sint,
1364 2281 1546 2318 meruisse
1594 2294 1664 2331 pro

252 2362 354 2391 certo
399 2355 566 2404 ponitur.
651 2354 806 2392 Rectius
853 2354 1078 2392 Gronovius
1125 2352 1348 2389 sent-entiam
1401 2357 1665 2400 perspexerat.

253 2425 459 2462 Marcellus
490 2426 590 2462 enim
623 2425 741 2473 quaeri
770 2430 898 2474 negat,
944 2424 1034 2472 qnid
1067 2424 1149 2473 ipse
1182 2422 1331 2465 fecerim
1363 2421 1535 2459 confiteri
1565 2421 1664 2457 enim

253 2507 305 2541 se.
335 2508 467 2532 severe
497 2502 684 2532 tractatos
715 2495 1002 2544 Syracusanos;
1045 2494 1082 2530 id
1131 2493 1249 2541 quaeri
1293 2492 1365 2537 ait,
1410 2491 1665 2528 meruerintne

251 2566 336 2615 ipsi,
368 2572 408 2602 ut
425 2566 478 2602 sic
509 2571 781 2609 tractarentur;
810 2565 940 2613 itaque
961 2566 1034 2601 hoc
1054 2564 1231 2612 deinceps
1262 2562 1524 2599 demonstrare
1550 2574 1665 2598 cona-

253 2642 325 2674 tur.
392 2635 553 2685 Scripsit
581 2635 697 2683 igitur
728 2635 880 2672 Livius:
929 2634 1020 2672 Sed
1049 2646 1140 2670 non
1171 2629 1313 2684 [tann]
1344 2631 1456 2680 quid
1487 2644 1572 2680 ego
1603 2630 1666 2667 fe-
