1811 2925
237 144 308 174 Lib,
334 142 427 173 XLI.
908 143 985 177 506

238 280 336 316 quae
365 265 495 302 forte
524 265 721 302 fuerunt
749 265 918 313 utique
948 272 1060 314 post
1088 271 1441 309 m01·tem;cum
1473 265 1656 302 classis

238 335 734 376 RomanaCenchreis
765 335 1231 381 staret,consulcum
1248 337 1465 373 exercitu
1482 336 1658 373 Elatiae

237 414 389 454 esset,
416 408 625 444 triduum
656 419 743 443 nos
773 406 818 443 in
855 407 1065 443 concilio
1096 406 1270 451 fuisse,
1299 408 1656 444 consultantes.

238 486 395 517 utrum
425 481 669 516 Romanos
701 492 759 514 an
778 478 1060 527 Philippum
1091 491 1418 527 sequeremur.
1479 479 1654 516 Priorem

237 551 467 587 sententiam
509 551 546 586 in
592 555 765 586 extrema
806 554 918 598 parte
960 562 1138 586 mancam
1170 562 1252 586 esse
1282 557 1319 587 et
1350 550 1536 587 excidisse
1566 563 1657 587 vcr-

236 624 340 669 bum,
373 623 485 671 quale
502 628 559 658 est
590 621 782 657 elevent
813 627 879 656 aut
910 621 1185 666 obscurent,
1218 622 1407 658 neminem
1423 621 1532 671 fugit.
1579 622 1655 660 Sed

236 707 311 730 non
341 694 464 730 minus
494 693 737 742 perspicuum
767 698 836 736 est,
867 691 1004 727 deinde
1034 705 1178 729 novam
1218 692 1386 742 incipere
1416 693 1656 729 sententiam.

237 778 321 814 quae
349 766 398 801 ab
428 764 493 801 illo
525 765 687 802 dicere
717 770 938 813 poteram
967 763 1136 812 pendere
1169 770 1353 812 nequeat3
1400 777 1524 813 neque
1556 765 1653 801 enim

237 850 321 875 cum
353 836 534 872 universa
562 836 629 871 illa
658 835 926 884 propositione
958 835 1017 883 (ut
1046 836 1221 872 rhetores
1252 835 1468 884 appellant)
1500 836 1547 871 de
1577 848 1655 871 me-

237 909 317 946 ritis
354 915 529 944 veterum
560 906 801 944 Macedoniae
838 919 971 954 regum
1015 919 1226 954 eorumque
1266 907 1436 955 pondere
1477 906 1657 954 coniungi

238 981 313 1017 ullo
345 986 461 1029 pacto
494 991 542 1015 ex
572 990 683 1026 aequo
714 984 843 1026 potest
874 978 1118 1014 confirmatio
1162 986 1199 1014 et
1229 978 1460 1027 exemplum.
1534 978 1654 1014 Recto

237 1053 352 1102 igitur
380 1053 565 1088 hactenus
596 1049 736 1085 iudicio
769 1048 961 1097 Grynaeus
994 1049 1047 1085 sic
1079 1050 1303 1098 scripserat:
1337 1050 1487 1096 Quum
1526 1049 1656 1085 clas-

238 1124 303 1161 sis
334 1124 379 1160 R.
411 1121 675 1159 Cenchreis
709 1127 878 1164 staret,
918 1148 954 1158 ..
996 1121 1210 1157 triduum
1244 1121 1289 1156 in
1320 1119 1535 1157 concilio
1562 1119 1657 1155 fui-

238 1207 360 1239 mus5
392 1193 759 1237 consultantes,
805 1198 898 1235 cet.5
945 1192 1017 1227 nisi
1052 1192 1156 1239 quod
1187 1192 1375 1228 violenter
1423 1191 1578 1227 fuisse
1617 1191 1655 1227 in

238 1266 414 1302 fuimus
447 1270 627 1299 mutatur.
686 1263 837 1299 Eadem
868 1262 1007 1298 lacuna
1039 1269 1077 1298 et
1106 1263 1315 1311 superioris
1332 1263 1527 1299 sententiae
1543 1263 1655 1298 finem

238 1345 275 1374 et
306 1337 417 1373 huius
447 1334 596 1371 initium
630 1334 774 1378 hansit;
807 1334 887 1369 haec
920 1334 1019 1369 enim
1052 1334 1237 1370 orationis
1272 1333 1399 1369 forma
1431 1333 1574 1370 fuerat:
1609 1341 1657 1370 ut

241 1407 465 1456 Philippi
495 1405 777 1450 iniurias,si
809 1417 907 1453 quae
938 1405 1067 1441 forte
1097 1404 1319 1442 fuerunt.
1357 1402 1653 1453 [obscurent.

242 1475 565 1526 Meministis]
600 1489 742 1524 quum
775 1475 955 1512 classis
987 1477 1034 1513 R.
1067 1475 1109 1512 C.
1133 1482 1303 1516 staret,
1441 1476 1657 1512 triduum

240 1563 324 1586 nos
352 1550 395 1586 in
428 1548 643 1586 concilio
679 1546 855 1591 fuisse„
889 1556 960 1585 cet.
1078 1548 1260 1596 Sequitur
1300 1552 1335 1592 (ξ
1374 1549 1436 1595 14)
1476 1561 1583 1584 error
1620 1560 1661 1583 re

240 1634 395 1670 parvus.
427 1621 476 1657 ad
507 1619 703 1656 sententiae
733 1618 1002 1655 detrimentum
1034 1632 1110 1655 non
1141 1631 1306 1667 parvus:
1349 1620 1402 1655 sic
1436 1618 1533 1655 enim
1566 1618 1660 1654 scri-

241 1693 357 1729 bitur:
391 1692 483 1728 fuit
515 1697 645 1728 certe
676 1698 832 1726 tamen
864 1691 1062 1739 aliquid,
1095 1690 1218 1738 quod
1242 1697 1332 1726 tam
1366 1691 1556 1739 longam
1588 1689 1660 1725 de-

241 1764 585 1801 liberationem
615 1762 808 1798 faccrct
838 1762 939 1808 (cod.
963 1763 1180 1809 fecerat),
1215 1762 1259 1798 id
1293 1763 1417 1811 quod
1450 1768 1555 1797 crat
1584 1773 1660 1796 ve-

239 1842 372 1871 tusta
403 1834 512 1872 (cod.
545 1833 811 1875 vetustate)
844 1832 1128 1869 coniunctio
1168 1847 1270 1870 cum
1288 1832 1659 1876 Macedonibus,

239 1913 406 1943 vetera
449 1913 493 1941 et
531 1918 702 1953 magna
738 1905 782 1940 in
828 1916 912 1939 nos
944 1916 1105 1951 regum
1140 1903 1240 1941 (cod.
1266 1904 1439 1949 rerum)
1474 1901 1658 1937 merita.

243 1977 475 2014 Pravissime
494 1989 579 2013 cum
610 1976 758 2012 infinita
789 1974 1047 2011 affirmatione
1089 1974 1321 2022 (aliquid)
1357 1987 1425 2022 per
1456 1973 1500 2008 id
1533 1972 1657 2020 quod

241 2049 384 2097 (ipsum
417 2049 553 2084 vitiose
588 2048 776 2097 positum,
815 2046 997 2094 quoniam
1029 2059 1105 2081 non
1126 2046 1175 2081 ad
1206 2045 1453 2094 praedicatnm
1487 2050 1658 2079 totamve

238 2119 462 2155 sententiam
479 2119 656 2161 refertur)
668 2118 912 2166 coniungitur
926 2124 1038 2153 certae
1053 2117 1107 2153 rei
1125 2115 1401 2153 demonstratio
1430 2113 1549 2162 (aliq
1561 2113 1636 2149 uid
1648 2141 1658 2157 ,

240 2191 283 2226 id
315 2191 470 2239 quod).
530 2191 691 2227 Rectam
734 2188 920 2224 orationis
953 2188 1118 2224 formam
1163 2188 1301 2225 efficiet
1344 2199 1421 2223 una
1461 2185 1588 2221 littera
1621 2192 1658 2220 et

238 2262 349 2297 simul
378 2260 632 2309 interpunctio
664 2266 829 2295 mutata:
881 2258 973 2295 fuit.
1017 2271 1046 2295 c.
1079 2268 1104 2296 t.
1138 2259 1237 2307 aliq
1250 2259 1348 2303 uid7
1403 2270 1426 2305 q
1444 2256 1533 2292 uod
1564 2262 1656 2291 tam

238 2333 427 2380 longam
461 2330 871 2367 deliberationem
895 2330 1094 2368 faceret.
1158 2330 1212 2366 ld
1245 2329 1356 2378 quid
1388 2326 1518 2365 erat?
1572 2327 1656 2362 Ve-

237 2409 367 2439 tusta
398 2402 680 2439 coniunctio
712 2416 745 2440 c.
777 2403 894 2439 Mac.
933 2399 1048 2444 cct.¹)

263 2632 290 2670 1)
331 2636 350 2672 ς’
378 2637 396 2663 s»
424 2634 641 2674 Kreyssigius
668 2644 782 2665 veram
810 2634 1011 2674 scripturam
1039 2632 1183 2662 restituit
1199 2631 1275 2671 (Ac
1303 2631 1463 2660 scimus
1490 2628 1655 2659 Persea

332 2705 464 2735 regno
501 2701 687 2736 accepto
727 2705 872 2734 regem
912 2704 932 2724 a
969 2705 1001 2735 p.
1029 2694 1068 2724 R.
1109 2692 1397 2733 appellatum:
1435 2691 1655 2722 audimus.
