1811 2925
228 143 305 174 Lib.
329 144 405 174 XL.
903 144 981 179 480

232 279 322 314 que
367 265 532 302 eodem
578 263 651 299 die
697 263 848 312 cepit3
889 264 988 299 tria
1030 263 1162 300 milia
1212 265 1407 301 ducenti
1438 264 1651 301 hostium

232 336 487 384 omnisque
525 348 579 371 ea
609 334 752 382 regio
798 334 1026 381 Ligurum
1077 333 1121 370 in
1167 335 1463 372 deditionem
1505 335 1654 371 venit.

232 405 416 443 Consul
453 404 658 441 deditos
698 404 744 440 in
789 411 1093 452 campestres
1125 418 1269 454 agros
1301 406 1509 443 deduxit
1538 418 1653 454 prae-

232 476 457 524 sidiaque
488 475 737 511 montibus
767 474 1021 522 imposuit.
1082 475 1208 511 Nimis
1240 476 1401 525 exiguus
1432 482 1489 512 est
1517 488 1654 512 nume-

232 559 296 583 rus
327 546 542 582 deditorum
573 558 644 593 pro
676 551 759 581 tota
788 545 957 593 regione,
991 557 1076 593 quae
1109 545 1250 582 bellum
1279 546 1466 583 Romanis
1496 546 1655 587 fecerat,

233 617 300 653 vix
334 629 419 652 eum
451 628 630 664 aequans,
673 627 785 662 quem
830 622 1031 663 captorum
1060 615 1099 651 in
1129 615 1285 664 proeliis
1319 617 1484 653 hostium
1521 616 1656 652 Livius

232 688 270 723 in
303 687 360 723 his
394 687 504 723 bellis
535 686 647 722 edere
678 686 797 729 solet3
829 697 919 729 nec,
951 685 1016 721 ubi
1060 691 1149 721 totae
1179 686 1356 734 regiones
1399 699 1439 723 se
1469 686 1657 723 Romanis

235 758 401 802 dedunt,
450 769 630 793 numerus
669 755 881 792 incolarum
917 755 1003 791 iniri
1035 755 1172 804 edique
1202 757 1317 801 solet3
1359 757 1514 793 omnino
1557 756 1656 793 enim

234 829 444 865 incolarum
487 826 635 863 numeri
674 826 827 863 urbium
865 827 1144 875 regionumque
1185 840 1345 876 perraro
1386 833 1660 876 computantur

235 899 338 947 apud
382 905 542 935 veteres.
632 897 848 946 scripserat
898 898 1031 934 Livius
1075 898 1113 934 in
1153 899 1252 935 hanc
1301 899 1486 935 formam:
1541 897 1658 934 Tria

234 970 370 1007 inilia
418 968 614 1005 ducenti
657 969 874 1005 hostium
918 967 1046 1018 [caesi
1077 975 1208 1014 sunt,
1240 991 1254 1005 ες
1285 967 1447 1018 captL]
1481 968 1658 1004 omnis-

239 1054 327 1089 que
359 1054 412 1076 ea
441 1038 577 1087 regio
611 1039 843 1086 Ligurum
881 1047 951 1076 cet.

349 1110 444 1158 Cap.
472 1113 534 1153 55,
559 1112 580 1147 8
602 1110 665 1158 (de
687 1110 870 1158 Philippo
902 1114 1032 1158 1·ege]:
1064 1116 1107 1146 et
1136 1109 1491 1146 infelicitatem
1524 1121 1657 1144 suam

237 1181 280 1216 in
312 1181 486 1217 liberis
516 1181 830 1228 graviorem,
882 1181 1010 1228 quod
1054 1180 1181 1216 alter
1210 1180 1443 1228 perissetq
1488 1191 1658 1215 cense-

237 1253 332 1290 bat.
392 1251 608 1288 Ridiculum
641 1258 709 1294 est,
740 1256 925 1298 tanquam
957 1250 1150 1298 singulare
1164 1250 1269 1299 poni,
1300 1250 1519 1299 graviorem
1543 1249 1657 1285 etiam

241 1334 325 1358 esse
354 1321 645 1366 infelicitatem7
691 1321 794 1369 quod
832 1320 928 1356 alter
966 1334 1014 1356 ex
1053 1320 1182 1356 liberis
1212 1322 1391 1369 perierim
1440 1320 1550 1368 quasi
1582 1332 1659 1355 non

239 1392 361 1428 soleat
389 1391 522 1428 infelix
552 1404 635 1428 esse
666 1391 815 1440 parenti
856 1390 1062 1426 liberorum
1099 1391 1285 1427 interitus.
1356 1392 1496 1438 Itaque
1539 1389 1660 1426 corri-

239 1469 333 1511 gunt
363 1462 456 1498 satis
486 1462 655 1499 fortiter:
687 1461 811 1509 quod
843 1461 968 1497 alter
1001 1469 1310 1510 superesset3
1343 1461 1381 1497 id
1402 1461 1501 1497 enim
1516 1472 1659 1496 novum

239 1540 276 1569 et
305 1533 498 1581 singulare
529 1539 623 1577 erat,
655 1533 759 1580 quod
787 1531 940 1567 taedium
958 1531 1092 1567 infelix
1108 1538 1219 1580 pater
1238 1545 1286 1568 ex
1303 1545 1348 1568 eo
1367 1533 1450 1580 ipso
1469 1531 1661 1580 capiebat,

242 1604 343 1652 quod
376 1604 537 1640 alterum
571 1610 698 1639 tamen
731 1603 850 1638 filium
873 1602 1115 1650 superstitem
1140 1603 1311 1645 haberet,
1344 1602 1498 1638 alterius
1530 1601 1661 1638 amissi

241 1674 373 1710 mortis
406 1681 612 1712 auctorem.
674 1674 750 1711 Sed
792 1685 839 1708 ne
870 1672 924 1708 sic.
956 1671 1108 1719 quidem
1141 1673 1428 1721 comparativus
1459 1678 1571 1720 aptus
1605 1678 1662 1707 est

241 1755 323 1791 nec,
358 1743 501 1779 omissa
530 1744 596 1780 filii
627 1744 757 1780 amissi
787 1742 998 1784 mentione,
1044 1742 1137 1778 satis
1168 1743 1394 1791 exprimitur
1439 1742 1662 1778 infelici-

241 1821 314 1850 tas
347 1814 393 1849 in
425 1814 613 1850 liberis.
676 1814 820 1851 Omnia.
853 1820 958 1849 recta
989 1819 1099 1848 erunt
1128 1813 1333 1861 mendique
1365 1825 1483 1849 causa
1514 1819 1662 1860 aperta,

241 1885 272 1920 si
303 1885 356 1921 sie
388 1884 717 1933 suppleverimus:
761 1890 805 1919 et
835 1883 1190 1919 infelicitatem
1234 1895 1367 1919 suam
1398 1884 1443 1919 in
1488 1882 1662 1919 liberis

240 1955 543 2003 graviorem,
567 1955 691 2002 quod
723 1954 849 1990 alter
866 1953 1332 2002 [supel·esset‚quan]
1366 1953 1491 2001 quod
1522 1952 1658 2000 alter]

241 2025 467 2073 perisset,
512 2025 753 2061 censebat.
844 2025 930 2060 Iam
977 2029 1140 2072 apparet
1182 2035 1342 2059 acumen
1384 2022 1423 2058 in
1462 2022 1663 2070 utriusque

241 2107 352 2131 casus
384 2095 702 2144 comparatione3
750 2094 947 2130 aberravit
988 2093 1121 2130 oculus
1150 2093 1188 2128 in
1219 2093 1346 2129 verbis
1381 2092 1505 2140 quod
1535 2092 1664 2128 alter

242 2165 299 2201 bis
330 2166 474 2214 positis.
546 2164 646 2201 Illud
692 2165 776 2200 leve
814 2172 896 2208 est,
935 2163 1197 2200 adnotandum
1237 2171 1388 2204 tamen,
1434 2169 1491 2199 ter
1520 2163 1558 2198 in
1589 2163 1662 2198 hoc

246 2235 372 2282 eapite
415 2236 580 2272 scribam
625 2235 780 2271 nomine
824 2235 922 2271 inter
953 2234 1113 2271 Graecos
1143 2233 1315 2269 inaudito
1348 2232 1535 2281 appellari
1569 2233 1660 2280 Xy-

242 2306 396 2350 chum3
443 2312 537 2354 puto
569 2305 847 2353 Eutychum
897 2317 989 2340 vero
1031 2304 1185 2340 nomine
1215 2302 1449 2351 appellatum
1482 2314 1565 2338 esse
1603 2309 1663 2348 (ut

243 2388 290 2411 ex
320 2376 451 2411 forte
481 2375 733 2424 Eutychus
763 2374 908 2411 factum
946 2374 994 2409 sit
1023 2373 1156 2409 forte
1185 2369 1460 2421 Xychus).¹)

269 2599 297 2643 1)
346 2601 430 2643 Cap.
460 2605 513 2639 56,
546 2606 584 2632 10
612 2608 701 2632 recte
728 2601 820 2639 fecit,
849 2600 1001 2641 quisquis
1034 2600 1162 2640 primus
1195 2609 1255 2640 pro
1294 2598 1523 2629 admoneri
1557 2597 1664 2637 scrip·

340 2665 384 2694 sit
410 2664 646 2696 admoveri.
713 2662 792 2693 Non
818 2662 851 2692 id
875 2662 1005 2701 agitur,
1036 2662 1226 2702 potueritne
1253 2660 1426 2691 admoneri
1457 2660 1662 2699 Antigonus,
