1811 2925
847 120 894 155 67
1371 119 1444 151 Lib.
1472 120 1535 153 111.

164 239 293 276 stratis
325 246 449 275 autem
483 239 658 275 omnibus
689 239 754 274 vix
786 239 995 288 quidquam
1020 242 1203 289 reperias,
1237 242 1340 290 quod
1372 243 1444 278 dici
1469 250 1582 291 potu-

165 310 247 355 erit,
279 310 349 346 nisi
380 309 698 350 reficiebant,
730 310 836 346 cuius
866 311 973 346 verbi
1005 311 1129 359 prima
1160 311 1310 360 syllaba
1340 320 1427 360 post
1453 313 1582 349 vires

164 380 276 416 facile
307 380 481 416 excidere
511 387 673 429 poterat.
765 380 889 429 (Ante
927 380 1210 417 refecerant
1245 382 1504 422 conieceram,
1545 384 1581 419 in

162 451 267 499 quod
316 450 428 486 video
466 451 578 486 etiam
625 451 980 487 Weissenbornium
1025 452 1214 490 incidisse.
1308 452 1580 500 Imperfectum

161 534 242 557 rem
276 521 414 556 sensim
450 520 591 556 factam
623 519 844 570 significat..)

760 724 862 772 Lib.
900 726 986 772 III.

275 864 369 913 Cap.
408 868 446 905 1,
481 868 513 900 5.
575 864 665 900 Non
705 865 829 900 minus
872 878 895 900 a
937 866 1037 901 Livii
1073 878 1143 902 usu
1184 879 1300 913 quam
1333 879 1356 902 a
1386 866 1581 904 Ciceronis

161 935 229 984 (de
269 948 344 983 quo
385 935 462 970 dixi
494 934 638 982 Opuscu
671 935 794 970 Acad.
827 936 845 971 I
876 948 912 982 p.
948 937 1164 973 333—338
1207 944 1244 972 et
1286 937 1334 972 ad
1372 937 1490 973 libros
1535 938 1581 974 de

161 1008 223 1042 fin.
254 1019 290 1054 p.
327 1004 425 1053 570)
456 1006 664 1041 abhorrere
703 1005 854 1041 videtur
894 1007 974 1042 haee
1017 1006 1129 1042 trium
1170 1006 1418 1054 (pluriumve)
1463 1020 1580 1043 mem-

160 1078 315 1113 brorum
360 1088 435 1111 una
478 1075 575 1111 serie
619 1082 655 1111 et
698 1087 808 1122 aequo
838 1076 962 1124 gradu
1001 1076 1289 1113 coniunctorum
1322 1078 1580 1113 enumeratio:

160 1146 375 1185 Antium,
430 1146 776 1194 propinquam,
837 1154 1160 1195 opportunam
1205 1155 1246 1183 et
1292 1149 1579 1184 maritimam

158 1217 345 1252 urbem.
384 1216 609 1263 interposita
640 1216 737 1252 inter
767 1216 850 1252 sola
886 1223 1058 1253 extrema
1088 1218 1275 1266 particula
1309 1226 1351 1254 et
1384 1220 1483 1265 (ac,
1515 1226 1581 1255 at-

157 1288 281 1335 quc).
372 1287 475 1322 Nam
517 1292 553 1321 ct
590 1286 772 1334 perpauci
805 1287 908 1335 apud
939 1300 1024 1323 eum
1054 1296 1140 1324 sunt
1170 1288 1281 1324 liuius
1311 1289 1462 1336 generis
1499 1289 1588 1325 loci.

159 1357 190 1393 si
221 1369 306 1393 cum
348 1356 657 1404 frequentissima
695 1357 749 1393 ita
789 1357 938 1393 dicendi
977 1359 1264 1406 opportunitate
1308 1365 1343 1393 et
1382 1370 1467 1394 cum
1500 1358 1586 1394 aliis

157 1427 232 1463 tria
264 1427 424 1476 plurave
456 1427 629 1463 membra
659 1428 915 1476 coniungendi
945 1429 1069 1465 modis
1107 1430 1311 1478 (asyndeto
1342 1429 1580 1477 particulave

158 1497 296 1546 saepius
326 1496 464 1545 posita,
495 1497 662 1533 maxime
693 1498 846 1545 quidem
877 1500 980 1547 apud
1013 1499 1164 1536 Livium
1193 1513 1279 1548 que
1301 1521 1355 1525 —
1385 1500 1444 1546 et)
1476 1511 1581 1535 com-

158 1574 363 1616 parantur,
396 1572 430 1602 et
461 1567 500 1602 hi
530 1567 601 1615 ipsi
633 1580 813 1616 magnam
844 1575 992 1616 partem
1023 1583 1144 1618 nuper
1174 1584 1193 1605 c
1224 1570 1420 1606 codicibus
1453 1583 1579 1606 emen-

159 1637 262 1682 dati,
302 1637 417 1673 ceteri
446 1636 524 1672 fere
557 1638 606 1673 ob
637 1637 732 1674 alias
764 1650 900 1675 causas
932 1646 996 1676 aut
1026 1640 1225 1688 perspicue
1258 1641 1483 1676 emendandi
1515 1648 1576 1677 aut

158 1708 276 1744 dubii.
337 1707 523 1743 Indicabo
545 1719 690 1747 omnes.
708 1720 816 1755 quos,
841 1722 955 1757 quum
976 1723 1052 1746 non
1069 1711 1309 1760 indiligenter
1332 1712 1580 1757 attenderem,

159 1785 413 1827 praetereunn
445 1790 555 1825 quem
582 1779 811 1827 praescripsi,
843 1781 1039 1817 adnotavi.
1085 1781 1163 1826 ΙΙΙ,
1199 1784 1258 1826 17.
1284 1783 1326 1817 3:
1358 1782 1581 1830 Iuppiter

159 1848 370 1896 optimus
405 1848 659 1893 maximus,
690 1849 812 1885 Iuno
842 1852 1013 1899 regina
1044 1857 1087 1887 et
1117 1851 1354 1896 Minerva,
1393 1853 1481 1888 alii
1513 1853 1578 1889 dii

158 1919 351 1966 deaeque
382 1919 694 1961 obsidentur,
784 1920 868 1956 Etsi
908 1923 1024 1969 paulo
1067 1922 1164 1958 alius
1201 1923 1350 1970 generis
1382 1923 1442 1959 hie
1473 1924 1578 1959 loeus·

159 1996 241 2031 est,
291 1988 393 2036 quod
432 2001 507 2024 non
550 1989 722 2025 subsistit.
761 1993 996 2028 enumeratio
1037 1993 1075 2029 in
1105 1994 1304 2037 Minerva,
1352 1999 1480 2028 tamen
1514 1993 1578 2029 vix

159 2058 327 2095 dubitari
356 2064 504 2106 potest,
536 2059 625 2107 quin
659 2059 792 2095 Livius
823 2061 884 2097 hie
915 2062 963 2097 ad
995 2062 1154 2097 eandem
1188 2062 1353 2098 somnam
1385 2062 1580 2110 scripserit

159 2136 276 2177 atque
316 2129 396 2173 VI,
443 2131 511 2174 16,
545 2131 565 2165 2
598 2136 634 2166 et
663 2130 924 2175 XXXVIII,
957 2134 1032 2175 51,
1077 2134 1097 2167 S
1144 2132 1217 2178 (ad
1247 2133 1412 2168 Iovem
1445 2132 1493 2169 O.
1524 2134 1578 2169 M.

160 2199 492 2247 Iunonemque
537 2206 578 2236 et
621 2200 885 2236 Minervam
917 2207 1210 2249 ceterosque
1254 2203 1410 2249 deos),
1463 2216 1578 2251 quam

159 2276 361 2306 tenuerunt
392 2270 506 2306 etiam
539 2276 575 2305 et
605 2268 740 2306 Cicero
770 2282 842 2317 pro
873 2269 988 2305 domo
1030 2283 1062 2308 c.
1097 2274 1166 2316 57,
1212 2275 1282 2309 1⁴4
1324 2280 1359 2309 et
1400 2273 1578 2309 Valerius

161 2340 268 2376 Max.
299 2340 349 2384 V,
386 2343 430 2376 10
466 2340 627 2376 domest.
662 2340 704 2384 2,
734 2346 896 2387 uterque
927 2340 975 2376 ob
1011 2341 1125 2377 aliam
1157 2354 1313 2379 causam
1346 2357 1368 2379 a
1399 2344 1577 2380 Draken-

160 2411 319 2447 borchio
351 2407 544 2456 citatus¹).
609 2409 681 2452 IV,
714 2409 762 2444 42
795 2408 877 2447 init.
923 2409 1015 2446 Sex
1045 2412 1379 2461 Tempanium,
1410 2414 1578 2453 A.Sel-

187 2576 219 2620 ⁸)
259 2579 326 2616 IV,
355 2583 385 2616 3,
414 2581 430 2611 7
458 2579 581 2610 iniuria
605 2579 639 2609 in
666 2578 730 2608 hac
756 2588 790 2609 re
817 2579 958 2618 citatim-3
991 2591 1099 2621 neque
1126 2584 1214 2615 enim
1241 2585 1286 2615 ibi
1313 2595 1380 2616 una
1405 2587 1489 2617 serie
1516 2588 1578 2618 tria

256 2645 445 2681 ponuntur3
472 2640 531 2670 sed
550 2642 694 2681 primum
711 2640 753 2670 ad
771 2641 1014 2680 praecedentem
1032 2644 1264 2676 condicionem
1291 2647 1361 2677 haec
1388 2647 1579 2680 referuntur

1269 2703 1311 2737 5}
