1811 2925
813 138 885 175 621
1359 133 1432 165 Lib.
1454 132 1564 163 XLV.

151 265 369 313 umphum
413 262 600 299 nomine
660 263 853 302 cientes
898 271 1115 307 suasque
1159 265 1203 294 et
1243 256 1565 306 imperatoris

152 333 325 371 laudes
358 340 585 369 canentes
630 345 713 382 per
755 332 918 368 urbem
949 330 1191 366 incedunt.
1265 328 1326 364 Ex
1377 327 1565 363 cientes

150 417 368 453 suasque
401 403 650 440 factumest:
682 403 1080 450 cientesuasque,
1111 405 1225 435 tuni:
1258 398 1385 435 cient
1417 410 1566 434 suas-

149 489 248 525 que.
370 476 574 511 Postremo
624 476 642 518 ξ
681 475 724 509 13
777 472 831 521 (si
878 471 1070 520 quando
1100 482 1191 506 non
1223 468 1482 519 deportati
1522 497 1557 505 ..

149 548 262 589 sint,
293 544 517 593 fremunt)
570 544 759 580 tollendus
805 551 862 580 cst
891 543 1054 579 vitiosus
1084 542 1122 578 in
1153 548 1326 590 tempore
1357 548 1393 576 et
1423 553 1463 576 re
1493 551 1565 575 sae-

151 618 238 667 pins
269 617 374 654 facta
404 615 609 652 indicanda
639 615 796 664 perfecti
827 615 1115 658 coniunctivus‚
1155 625 1268 660 quem
1299 618 1404 647 certa
1433 610 1568 659 regula

150 695 187 724 et
218 688 447 736 optimorum
479 685 653 722 codicum
688 686 916 722 auctoritate
947 691 983 721 et
1014 683 1316 732 conspiratione,
1347 695 1465 730 quum
1497 681 1564 718 ali-

150 758 189 794 bi
220 763 298 793 tum
329 757 367 792 in
396 756 442 792 iis
472 756 620 800 formis,
654 757 692 793 in
723 757 861 805 quibus
895 756 1127 792 indicativus
1160 768 1182 790 a
1214 752 1456 791 coniunctivo
1488 765 1564 789 non

150 841 228 864 una
259 827 383 864 vocali
409 827 538 872 distat,
566 826 698 872 fretus,
729 841 777 864 ex
795 828 922 864 multis
951 833 1123 863 veterum
1146 825 1239 861 locis
1265 824 1401 860 sustuli
1418 823 1563 872 Opusc.

151 898 276 936 Acad.
309 899 350 935 11
380 911 418 947 p.
453 899 523 935 281
562 911 659 946 sqq„
691 898 739 934 ad
770 897 848 935 Cic.
880 898 966 934 Fin.
996 897 1046 942 V,
1085 899 1128 932 15
1163 909 1200 944 p.
1224 898 1300 932 690
1334 901 1370 931 et
1400 895 1438 930 in
1459 894 1566 931 Add.

150 983 187 1018 p.
221 970 311 1006 380.
373 970 449 1006 Sed
479 976 704 1017 supersunt,
751 981 834 1017 quse
865 969 1018 1004 addam.
1083 967 1201 1015 Apud
1253 966 1476 1003 Ciceronem
1521 965 1566 1001 de

152 1040 282 1076 Divin.
314 1039 368 1083 ΙΙ,
402 1042 463 1078 70.
516 1042 588 1075 145
621 1039 763 1076 editur:
804 1039 1178 1077 Gubernatores
1229 1050 1367 1085 quum
1410 1036 1566 1073 exsul-

151 1117 310 1146 tantes
340 1109 569 1158 loligines
600 1110 817 1146 viderint
854 1138 890 1148 ‚0
915 1138 924 1155 ‚
972 1115 1321 1158 tempestatem
1367 1107 1565 1156 signifi-

152 1182 253 1219 cari
283 1187 478 1230 putant3
521 1181 588 1217 sed
619 1181 715 1217 duos
747 1181 913 1229 opt-imos
959 1180 1046 1229 (pro
1077 1179 1228 1216 illorum
1260 1180 1445 1216 librorum
1481 1191 1566 1214 mo-

156 1251 263 1296 dulo)
283 1251 432 1288 codices
446 1251 653 1303 Leidenses
674 1252 897 1288 viderunt
914 1252 1057 1287 habere
1074 1251 1165 1287 scio.
1211 1251 1257 1286 In
1275 1250 1408 1286 eodem
1422 1250 1519 1286 libro
1536 1262 1566 1286 c.

156 1323 193 1367 9,
226 1323 290 1367 24,
321 1321 494 1358 oratione
522 1322 662 1358 rectius
682 1323 873 1367 distincta,
888 1322 941 1358 sic
958 1322 1199 1359 scribendum
1233 1327 1307 1357 est:
1330 1320 1453 1368 Quid
1485 1328 1566 1364 est,

156 1393 283 1441 quod
313 1405 382 1429 me
413 1393 648 1429 adiuvent
668 1392 984 1442 haruspices?
1026 1392 1175 1440 Quum
1207 1405 1280 1429 res
1328 1391 1565 1428 tristissi-

151 1476 248 1500 mas
276 1464 504 1512 portendi
528 1464 754 1501 dixerunt
782 1468 870 1514 (pro
903 1464 1158 1510 dixerint),
1187 1463 1371 1499 addunt
1399 1463 1455 1498 ad
1486 1475 1566 1498 ex-

151 1543 349 1571 tremum
373 1540 441 1571 cet.
505 1536 623 1584 Apud
641 1534 828 1572 Senecam
859 1548 917 1584 ep.
939 1536 974 1580 3,
990 1536 1011 1570 2
1027 1541 1129 1570 recte
1146 1534 1349 1571 Fickertus
1364 1542 1401 1570 et
1423 1533 1566 1570 Haasi-

154 1618 197 1642 ns
221 1619 240 1641 e
257 1605 367 1642 bonis
381 1605 574 1642 codicibus
592 1606 808 1643 ediderunt:
840 1618 979 1654 quum
1010 1613 1309 1650 amaverunt,
1342 1605 1569 1642 iudicant

152 1683 199 1714 et
228 1689 319 1713 non
350 1683 520 1722 amant,
551 1690 697 1726 quum
728 1678 1076 1714 iudicaverunt
1107 1679 1192 1726 (pro
1224 1677 1501 1713 amaverint
1532 1683 1566 1712 et

153 1746 525 1798 iudicaverint);
556 1749 623 1784 sed
653 1761 712 1796 ep.
753 1752 810 1794 11,
846 1751 866 1785 3
900 1761 1017 1796 quum
1048 1747 1435 1796 Schweighaeuserus
1466 1753 1568 1784 recte

153 1819 351 1855 edidisset:
394 1831 640 1868 nunquam
672 1819 842 1868 magis,
885 1832 1020 1867 quam
1060 1831 1199 1867 quum
1242 1819 1566 1861 erubuerunt,

153 1889 351 1925 timendi
382 1898 502 1935 sunt,
534 1890 601 1935 illi,
632 1903 728 1938 quos
760 1890 1048 1934 dixi,vitiosu1n
1080 1890 1373 1926 erubuerint
1403 1890 1568 1926 reduxe-

152 1966 253 1998 runt.
334 1960 481 1997 Eadem
524 1961 708 1998 correctio
753 1961 970 1997 adhibenda
1001 1974 1057 2009 cp.
1093 1962 1141 1997 63
1162 1989 1171 2005 ,
1204 1962 1224 1996 9
1277 1962 1376 2009 [nec
1407 1967 1569 1996 amant

154 2044 446 2079 quemquam,
476 2031 569 2067 nisi
600 2043 736 2079 quum
767 2031 1118 2080 perdiderint),
1151 2044 1208 2079 ep.
1250 2033 1567 2079 110‚15(qu0-

154 2103 245 2139 ties
275 2102 371 2138 tale
395 2101 582 2150 aliquid
608 2103 973 2154 praestrinxerit
998 2102 1168 2138 oculos
1201 2102 1569 2150 meos‚quoties

155 2173 375 2212 occurrit
404 2172 567 2208 domus
597 2172 871 2220 splendida,
887 2173 1007 2208 altero
1030 2173 1150 2209 verbo
1167 2173 1349 2210 indicium
1371 2172 1569 2221 faciente),

154 2256 212 2292 ep.
252 2246 338 2287 115,
376 2245 418 2280 17
453 2247 593 2286 (nova
619 2249 736 2280 vota
765 2244 1058 2292 suscipiunt,
1081 2256 1220 2292 quum
1251 2244 1423 2294 priora
1445 2244 1569 2280 dam-

155 2314 414 2358 naverint).
473 2314 606 2363 Longe
638 2315 811 2363 plurimis
843 2314 998 2352 Senecae
1027 2315 1121 2351 locis
1150 2321 1255 2352 recte
1285 2315 1474 2352 scribitur.
1490 2312 1521 2362 ¹)

179 2535 213 2578 ¹)
251 2537 335 2580 Cap.
361 2540 402 2570 39
419 2562 426 2576 ,
469 2546 504 2569 ut
530 2539 772 2570 sententiarum
799 2539 1002 2570 cohaerentia
1044 2545 1206 2576 servetur,
1250 2539 1398 2580 incipere
1425 2537 1524 2569 debet
1549 2547 1570 2567 a

247 2600 372 2631 verbis:
413 2600 496 2632 Vos
524 2607 638 2631 certe
665 2601 857 2633 victores
884 2608 946 2632 cet.
