1811 2925
269 118 345 149 Lib.
377 116 577 149 XXXVIII.
938 115 1016 151 448

271 240 590 289 terrogationem,
638 250 739 274 novo
786 243 938 286 sumpto
969 236 1076 272 initio
1119 237 1358 285 repetitoque
1400 237 1446 273 P.
1490 235 1680 284 Scipionis

272 311 424 347 nomine
454 316 559 352 (vos
590 309 641 344 de
671 309 718 346 P.
751 307 895 356 Seip„
925 319 1025 343 non:
1061 318 1148 343 vos
1179 307 1232 343 de
1260 305 1383 353 illo),
1417 306 1465 342 ad
1495 306 1679 354 populum

273 380 405 417 averti.
463 380 601 428 Itaque
645 379 698 415 sic
742 378 876 414 Livius
915 377 1084 425 scripsit:
1133 377 1234 413 Vos
1271 377 1325 413 de
1361 378 1407 415 P.
1445 377 1680 425 Scipione

274 450 478 499 palmam
509 450 608 497 peti
639 447 840 486 feretis?
898 448 1000 485 Huic
1041 448 1191 483 demum
1230 447 1519 496 interrogationi
1549 448 1680 484 rectis-

274 522 367 558 sime
391 520 457 556 illa
486 516 700 556 subiicitur:
745 519 972 555 Nullisne
1010 517 1193 554 meritis
1239 517 1338 553 suis
1374 547 1410 556 ..
1450 519 1494 555 in
1526 531 1680 555 arcem

275 600 425 628 tutam
591 590 715 627 clari
759 589 857 626 viri
900 587 1212 638 pervenient?
1279 587 1319 625 Si
1368 588 1427 624 cui
1483 589 1682 637 displiceat

275 663 398 700 oratio
432 662 480 698 ad
510 660 694 710 populum
731 672 887 705 aversa,
934 660 967 696 ei
1005 659 1245 695 scribendum
1287 658 1336 694 sit
1377 658 1434 706 (ut
1471 660 1592 695 omnis
1633 659 1681 695 ad

274 734 446 770 tribunos
489 731 704 781 appellatos
747 732 1032 771 convertatu1·):
1081 728 1228 765 nullis
1269 729 1453 765 nostris
1493 730 1682 766 honori-

276 806 373 842 bus.
419 805 497 840 Pro
518 801 703 850 recepit
728 800 969 837 scribendum
997 799 1133 848 opinor
1158 799 1335 847 recipit
1366 798 1458 849 (vid.
1476 799 1525 835 ad
1543 800 1682 845 XXX,

279 878 342 920 30,
365 877 406 911 11
426 888 464 923 p.
484 874 577 919 354)
609 873 682 908 hac
700 871 904 907 sententia:
936 870 1089 906 Patitur
1107 869 1267 906 libenter
1290 871 1332 908 L.
1365 870 1495 919 Scipio
1526 870 1682 907 fratrem

278 947 349 983 sibi
379 945 509 994 gloriae
539 950 754 980 consortem
794 941 962 989 adiungi.
1098 940 1246 976 Eodem
1287 941 1411 989 capite
1441 941 1541 977 infra
1572 944 1608 986 (ἓ
1641 942 1682 982 9)

279 1018 451 1054 restituta
481 1023 518 1051 et
547 1015 724 1063 suppleta
753 1026 801 1048 ex
832 1013 874 1048 M
905 1011 1029 1047 oratio
1061 1010 1209 1047 defectu
1239 1017 1389 1055 tamen,
1426 1012 1492 1048 sed
1532 1012 1684 1061 exiguo,

279 1090 440 1125 laborat.
499 1086 561 1124 Sic
592 1085 689 1121 enim
721 1083 900 1120 scribitur
932 1082 979 1117 de
1010 1082 1054 1119 P.
1088 1081 1283 1129 Scipione:
1335 1082 1421 1118 Vir
1460 1095 1569 1118 mem
1584 1095 1684 1119 ora-

280 1159 411 1201 bilis;
455 1156 646 1193 bellicis
690 1161 848 1190 tamen
895 1165 1034 1200 quam
1073 1152 1207 1200 pacis
1241 1153 1430 1189 artibus
1460 1165 1684 1189 memora-

279 1230 430 1267 bilior
470 1228 620 1277 prima
664 1236 779 1274 pars
820 1223 929 1259 vitae
974 1235 1110 1270 quam
1148 1230 1390 1271 postrema
1432 1222 1544 1262 fuit,
1576 1223 1686 1271 quia

280 1303 325 1337 in
353 1301 607 1336 iuventute
642 1294 776 1331 bella
817 1293 1011 1329 assidue
1051 1301 1210 1341 gesta,
1252 1305 1353 1329 cum
1385 1301 1581 1330 senecta
1610 1306 1686 1330 res

282 1383 476 1420 quoqne
520 1365 804 1403 defloruere
849 1375 934 1399 nec
978 1362 1178 1411 praebita
1212 1370 1282 1399 est
1321 1364 1523 1400 materia
1552 1364 1685 1413 inge-

283 1438 422 1484 nio.¹)
482 1438 575 1486 Qui,
605 1449 681 1472 non
712 1436 820 1479 dico,
867 1433 1082 1482 diligentius
1113 1434 1338 1470 sententiam
1379 1435 1689 1477 consideraverit,

283 1513 349 1549 sed
380 1510 533 1548 omnino
565 1508 614 1544 ad
645 1519 729 1542 eam
751 1504 966 1548 attenderit„
997 1503 1277 1540 animadvertat
1305 1517 1459 1541 necesse
1489 1512 1556 1548 est,
1587 1517 1690 1541 com-

283 1582 521 1633 parationem
546 1580 661 1628 plane
691 1588 914 1626 perversam
947 1581 984 1610 et
1014 1588 1033 1610 e
1055 1575 1203 1610 duabus
1236 1587 1320 1611 curn
1351 1576 1504 1612 interitu
1542 1582 1690 1612 senten-

284 1655 345 1690 tiae
383 1652 581 1690 confusam
628 1660 729 1692 esse3
774 1647 899 1695 prima
940 1645 1038 1681 enim
1081 1645 1166 1681 vitae
1209 1658 1300 1694 pars
1341 1658 1454 1693 quam
1496 1653 1692 1695 postrema

284 1721 569 1762 memorabilior
589 1719 743 1761 dicitur3
775 1730 851 1765 qua
881 1715 948 1752 re?
977 1716 1229 1764 respondetur
1258 1729 1360 1752 nova
1383 1717 1692 1765 comparatione:

285 1794 373 1832 belli
414 1805 528 1841 quam
560 1790 666 1840 pacis
698 1788 857 1825 artibus.
930 1786 1051 1834 Atqui
1097 1794 1161 1822 aut
1192 1799 1268 1823 una
1297 1800 1338 1823 re
1368 1788 1443 1823 duo
1474 1788 1539 1832 (ut
1569 1787 1693 1835 loqui-

291 1878 373 1901 mur
401 1864 439 1900 in
470 1866 567 1908 arte)
597 1861 767 1897 subiecta
800 1865 866 1894 aut.
897 1857 935 1893 in
964 1869 1040 1892 uno
1070 1856 1240 1892 subiecto
1270 1857 1354 1893 (luae
1382 1869 1443 1893 res
1477 1858 1693 1906 comparari

289 1937 438 1973 debent.
511 1934 648 1980 Itaque
694 1929 809 1965 etiam
854 1927 1003 1975 reliqua
1050 1938 1162 1964 sensu
1218 1935 1359 1963 carent.
1439 1928 1552 1975 Quod
1593 1928 1691 1964 enirn

287 2007 410 2056 prima
444 2016 533 2053 pars
565 2002 652 2038 vitae
683 1999 772 2037 belli
806 2000 938 2047 (quam
969 1997 1090 2046 pacis)
1123 1998 1267 2034 artibus
1297 1999 1582 2035 memorabilior
1610 1998 1693 2035 fuit.

287 2078 376 2126 quid
408 2077 554 2113 obstat.
598 2071 799 2122 quominus
844 2068 951 2117 pacis
988 2067 1133 2104 artibus
1177 2074 1372 2116 postrema
1408 2080 1498 2117 pars
1530 2067 1694 2104 excellu-

288 2147 382 2184 erit?
413 2147 562 2193 Nempe
591 2144 629 2179 id
659 2141 819 2180 obstitit.
852 2139 955 2187 quod
978 2151 1053 2175 non
1075 2138 1205 2187 aliqua
1234 2139 1322 2175 vitae
1353 2151 1456 2188 pars,
1487 2139 1553 2174 sed
1584 2150 1695 2174 omne

290 2217 478 2267 Scipionis
516 2213 710 2263 ingenium
755 2211 844 2248 belli
885 2210 1031 2247 artibus
1061 2210 1183 2258 magis
1227 2222 1340 2258 quam
1373 2209 1479 2258 pacis
1508 2208 1694 2257 praestitit,

287 2289 360 2325 illis
390 2295 516 2324 autem
554 2283 744 2333 posterior
782 2282 869 2318 vitae
906 2293 997 2330 pars
1037 2280 1236 2316 materiam
1278 2293 1352 2316 non
1391 2278 1561 2329 praebuit.
1634 2279 1695 2315 Ne

314 2526 342 2566 ¹)
379 2527 489 2558 Ceteri
517 2526 612 2556 codd.
640 2533 671 2556 et
699 2531 778 2555 vett.
810 2524 884 2556 edd.
921 2534 982 2564 pro
1015 2523 1066 2554 his
1095 2522 1268 2553 omnibus:
1307 2522 1444 2561 prima
1476 2529 1573 2560 pars
1600 2518 1697 2548 vitae

454 2612 460 2617 .
501 2587 681 2618 materia
717 2586 897 2625 ingenio
934 2585 1007 2615 haec
1044 2584 1188 2615 habent:
1236 2583 1300 2613 cui
1338 2592 1413 2622 par
1453 2580 1602 2610 habita
1637 2584 1698 2610 est

384 2647 567 2680 materia
598 2647 787 2687 ingenio.
