1811 2925
841 139 918 174 323
1323 136 1400 168 Lib.
1415 136 1567 168 XXVII.

285 259 380 308 Cap.
431 261 500 296 18.
543 262 565 295 6
611 258 662 300 (in
704 259 959 307 descriptione
989 258 1076 302 loci,
1119 259 1182 295 ubi
1214 258 1440 296 Hasdrubal
1470 272 1592 307 prope

173 330 369 367 Baeculam
401 342 423 366 a
458 329 638 377 Scipione
669 329 791 365 victus
833 332 930 374 eso:
972 340 1072 364 eam
1112 340 1303 376 quoque
1354 329 1589 378 (planitiem)

174 400 331 436 altera
364 399 565 448 crepido
608 399 731 435 haud
771 398 970 435 facilior
1003 398 1046 434 in
1080 410 1328 435 ascensum
1362 401 1590 440 ambibat,

173 469 270 507 Cum
302 469 600 506 insolentissimo
633 470 705 505 hoc
736 469 916 517 loquendi
947 481 1085 517 genere
1119 468 1306 511 (facilis
1351 470 1395 505 in
1427 483 1590 506 ascen·

173 553 282 585 sum,
312 546 353 576 ut
386 540 445 579 sit.
479 541 543 588 qui
578 540 688 576 facilc
731 540 964 585 ascenditur)
1005 539 1346 575 Weissenbornius
1390 548 1591 589 comparat

172 612 227 655 H,
268 614 327 656 15,
360 612 395 654 2,
438 610 502 646 ubi
542 610 712 646 facilis
744 610 919 647 absolute
957 608 1096 645 dicitur
1127 610 1404 657 (nachgiebig),
1436 611 1591 647 additur

173 687 299 717 autem
345 681 391 717 de
431 680 566 717 effectu
606 681 819 717 facilitatis:
861 680 905 715 in
946 678 1220 727 perniciem
1262 691 1404 716 suam.
1482 681 1588 718 Nihil

171 751 406 791 dissimilius,
451 751 522 787 nisi
574 752 675 798 quod
726 757 889 797 utroque
933 749 1018 784 loco
1062 748 1226 785 facilis
1271 757 1307 785 et
1350 751 1394 786 in
1437 751 1588 800 legitur.

173 821 388 856 Lenissimo
418 822 587 857 remedio
629 821 774 857 tollitur
814 818 1058 855 manifestum
1114 819 1225 854 huius
1268 820 1341 856 loci
1391 822 1590 858 mendum:

171 890 395 926 faciliori
442 903 660 929 ascensu.
731 891 857 937 Quum
897 889 1075 924 librarius
1117 890 1348 937 scripsisset:
1389 892 1588 939 crepido

173 960 296 995 haud
344 960 563 997 facilior.
605 974 652 996 ex
685 962 695 1000 ἰ
727 962 865 1003 littera,
908 971 992 1006 qnae
1023 966 1242 1007 supererat.
1286 960 1373 996 fecit
1405 961 1472 997 in.
1508 968 1587 997 tuin

173 1041 437 1067 ascensum.

283 1098 378 1147 Cap.
414 1101 475 1136 20.
509 1101 544 1137 2.
604 1101 782 1136 Paucis
817 1105 926 1148 post
1068 1099 1333 1137 diebus
1373 1101 1589 1137 Hasdru-

171 1169 249 1204 bal
280 1168 512 1217 Gisgonis
542 1169 608 1206 fil.
641 1178 685 1206 et
716 1171 856 1217 Mago
890 1169 1227 1217 imperatores
1266 1182 1320 1206 ex
1351 1171 1588 1208 ulteriore

170 1239 412 1287 Hispania
443 1240 498 1276 ad
523 1240 889 1276 Hasdrubalem
910 1252 1106 1281 venere,
1137 1251 1292 1276 serum
1324 1248 1433 1289 post
1466 1242 1587 1278 male

168 1315 350 1356 gestan]
374 1323 466 1346 reni
490 1310 736 1355 auxilium,
767 1310 973 1347 consilio
1007 1310 1051 1346 in
1084 1316 1249 1345 cetera
1273 1311 1586 1358 exsequenda

169 1378 286 1414 belli
334 1380 457 1416 haud
507 1393 671 1428 parum
720 1381 997 1430 opportuni.
1078 1380 1204 1417 sens-it
1250 1380 1588 1416 WVeissenbornius

168 1461 349 1496 perverse
379 1451 459 1486 haec
490 1450 587 1495 diei,
626 1462 695 1486 nec
734 1457 861 1487 tamen
894 1451 1079 1486 damnare
1117 1462 1232 1486 ausus
1264 1457 1333 1487 est.
1400 1450 1502 1496 Quid
1533 1456 1589 1486 est

170 1519 577 1556 cnim:consili11ni
609 1520 728 1556 belli
760 1520 804 1556 in
837 1527 1006 1557 cetera
1036 1520 1347 1568 exsequenda
1380 1525 1447 1556 aut
1469 1517 1590 1569 (quo-

170 1589 286 1625 modo
304 1590 385 1637 ipse
406 1591 524 1626 verba
542 1590 731 1636 ordinat):
765 1590 1027 1626 consilium
1050 1591 1095 1626 in
1118 1596 1282 1626 cetera
1311 1590 1429 1626 belli
1460 1602 1589 1625 exse-

171 1659 383 1706 quenda?
426 1659 521 1706 Quis
540 1660 654 1695 dixit:
686 1660 940 1696 consilium
983 1660 1027 1696 in
1060 1661 1249 1708 aliquid
1281 1660 1589 1696 faciendum?

172 1728 424 1777 (quamquam
472 1730 525 1765 sic
573 1730 694 1778 accipi
736 1730 851 1778 plane
896 1735 1003 1766 vetat
1046 1730 1255 1766 verborum
1301 1730 1418 1772 ordo;
1465 1743 1589 1778 neque

171 1799 269 1834 enirn
302 1806 465 1836 cetera
495 1800 615 1836 belli
663 1807 728 1836 aut
769 1813 853 1848 quae
893 1800 1069 1836 similiter
1111 1800 1417 1849 coniunguntur,
1461 1801 1588 1836 divelli

169 1872 360 1917 possunt).
431 1871 607 1918 Apparet
648 1870 846 1906 consilium
879 1869 1088 1918 significari
1131 1871 1178 1906 de
1209 1871 1311 1907 bello
1343 1872 1590 1920 exsequendo

170 1952 240 1987 per
268 1940 417 1987 reliqua
447 1947 484 1976 et
512 1939 549 1976 in
582 1947 792 1988 posterum.
853 1939 1107 1977 Scribenduni
1137 1941 1271 1988 igitur:
1303 1941 1513 1978 consilio
1544 1941 1588 1977 in

171 2015 335 2046 cetera
377 2009 683 2062 exsequendi
725 2010 845 2046 belli
1017 2011 1298 2059 opportuni.
1373 2010 1589 2048 Gerundivi

167 2091 282 2116 casus
319 2080 421 2116 male
465 2079 514 2115 ad
554 2080 831 2127 praecedentem
872 2092 1008 2117 vocem
1052 2081 1367 2117 accommodatus
1410 2086 1468 2118 est
1498 2080 1590 2130 (vid.

172 2161 207 2196 p.
247 2152 291 2186 10
318 2156 354 2186 et
372 2151 483 2196 207).
612 2150 658 2185 In
688 2150 875 2198 proximis
906 2151 1034 2186 verbis
1068 2150 1102 2198 (ξ
1128 2153 1169 2187 4ε
1208 2150 1591 2196 conferentibus,

172 2218 285 2265 quid
333 2219 378 2255 in
431 2219 664 2267 cuiusque
721 2219 987 2267 provinciae
1050 2220 1252 2268 regione
1322 2221 1590 2258 animorum

172 2288 408 2337 Hispanis
440 2294 586 2332 esset)
617 2302 776 2338 prorsus
806 2301 882 2325 non
914 2289 1097 2338 intelligo,
1130 2303 1214 2338 quae
1245 2291 1291 2327 sit
1325 2292 1592 2339 provinciae

172 2359 328 2407 regio,
383 2373 507 2408 neque
539 2361 662 2408 ipsum
720 2372 921 2407 quaeque
965 2360 1228 2408 provincia
1272 2360 1420 2409 placet;
1469 2374 1592 2410 neque

173 2428 273 2464 enim
317 2429 444 2477 plures
485 2429 693 2478 provinciae
738 2435 825 2465 ante
856 2429 1078 2477 significatae
1121 2436 1220 2467 sunt.
1298 2431 1461 2468 Rectum
1504 2432 1592 2468 erit:

174 2499 285 2545 quid
338 2500 383 2535 in
433 2499 664 2547 cuiusque
712 2499 1059 2546 provinciass'et
1089 2500 1286 2548 regione
1330 2501 1591 2537 animorum

173 2567 412 2616 Hispanis
443 2575 581 2605 esset.
645 2568 807 2606 Addidit
826 2569 960 2604 Livius
992 2576 1037 2605 et-
1066 2569 1284 2617 regione,
1315 2571 1419 2618 quod
1449 2571 1595 2619 Hispa—

174 2636 279 2673 niam
323 2637 699 2686 Carthaginiensium
753 2638 790 2673 in
836 2644 959 2674 certas
1008 2638 1227 2687 provincias
1276 2640 1326 2676 ad
1378 2641 1596 2677 Romanam

1259 2721 1328 2754 21*
