1811 2925
169 143 244 175 Lib.
271 141 380 173 XLV.
844 142 921 178 606

168 267 207 301 in
239 264 370 301 codice
400 270 474 300 est:
516 263 686 299 dedita
726 263 1013 300 totomnium
1054 262 1434 299 multitudinem.
1523 263 1593 299 Vi—

171 337 281 372 detur
300 335 439 371 latere:
471 333 853 377 deditast,omni
883 333 1207 369 multitudine
1229 338 1299 369 cet.
1358 332 1423 369 Ex
1450 332 1593 375 omni,

171 411 353 454 sequente
383 418 429 449 m,
460 410 592 440 natum
624 404 850 440 omnium.
913 403 989 441 Sed
1018 405 1092 440 hoc
1124 403 1209 439 leve
1243 409 1319 450 est3
1350 403 1444 440 illud
1474 405 1593 452 paulo

170 476 340 524 gravius,
373 475 477 523 quod
509 481 682 511 extremo
719 475 843 523 capite
875 475 909 521 (ἓ
941 473 1004 521 15)
1030 485 1189 522 prorsus
1205 485 1399 521 perverse,
1431 481 1472 510 ut
1501 474 1594 511 mihi

170 546 324 594 quidem
355 546 520 590 videtur,
552 544 752 581 scribitur:
781 545 901 582 Inde
930 544 975 580 in
1004 550 1102 580 tres
1132 550 1300 592 partes
1329 544 1394 589 (L.
1416 545 1595 593 Anicius)

172 616 428 665 Illyricum
460 615 656 660 divisit3
688 627 825 652 unam
857 628 956 652 eam
985 614 1125 660 fecit,
1156 627 1256 662 quae
1287 626 1433 663 supra
1463 616 1595 652 dicta

172 694 263 732 est3
294 687 503 723 alteram
531 686 775 722 Labeatas
807 698 991 729 omnes3
1021 684 1217 721 tertiam
1251 685 1596 733 Agrauonitas

171 765 219 794 et
236 757 528 795 Rhizonitas
560 763 604 793 et
625 756 905 794 Olciniatas
936 755 1232 803 accolasque
1255 767 1434 792 eorum.
1477 756 1598 793 Nulla

172 828 271 864 enim
303 840 395 876 pars
425 839 575 876 supra
605 827 740 863 dicta
771 832 856 871 est,
887 827 955 863 sed
986 826 1033 862 de
1068 825 1246 863 omnibus
1276 826 1419 875 Illyriis
1451 827 1595 864 dictum

172 898 406 947 proprieque
441 898 618 946 quaedam
662 898 709 933 de
739 897 958 941 nonnullis,
989 897 1107 933 etiam
1133 897 1181 932 de
1210 896 1276 941 iis,
1318 896 1385 944 qui
1414 897 1452 933 in
1484 898 1598 934 tert-ia

173 974 379 1017 ponunt-ur,
411 969 574 1005 adiecta.
633 969 679 1004 In
710 968 842 1004 codice
872 968 1066 1004 scribitur:
1107 980 1256 1016 supra
1298 967 1482 1004 dictam
1514 974 1596 1007 est.

173 1039 307 1075 Livius
337 1039 537 1088 scripsisse
581 1039 751 1075 videtur:
797 1051 895 1086 quae
943 1050 1091 1087 supra
1135 1039 1280 1078 Issam
1333 1045 1418 1077 est.
1498 1040 1598 1076 Pars

173 1109 487 1159 septentrionalis
525 1108 670 1157 Illyrici
712 1108 760 1144 ab
804 1109 929 1145 insula
974 1108 1093 1145 littori
1142 1108 1295 1145 obiecta
1342 1109 1597 1157 significatur:

175 1193 322 1230 supra
363 1186 492 1216 autem
522 1192 599 1215 non
641 1185 719 1215 tam
751 1192 822 1228 pro
852 1179 985 1215 ultra
1015 1178 1156 1227 (magis
1198 1179 1248 1215 ad
1278 1179 1597 1227 septentrionem)

173 1251 248 1287 dici
278 1251 429 1286 videtur
459 1262 575 1298 quam
617 1250 662 1285 de
694 1249 930 1294 continenti,
974 1249 1012 1285 in
1064 1261 1179 1297 quam
1224 1262 1247 1285 a
1290 1249 1419 1286 littore
1465 1249 1599 1286 insulae

173 1321 352 1370 proximo
391 1320 610 1356 ascenditur
648 1319 735 1367 (auf
775 1320 843 1356 der
872 1320 987 1356 Hohe
1027 1332 1103 1355 von
1135 1318 1265 1370 Issa),
1315 1321 1513 1367 quomodo
1563 1326 1600 1357 et

176 1391 305 1429 Graeci
335 1383 448 1442 ’ὑπέρ
485 1391 616 1427 dicunt
646 1397 683 1427 et
712 1390 863 1427 Plinius
894 1391 946 1428 H.
978 1390 1030 1428 N.
1066 1391 1263 1427 XXXIII
1293 1394 1311 1435 ξ
1345 1392 1393 1427 37
1441 1391 1598 1437 (citatus

175 1463 250 1498 iam
283 1476 307 1498 a
336 1461 497 1498 Dukero
529 1461 578 1497 ad
609 1462 765 1506 XLIII,
797 1462 862 1502 21,
898 1460 963 1509 6):
992 1472 1144 1509 supra
1173 1461 1414 1510 Ephesum
1449 1467 1487 1498 et
1515 1462 1597 1510 ipse

176 1533 255 1569 fere
284 1533 420 1569 Livius
450 1532 615 1574 XXIII,
649 1532 718 1567 32:
749 1543 895 1579 supra
926 1530 1224 1568 Suessulam.

286 1602 383 1652 Cap.
417 1605 482 1647 27,
516 1605 537 1638 5
571 1602 653 1649 (ubi
680 1602 727 1638 de
759 1603 803 1638 L.
846 1602 962 1639 Pauli
1000 1614 1070 1650 per
1112 1601 1306 1639 Graeciam
1338 1602 1477 1638 itinere
1507 1615 1597 1639 nar·

175 1674 274 1710 ratio
309 1673 460 1721 incipit)
492 1673 742 1722 Kreyssigius
774 1680 811 1709 et
840 1670 1180 1708 Weissenbornius
1212 1672 1398 1718 codicem,
1429 1673 1596 1709 minutu-

174 1744 220 1779 lis
253 1744 446 1779 erroribus
480 1744 672 1792 exceptis,
703 1743 823 1779 secuti
853 1743 907 1779 sic
934 1743 1185 1791 scripserunt:
1227 1743 1463 1780 Autumni
1494 1742 1538 1779 fe
1550 1755 1599 1779 re

175 1821 362 1862 tempus
394 1820 523 1859 erat,
569 1814 706 1850 cuius
751 1813 985 1862 temporis
1016 1812 1160 1849 initio
1193 1813 1250 1849 ad
1294 1813 1598 1849 circumeun-

176 1885 278 1920 dam
311 1883 546 1921 Graeciam
576 1885 893 1931 visendaque,
928 1896 1026 1931 quae
1057 1883 1324 1920 nobilitata
1350 1882 1482 1919 fama
1508 1895 1599 1919 ma-

176 1954 283 1991 iora
314 1954 513 1991 auribus
554 1960 760 2003 accepta
800 1960 911 1989 sunt
950 1966 1088 2001 quam
1131 1953 1287 1990 oculis
1315 1959 1598 1998 noscuntur,

176 2030 224 2059 ut
253 2025 440 2069 statuit,
470 2025 733 2074 praeposito
768 2024 945 2061 castris
977 2022 1021 2064 C.
1045 2023 1269 2072 Sulpicio
1292 2023 1458 2068 Gallo,
1490 2037 1598 2073 pro-

177 2094 333 2131 fcctus
368 2108 467 2132 cum
498 2095 627 2131 haud
658 2107 831 2142 magno
872 2094 1109 2131 comitatu
1262 2105 1349 2141 per
1380 2095 1598 2130 Thessa-

177 2164 290 2200 liam
322 2166 539 2214 Delphos
572 2165 705 2213 petit.
780 2165 947 2201 Multum
977 2177 1018 2201 se
1050 2163 1299 2212 Kreyssigius
1330 2170 1507 2212 torquet;
1550 2163 1599 2200 ad

178 2241 389 2270 extremum
420 2241 549 2271 tamen
591 2241 693 2271 recte
723 2235 904 2283 coniungi
936 2240 1065 2283 putat:
1105 2235 1161 2270 ad
1204 2234 1597 2270 circumeundam

178 2304 418 2341 Graeciam
449 2318 472 2354 p
484 2305 674 2342 rofectu
686 2316 716 2349 S,
748 2318 984 2353 quamquam
1009 2304 1361 2341 incommodissime
1389 2304 1490 2340 inter
1518 2305 1599 2340 haec

179 2380 283 2410 arcte
325 2376 556 2411 cohaerentia
598 2375 854 2423 interponitur
895 2375 1066 2424 praefecti
1117 2375 1251 2411 castris
1296 2374 1404 2411 Galli
1444 2373 1601 2414 mentio,

178 2444 455 2481 incommodius
500 2445 615 2482 etiam
657 2446 805 2481 consilii
848 2446 951 2494 capti
991 2445 1220 2494 significatio
1266 2446 1331 2492 (ut
1375 2443 1600 2487 statuit),

179 2514 259 2550 sive
290 2528 336 2550 ea
366 2516 415 2551 ad
444 2515 722 2564 profectionem
767 2516 848 2552 sive
888 2516 937 2551 ad
968 2515 1127 2553 Gallum
1164 2515 1449 2564 praeficiendum
1483 2513 1600 2562 perti-

177 2591 253 2629 net,
284 2597 406 2633 pravo
437 2591 610 2635 tempore
645 2586 754 2623 verbi
785 2586 1085 2634 comprehensa3
1123 2598 1212 2622 nam
1251 2585 1388 2621 saltem
1417 2589 1600 2620 statue-

178 2661 255 2690 rat
285 2654 357 2691 dici
388 2655 569 2703 debebat3
601 2655 870 2704 profectus,
903 2663 952 2692 ut
985 2655 1173 2701 statuit,
1203 2666 1362 2704 prorsus
1397 2653 1602 2690 ridiculum
