1811 2925
931 118 980 154 28

253 243 345 280 illud
375 243 534 279 Latinas
578 252 692 276 voces
734 239 1016 287 qualescunque
1056 237 1242 275 efficiendi
1274 238 1438 274 studium
1476 251 1550 274 non
1590 252 1659 276 nu-

254 316 398 357 mero),
437 311 634 349 rarissima
662 309 824 357 vestigia
854 314 940 345 sunt
972 321 1040 345 nec
1070 315 1196 344 tamen
1226 308 1341 344 nulla.
1400 308 1503 343 Nam
1520 308 1592 353 VI,
1623 311 1659 355 2,

256 388 276 420 5
301 396 416 431 quum
440 383 572 419 Livius
604 380 828 428 scripsisset,
860 379 962 427 quod
992 378 1028 414 iu
1065 379 1312 415 deterioribus
1343 378 1535 414 codicibus
1565 392 1658 415 non-

253 454 364 490 nullis
395 453 612 489 couioctura
640 450 855 486 restitutum
887 456 943 485 est
973 456 1010 485 et
1040 462 1154 497 quum
1182 449 1271 484 olim
1292 455 1371 484 tum
1394 454 1481 496 post
1497 449 1659 486 Grono-

252 525 354 561 vium
398 524 445 560 ad
486 528 618 559 nostra
647 527 824 569 tempora
851 520 1014 556 editum:
1062 519 1250 568 placuit
1285 519 1461 555 eisdem
1503 520 1660 567 auspi—

253 596 340 632 ciis
373 592 568 630 defendi
597 591 958 640 rempublicalm
991 589 1167 637 quibus
1197 596 1486 637 recuperata
1517 596 1659 634 esset,

251 680 322 715 pro
366 664 579 700 ciusdem
620 661 826 697 hominis
868 659 1105 708 auspiciis
1151 659 1278 694 dicens
1321 660 1500 705 eadem,
1545 667 1660 708 atque

251 737 338 773 iude
360 736 398 771 iu
423 733 552 770 codice
575 733 782 780 archetypo
803 744 880 767 uua
899 731 1027 766 littera
1043 751 1097 756 —-
1127 729 1265 765 calami
1299 742 1346 764 an
1374 731 1488 766 animi
1520 744 1660 777 errore,

251 805 404 843 dicam?
447 825 497 831 ——
545 803 688 847 addita,
716 808 839 838 ortum
874 807 984 846 esset,
1017 800 1119 848 quod
1148 800 1187 835 iu
1217 800 1312 836 PHl
1349 802 1508 841 mansit:
1541 802 1659 838 eius-

252 878 351 913 dem
382 874 615 923 auspiciis
644 894 697 899 —
728 872 918 920 quibus,
948 872 986 908 in
1016 872 1116 907 ML1
1151 871 1233 906 aliis
1264 870 1405 907 factum
1437 877 1509 907 est:
1539 872 1660 909 eius-

251 948 350 984 dem
395 943 632 993 auspiciis
674 965 728 970 —
775 943 909 978 cuius
952 942 1067 989 idque
1110 954 1230 989 nuper
1272 942 1499 989 probatum,
1545 956 1660 991 quam

250 1018 416 1054 formam
448 1016 478 1052 si
511 1014 642 1050 Livius
673 1019 823 1049 secutus
855 1018 974 1057 esset,
1007 1018 1073 1047 ant
1101 1012 1305 1047 hominis
1337 1020 1401 1048 aut
1430 1013 1523 1049 viri
1553 1014 1660 1050 addi-

253 1090 381 1126 disset.
454 1086 675 1123 Admodum
708 1083 821 1119 etiam
853 1089 1070 1131 suspectum
1101 1088 1177 1127 est,
1209 1083 1311 1129 quod
1340 1083 1401 1128 X,
1437 1085 1496 1129 13,
1531 1085 1566 1129 3,
1595 1085 1661 1121 ubi

250 1159 289 1195 in
320 1158 454 1195 ceteris
485 1156 679 1193 codicibus
710 1154 885 1190 omuibus
907 1159 984 1189 est:
1019 1153 1281 1189 exercitum
1312 1154 1553 1190 Lucanum
1584 1157 1660 1191 ho-

253 1236 370 1266 stem
402 1231 751 1275 comparatum.
791 1225 833 1260 M
862 1236 959 1259 unus
989 1225 1105 1260 habet
1134 1223 1395 1260 exercitum
1427 1225 1660 1262 adversus

251 1301 363 1336 Luc.
393 1300 431 1335 h.
465 1310 610 1345 comp.
676 1296 841 1332 Videtur
871 1295 967 1330 enim
998 1295 1136 1343 potius,
1169 1294 1270 1341 quod
1299 1294 1519 1331 Gronovius
1548 1296 1660 1331 intel—

250 1370 367 1415 lexit,
411 1369 457 1405 in
496 1373 586 1416 post
621 1381 655 1407 m
692 1362 933 1413 excidisse1).
1021 1366 1097 1412 (De
1141 1365 1259 1400 altera
1290 1377 1404 1400 manu
1435 1365 1575 1402 codicis
1606 1367 1660 1411 M,

253 1453 336 1490 quae
376 1439 565 1475 interdum
601 1438 702 1473 levia
739 1436 878 1472 menda
914 1443 1015 1472 recte
1052 1435 1220 1479 sustulit,
1265 1434 1452 1470 interdum
1492 1436 1659 1484 interpo-

250 1510 366 1546 lando
399 1507 581 1557 graviora
610 1506 794 1550 reddidit,
819 1506 912 1542 nihil
942 1506 1015 1542 dici
1043 1518 1138 1554 opus
1169 1510 1253 1549 est.)
1311 1506 1437 1543 Unum
1474 1511 1659 1554 superest,

253 1579 356 1627 quod
396 1579 445 1614 ad
495 1577 537 1612 M
581 1577 764 1626 pertinet,
811 1577 1210 1620 commemorandum,
1253 1576 1290 1611 in
1336 1576 1499 1623 antiquis
1544 1576 1660 1612 seculi

253 1650 373 1698 quinti
404 1649 540 1685 decimi
570 1647 819 1691 editionibus,
861 1647 910 1683 ad
940 1659 1035 1695 quas
1066 1647 1285 1682 tractandas
1316 1646 1432 1682 otium
1464 1646 1556 1682 mihi
1584 1659 1661 1682 non

251 1721 323 1758 fuit
394 1719 561 1768 (copiam
625 1717 722 1753 enim
773 1719 865 1754 satis
915 1717 1082 1766 amplam
1131 1716 1381 1764 praebuissent
1422 1715 1660 1752 bibliothecae

251 1789 428 1839 nostrae),
499 1801 588 1825 raro
646 1800 783 1836 sparsa
833 1800 1020 1836 apparere
1074 1786 1234 1835 vestigia
1287 1787 1460 1834 quaedam
1519 1787 1660 1824 codicis

250 1862 426 1899 Mediceo
469 1866 506 1896 et
534 1858 798 1895 vormatiensi
835 1859 975 1906 exigua
1014 1870 1060 1893 ex
1095 1863 1204 1905 parte
1247 1857 1390 1892 similis.
1478 1857 1579 1893 Nam
1619 1862 1662 1893 ut

252 1933 425 1969 omittam
457 1932 506 1973 V,
540 1932 604 1975 46,
637 1931 658 1965 5
691 1929 795 1964 omui
824 1935 996 1976 tempore
1027 1927 1168 1963 editum
1199 1939 1299 1971 esse,
1344 1926 1445 1974 quod
1476 1940 1523 1962 ex
1556 1927 1659 1962 codi-

252 2003 357 2039 cibus
386 2001 486 2038 notis
528 1999 590 2035 ille
626 2011 722 2035 unus
755 2000 891 2043 habet,
943 1997 1140 2046 corpori
1176 1997 1339 2033 valido
1390 1996 1532 2045 (potest
1561 1997 1660 2032 enim

252 2073 471 2109 coniectura
501 2083 547 2106 ea
578 2071 690 2118 esse),
721 2068 912 2105 nonnullae
941 2068 994 2104 ibi
1026 2074 1112 2104 sunt
1141 2067 1308 2115 duplices
1338 2067 1545 2115 scripturae,
1577 2078 1661 2113 quae

252 2148 438 2191 praeterea
475 2141 513 2176 in
544 2140 626 2176 solo
658 2140 699 2175 M
728 2146 888 2187 repertae
917 2144 1026 2183 sunt,
1070 2143 1112 2173 ut
1140 2138 1223 2181 ΠΙ,
1274 2139 1344 2182 62,
1387 2138 1408 2173 2
1449 2136 1660 2172 consilio

347 2341 381 2381 (ξ
418 2344 435 2372 8
472 2340 544 2371 sola
577 2340 891 2370 medicamenta
935 2336 1268 2376 commemorantur.)
1318 2336 1464 2366 Tantum
1509 2344 1659 2365 errorum

346 2402 477 2443 peperit
504 2401 736 2442 superstitiosa
762 2401 878 2442 opt-imi
906 2400 1032 2431 codicis
1058 2399 1236 2429 veneratio.

1014 2475 1126 2506 altus

277 2519 308 2564 ¹)
343 2522 381 2553 In
407 2523 450 2558 X,
478 2527 508 2561 9,
539 2527 557 2554 8
585 2524 619 2554 in
653 2523 836 2563 archetypo
869 2522 974 2554 fuisse
1010 2521 1168 2552 arduus
1199 2524 1327 2560 atque
1360 2520 1397 2550 in
1428 2524 1546 2559 parte
1581 2529 1660 2550 una

345 2594 556 2626 praeceps,
584 2590 739 2626 apparet,
777 2584 868 2624 quod
892 2594 968 2614 cum
997 2584 1034 2614 M
1060 2584 1093 2613 in
1119 2581 1274 2612 addendo
1300 2581 1413 2611 altus
1447 2581 1662 2612 consentiunt

345 2646 393 2676 Ll
423 2650 455 2676 et
479 2655 540 2676 sex
565 2651 736 2686 septemve
762 2646 956 2676 deteriores.
1005 2644 1033 2675 P
1057 2648 1146 2675 recte
1170 2642 1393 2683 praetermisit.
