1811 2925
853 166 925 202 261
1352 162 1427 194 Lib.
1443 161 1578 196 XXIII.

183 300 254 324 cue
285 294 322 324 et
350 287 566 325 necessario
599 287 817 323 adhibenda
849 293 905 323 est
936 287 973 322 in
1003 286 1185 335 proxima
1215 287 1403 322 sententia
1433 284 1509 336 (4),
1540 287 1605 323 ubi

184 359 328 395 editur:
360 359 432 395 Ab
469 357 712 406 hospitali
744 369 909 394 mensa
939 357 1123 405 surgis,
1155 356 1214 392 ad
1246 368 1383 404 quam
1427 357 1604 394 tertius

184 428 538 478 Campanorum
583 428 841 465 adhibitus
877 439 924 464 es
967 428 1022 464 ab
1069 427 1368 472 Hannibale,
1412 434 1461 464 ut
1505 440 1603 464 eam

183 500 337 549 ipsam
369 505 660 536 cruentares
690 498 904 548 hospitis
939 497 1211 546 sanguine?
1253 498 1394 536 Itane?
1437 511 1482 534 eo
1514 510 1605 534 con-

184 571 268 606 silio
300 571 494 607 adhibitus
524 582 666 606 mensae
697 568 810 606 erat?
842 570 928 606 Imo
960 568 1096 617 quaerit
1126 567 1310 605 Calavius
1342 583 1361 606 c
1391 569 1489 614 filio,
1521 581 1604 605 sur-

181 647 311 690 gatne,
343 647 384 677 ut
415 654 499 677 eam
535 647 719 677 cruentet.
786 639 1039 678 Scribcndum
1070 639 1187 688 igitur
1218 636 1518 687 cruentes.1>.

305 711 401 760 Cap.
439 713 499 755 12,
537 713 601 748 10:
632 710 982 759 Respondeam,
1013 710 1173 758 inquit
1204 711 1407 758 (Hanno),
1430 710 1604 747 Himil-

183 783 315 827 coni,
350 795 443 818 non
478 781 664 818 desisse
694 782 947 830 poenitere
977 794 1046 817 mc
1076 781 1194 818 belli
1225 787 1295 817 cet.
1354 781 1493 829 Neque
1514 793 1604 818 con-

184 852 365 889 dicionali
396 852 638 889 coniunctivo
655 852 798 888 Hanno
830 852 884 888 uti
905 851 1396 900 potest(respondeam,
1427 852 1465 888 si
1498 852 1603 900 quis

183 922 397 970 quaerat),
433 929 563 971 aperte
596 922 644 959 ad
662 923 864 959 dicendum
896 929 1143 971 provocatus,
1174 934 1299 969 neque
1329 923 1526 958 exhortari
1557 935 1598 959 sc

182 994 320 1042 ipsum.
380 994 414 1029 P
445 1006 468 1029 a
498 1005 555 1041 pr.
588 1005 705 1029 manu
735 992 1059 1040 respondead;
1086 999 1181 1041 puto
1211 992 1304 1029 nihil
1334 994 1491 1029 subesse
1509 993 1603 1029 nisi:

180 1064 503 1112 respondebO,
533 1063 695 1112 inquit
724 1060 838 1109 cet.‘²)

294 1134 390 1184 Cap.
427 1138 487 1179 17,
521 1137 556 1172 7.
614 1133 690 1170 Hic
722 1134 829 1170 locus
858 1133 895 1169 in
927 1131 1122 1169 codicibus
1142 1132 1279 1179 (PCM
1303 1134 1406 1175 aliis)
1439 1134 1492 1171 sic
1509 1134 1602 1171 scri-

181 1205 302 1242 bitur:
346 1205 618 1250 Hannibal,
673 1205 884 1242 Acerris
927 1204 1137 1253 direptis
1187 1210 1330 1253 atque
1374 1205 1602 1250 incensiS,

180 1288 324 1324 quum
368 1290 391 1312 a
423 1275 603 1313 Casino
648 1276 943 1312 dictatorem
975 1275 1242 1311 Romanum
1280 1275 1602 1324 legionesque

179 1347 319 1383 nimis
353 1347 511 1396 accipi
541 1347 879 1392 nuntiassent,
919 1358 973 1382 ne
1005 1345 1134 1393 quiS,
1178 1352 1271 1382 tam
1305 1346 1602 1394 propinquis

178 1418 392 1454 hostium
437 1417 641 1462 castris,
680 1415 857 1466 Capuae
896 1428 1089 1464 quoque
1120 1424 1488 1462 orerecurrunt,
1520 1430 1603 1454 ex-

181 1489 384 1525 ercitum
429 1488 485 1524 ad
517 1487 785 1525 Casilinum
828 1487 969 1525 ducit.
1028 1486 1075 1522 In
1116 1487 1321 1534 postremis
1354 1488 1482 1536 potius
1514 1500 1598 1524 cum

181 1558 360 1595 Bekkero
411 1559 570 1595 alteram
603 1558 793 1595 Gronovii
836 1557 1095 1594 coniecturam
1135 1558 1371 1605 sequendam
1402 1564 1515 1607 puto:
1545 1571 1601 1594 nc

183 1629 299 1676 quit,
330 1637 427 1666 tam
456 1643 521 1678 pr.
552 1630 589 1666 h.
622 1641 676 1674 c.,
712 1628 885 1678 Capuae
916 1640 1107 1676 quoque
1137 1635 1441 1671 moveretur,
1484 1640 1599 1675 quam

182 1700 374 1748 priorem,
407 1712 522 1748 quam
555 1712 677 1748 nuper
705 1700 972 1748 praetulerunt:
1013 1711 1067 1735 ne
1110 1698 1218 1746 quis
1256 1728 1265 1737 .
1287 1730 1321 1736 ..
1378 1705 1604 1735 oreretur

207 1888 237 1931 ¹)
281 1891 423 1923 Mirifice
459 1893 515 1924 hic
553 1901 688 1932 quoque
726 1892 780 1923 W.
821 1892 890 1923 veri
929 1901 1064 1923 sensum
1102 1892 1214 1922 obruit
1253 1893 1459 1924 inanissimis
1499 1901 1601 1932 argu-

276 1954 353 1989 tiis,
397 1953 627 1995 imperfectum
655 1954 812 1995 praesenti
857 1953 1030 1994 (surgis)
1075 1953 1195 1984 subiici
1237 1954 1389 1994 potuisse
1432 1954 1598 1990 iudicans,

276 2015 365 2055 quod
408 2016 497 2046 actio
538 2015 698 2056 surgendi
737 2025 825 2046 nune
853 2015 1009 2046 absoluta
1048 2015 1091 2046 sit
1125 2020 1182 2045 aut
1222 2016 1313 2055 quod
1341 2014 1502 2047 Calavius
1534 2017 1599 2047 iam

277 2086 416 2117 surgens
454 2078 486 2108 id
527 2077 705 2108 eonsilium
740 2077 908 2107 habuerit.
965 2077 1141 2108 Adscribit
1185 2077 1305 2108 deinde
1335 2078 1460 2108 Catulli
1486 2077 1601 2109 locum

280 2142 355 2176 101,
382 2142 413 2176 2,
441 2139 474 2169 in
501 2148 568 2179 quo
597 2139 802 2169 donarem
829 2138 974 2170 refertur
1000 2139 1043 2169 ad
1070 2139 1228 2180 praeteriti
1257 2139 1429 2170 notionem
1456 2139 1491 2169 in
1518 2138 1605 2169 vic·

277 2206 345 2231 tus
371 2201 548 2237 inclusam,
576 2206 609 2230 et
637 2199 810 2231 Ciceronis
837 2201 877 2231 (lc
906 2199 998 2231 Orat.
1025 2199 1079 2237 11,
1106 2203 1171 2238 33,
1203 2204 1277 2238 142,
1305 2201 1360 2232 ubi
1391 2202 1424 2232 in
1450 2201 1502 2232 his
1531 2210 1602 2232 ver-

276 2262 342 2293 bis:
369 2262 494 2292 video
520 2262 777 2293 nominatim
804 2262 988 2300 referri,
1022 2262 1124 2303 quid
1152 2264 1490 2303 responderint,
1528 2272 1602 2304 quae

276 2323 317 2353 de
345 2323 527 2364 superioris
553 2323 661 2354 aetatis
687 2323 782 2354 libris
812 2330 1004 2366 ponuntur,
1032 2330 1149 2364 aperta
1177 2331 1226 2355 est
1252 2326 1410 2366 praeteriti
1439 2325 1601 2366 temporis

278 2383 484 2424 significatio
511 2385 718 2425 (relatum
748 2386 840 2427 est).
892 2385 982 2424 Quid
1009 2385 1118 2417 simile
1144 2386 1177 2416 in
1205 2385 1335 2418 Calavii
1361 2387 1604 2426 interrogatio-

277 2445 343 2476 ne?
406 2445 452 2477 Et
486 2453 612 2487 quanta
643 2448 850 2489 perversitas
887 2447 1038 2478 nascitur
1063 2457 1107 2478 cx
1138 2448 1338 2489 interposito
1373 2447 1603 2478 adhibitus

279 2507 346 2538 es?

205 2562 241 2607 ⁴²)
279 2566 362 2609 cap.
394 2572 446 2601 14.
480 2573 519 2600 13
545 2569 733 2601 tollendum
760 2575 811 2602 est
836 2580 914 2612 que
943 2571 1120 2612 (perque
1147 2570 1328 2612 agrum);
1363 2581 1431 2602 non
1461 2578 1605 2612 possunt

279 2639 321 2660 ex
359 2639 456 2670 aequo
492 2631 642 2672 copulari
685 2632 880 2664 traiecto
915 2633 1026 2663 amni
1060 2639 1093 2663 et
1127 2642 1202 2673 per
1242 2643 1390 2673 agrum
1421 2633 1530 2664 hunc
1567 2639 1607 2664 et

279 2691 416 2725 illum.
