1811 2925
292 141 368 173 Lib.
382 141 555 175 XXXIII.
958 143 1036 179 388

290 266 360 313 (sic
388 270 490 301 recte
521 265 573 308 133
604 263 833 311 expulere
862 264 917 309 M,
947 263 1082 300 saltem
1113 264 1171 302 ed.
1194 264 1332 312 Mog.>.
1394 265 1546 302 Vitiosa
1576 267 1700 303 oratio

289 342 364 380 est;
393 348 482 371 narn
505 340 548 371 et
574 334 668 382 ipsi
690 333 892 382 significat,
907 334 1139 370 Aehaeorum
1168 334 1328 370 eundern
1350 333 1467 371 fuisse
1488 348 1700 381 numerum,

290 406 354 455 qui
387 404 695 442 adversariorum
719 404 896 453 proxime
924 402 1113 440 indicatus
1145 404 1204 441 sit.
1278 406 1334 441 At
1362 418 1485 453 neque
1519 407 1700 454 praecedit

288 477 464 527 proxime
494 474 803 511 adversariorum
834 473 982 510 numeri
1012 475 1152 511 mentio
1183 480 1220 511 et
1251 487 1297 511 ea
1322 475 1407 523 ipsa
1437 488 1554 512 eausa
1583 476 1700 513 fuisse

288 548 438 592 dicitur,
468 559 536 583 cur
565 545 699 582 Achaei
729 545 936 589 vincerent,
968 545 1070 592 quod
1100 545 1173 593 ipsi
1203 545 1343 593 plures,
1374 546 1586 583 adversarii
1615 553 1699 583 tan-

288 626 366 655 tum
409 617 480 654 CI)
521 612 674 654 fuerint.
751 616 797 652 In
837 615 871 651 B
909 615 1107 651 scribitur:
1145 615 1309 652 Achaei
1341 622 1384 651 et
1414 616 1525 664 ipsi,
1557 618 1698 654 omisso

288 688 430 724 mille.
496 686 628 722 Livius
662 686 884 735 scripserat:
926 686 1137 722 Numero
1169 686 1356 732 Achaei,
1388 696 1454 725 00
1487 685 1574 737 (aut
1606 687 1697 736 DC)

287 759 402 808 ipsi,
437 757 824 806 quadringentos
865 757 972 793 loeo
1009 756 1251 805 pepulere.
1332 757 1394 792 Ex
1433 757 1579 793 numeri
1608 764 1699 795 nota

287 836 419 865 natum
452 834 506 866 et.
563 809 744 875 Sequitur
774 830 792 871 ξ
828 828 874 863 18
909 826 956 862 de
986 826 1300 873 Macedonibus):
1338 827 1497 875 Terga
1526 828 1699 866 deinde

285 905 498 942 vertunt3
542 904 807 946 postremo,
851 895 1060 933 abiectis
1105 897 1270 941 armis,
1314 897 1360 933 in
1398 898 1699 946 praeoipitem

287 971 449 1019 fugam
482 968 819 1006 effunduntur.
892 967 1152 1015 Bargylias
1199 974 1420 1015 petentes
1454 968 1700 1017 fugerunt;

286 1042 453 1078 eodem
498 1046 541 1076 et
584 1038 881 1075 Dinocrates
926 1037 1154 1085 perfugit.
1244 1037 1414 1075 Offendit
1456 1041 1700 1076 vehementer

286 1112 522 1160 fugerunt
550 1114 639 1158 post
668 1108 715 1144 in
746 1107 905 1156 fugam
941 1107 1283 1153 effunduntur,
1327 1109 1458 1145 addito
1487 1110 1698 1157 praesertim

285 1181 489 1231 participio
530 1185 774 1229 petentes;
816 1179 941 1227 aptius
972 1179 1070 1214 enim
1102 1184 1184 1214 erat
1213 1179 1264 1214 13:
1305 1179 1559 1227 petierunt.
1622 1181 1697 1216 Ve-

286 1265 386 1297 reor,
417 1265 464 1288 ne
493 1251 627 1288 Livius
657 1250 851 1298 scripserit
880 1254 1046 1285 tantum:
1075 1249 1120 1284 in
1151 1262 1217 1297 pr.
1255 1248 1413 1298 fugam
1445 1249 1699 1286 effundun-

285 1331 381 1367 tur,
411 1321 675 1371 Bargylias
706 1326 939 1369 petentes.
1005 1319 1185 1355 Eodem
1217 1326 1285 1355 cet.

397 1392 492 1441 Cap.
526 1393 589 1437 20,
622 1394 642 1427 4
676 1397 712 1427 et
745 1393 779 1426 5.
839 1389 975 1426 Oratio
1015 1390 1052 1425 in
1100 1390 1328 1426 editionibus
1372 1403 1447 1426 non
1490 1397 1591 1427 reete
1633 1391 1698 1426 de·

286 1463 430 1512 scripta
460 1462 514 1499 sic
544 1462 745 1498 decurrere
777 1461 906 1498 debet:
939 1460 1249 1497 Coracesium
1281 1473 1333 1495 eo
1365 1466 1578 1509 tempore
1609 1463 1699 1498 An-

283 1535 475 1571 tiochus
525 1533 752 1583 operibus
801 1531 1134 1581 oppugnabat,
1186 1530 1430 1579 Zephyrio
1477 1537 1520 1566 et
1572 1530 1700 1568 Solis

350 1636 357 1644 .
398 1611 464 1650 et⁷
495 1609 726 1652 superato
760 1601 1042 1646 Anemurio7
1070 1629 1164 1646 ...,
1187 1601 1443 1638 Selinunte
1477 1601 1697 1649 receptis.

284 1676 518 1714 Omnibus
572 1674 646 1710 his
690 1673 901 1721 aliisque
931 1672 1031 1708 eius
1062 1684 1151 1707 orae
1182 1671 1409 1707 castellis
1449 1699 1513 1712 ...
1551 1671 1596 1707 in
1626 1671 1698 1706 de-

286 1748 523 1784 ditionem
555 1744 784 1792 acceptis‚
816 1743 1130 1781 Coracesium
1284 1743 1482 1778 tenebat
1512 1738 1669 1785 eum.¹)

398 1816 494 1866 Cap.
541 1816 605 1860 22,
653 1816 674 1851 8
722 1814 803 1861 (ubi
847 1815 972 1863 agitur
1017 1814 1063 1849 de
1103 1813 1252 1849 duobus
1292 1812 1453 1848 tribunis
1495 1811 1617 1859 plebis
1650 1811 1697 1858 Q.

292 1887 461 1926 Minucio
492 1886 725 1934 triumphum
758 1885 908 1922 decerni
949 1885 1183 1929 vetantibus)
1224 1883 1278 1919 sic
1307 1882 1611 1930 interpungenda
1642 1888 1699 1917 est

284 1960 475 2008 scriptura
519 1956 659 1993 codicis
702 1956 753 1992 B:
815 1955 862 2002 Q.
892 1954 1149 1991 Minucium
1188 1953 1233 1989 in
1274 1953 1535 2001 Liguribus
1569 1952 1697 1988 levia

283 2029 500 2080 proelia,
531 2027 614 2063 vix
644 2027 789 2075 digna
819 2026 970 2075 dictu,
1000 2024 1198 2068 fecisse,
1226 2024 1270 2059 in
1292 2023 1461 2060 Gallia
1480 2034 1696 2070 magnum

284 2113 529 2137 numerum
588 2097 791 2134 militum
851 2095 1083 2132 amisisse.
1168 2094 1500 2130 Nominabant
1554 2093 1696 2129 etiam

281 2171 508 2208 tribunos
554 2169 761 2205 militum
807 2167 855 2203 T.
900 2164 1173 2201 Iuventium
1228 2170 1272 2199 et
1317 2162 1393 2201 Cn.
1444 2163 1695 2212 Ligurium

281 2241 493 2290 legionis
538 2245 740 2287 quartae3
785 2237 996 2273 adversa
1039 2247 1201 2283 pugna
1241 2247 1339 2270 cum
1373 2234 1541 2270 multis
1582 2233 1696 2270 aliis

282 2313 403 2349 viris
448 2310 688 2354 fortibus,
734 2308 925 2344 civibus
971 2318 1023 2341 ae
1070 2304 1246 2347 sociis,
1297 2304 1545 2343 cecidisse.
1610 2305 1695 2340 Iam

305 2493 336 2536 ¹)
371 2494 454 2535 Cap.
481 2497 535 2530 21,
563 2496 580 2522 9
608 2502 745 2532 pravam
771 2500 844 2522 csse
866 2489 1028 2521 Gronovii
1056 2488 1292 2524 coniecturam⁷
1318 2486 1419 2516 verba
1444 2490 1482 2516 et
1506 2485 1695 2526 peregri-

374 2566 451 2586 nos
482 2555 525 2585 ad
553 2553 791 2584 occultandum
818 2552 905 2582 Livii
932 2560 1075 2581 errorem
1103 2549 1263 2585 tollentis,
1295 2548 1436 2588 exposui
1461 2557 1492 2588 p.
1519 2550 1572 2577 52.
1621 2546 1694 2576 Ibd.

375 2618 393 2657 ξ
421 2621 438 2648 5
467 2626 527 2648 ex:
555 2616 661 2646 duos
687 2614 957 2654 superstites
982 2612 1136 2642 habuit
1161 2609 1304 2640 sortasse
1339 2608 1551 2639 faciendum:
1592 2618 1694 2648 quos

373 2676 612 2720 [quattuor]
639 2675 899 2717 superstites
934 2673 1098 2705 habuit,
