1811 2925
212 147 288 178 Lib.
316 145 444 177 XLIV.
888 146 963 181 590

216 268 495 317 aliquantisper
524 266 788 311 desiderato)
836 268 880 305 P.
915 266 1083 315 Scipio
1115 266 1154 302 is
1187 272 1317 311 erat,
1363 265 1636 303 Africanus

214 340 391 387 etipse
421 343 620 387 postea,
660 337 823 373 deleta
854 336 1174 385 Carthagine,
1205 336 1518 385 appellatus,
1550 348 1636 372 na-

214 410 395 446 turalis
434 408 651 445 consulis
692 408 860 452 Pauli,
899 407 1171 455 adoptione
1214 406 1443 443 Africani
1473 419 1636 455 nepos.

214 483 333 517 Recte
375 485 465 528 post
508 479 650 516 Pauli
695 479 849 515 additur
891 477 1035 514 filius
1082 490 1102 513 a
1135 476 1435 521 recentioribus,
1476 477 1637 513 Dukero

216 557 383 587 auctore.
451 548 526 586 Sed
558 548 802 584 manifestum
834 554 902 593 est,
931 548 961 583 si
994 547 1084 595 quid
1118 560 1301 595 unquam,
1331 548 1412 583 haec
1444 546 1638 584 Africa-

216 633 305 657 nus
337 627 381 656 et
411 620 516 668 ipse
554 619 689 656 referri
731 620 779 656 ad
820 619 1097 668 praecedentem
1138 617 1294 654 alterius
1324 616 1503 653 Africani
1533 630 1639 653 men-

216 692 377 735 tione1n3
407 703 454 726 ne
484 703 553 739 per
583 703 623 726 se
655 691 807 738 quidem
841 690 1079 739 cognominis
1108 695 1246 737 postea
1276 688 1378 737 parti
1409 689 1552 725 mentio
1573 702 1639 737 ge-

219 762 321 798 neris
356 760 713 798 commemorationi
743 766 845 797 recte
875 759 1133 808 praemittitur.
1213 760 1352 807 Itaque
1382 760 1420 798 h.
1451 759 1476 798 l.
1510 760 1641 796 certis-

217 833 355 870 simum
399 837 548 868 tenetur
593 831 811 879 exemplum
857 843 934 866 non
984 836 1131 866 tantum
1175 830 1339 866 duarum
1392 843 1533 867 vocum
1584 831 1642 877 (ut-

217 905 351 949 XLII,
385 905 456 948 53,
490 904 557 947 6),
589 902 656 938 sed
686 902 803 938 totius
833 913 967 938 versus
999 913 1069 937 suo
1099 900 1185 937 loco
1230 901 1324 936 moti
1370 907 1407 937 et
1444 908 1533 950 post
1564 915 1642 938 non

224 981 330 1011 recto
361 973 506 1010 inserti.
594 971 657 1008 Sic
702 972 801 1008 enim
833 972 966 1008 Livius
998 971 1225 1020 scripserat:
1273 972 1318 1009 P.
1351 972 1420 1009 Se.
1452 972 1491 1008 is
1524 978 1641 1017 erat,

222 1044 488 1081 naturalis
537 1041 763 1078 consulis
803 1043 848 1078 P.
896 1041 1060 1083 filius,
1098 1042 1366 1090 adoptione
1411 1041 1645 1079 Africani

220 1127 381 1164 nepos,
404 1113 673 1151 Africanus
697 1118 741 1149 et
770 1113 875 1161 ipse
905 1118 1093 1161 postea,
1128 1113 1292 1149 deleta
1322 1112 1642 1161 Carthagine,

221 1185 519 1234 appellatus.
585 1184 713 1219 Minus
743 1183 950 1220 manifesta
978 1195 1040 1219 res
1071 1189 1155 1219 erat
1196 1184 1339 1230 XLII,
1371 1185 1435 1229 26,
1479 1184 1525 1229 2,
1577 1184 1643 1220 ubi

219 1256 387 1293 indicavi
431 1256 486 1303 (p.
529 1255 636 1300 531),
681 1254 818 1302 quibus
849 1254 942 1290 locis
974 1254 1050 1290 alia
1080 1254 1257 1302 exempla
1294 1251 1572 1298 notaverimst)

345 1325 441 1374 Cap.
478 1328 540 1371 45,
573 1327 594 1362 8
629 1331 663 1361 et
700 1326 742 1360 9:
780 1326 997 1362 Perseus
1150 1325 1195 1360 in
1227 1325 1506 1361 contionem
1539 1338 1643 1374 pro-

224 1396 375 1432 cessit
411 1425 420 1434 .
442 1426 449 1434 .
470 1428 477 1434 .
499 1424 527 1442 .,
558 1403 609 1432 ut
639 1402 682 1432 et
704 1396 844 1444 ipsos
867 1395 1315 1444 Amphipolitanos
1349 1402 1394 1432 et
1425 1396 1643 1444 equitum

222 1467 552 1516 peditumque,
585 1467 664 1515 qui
695 1472 773 1503 aut
804 1479 995 1515 semper
1027 1466 1187 1502 secuti
1218 1471 1301 1502 aut·
1328 1464 1444 1514 suga
1475 1466 1642 1503 eodem

224 1538 378 1574 delati
409 1544 559 1583 erant,
591 1538 901 1574 adhortando
935 1537 1121 1574 animos
1155 1536 1487 1577 confirmaret.
1561 1537 1642 1573 Ne-

224 1621 299 1656 que
329 1620 516 1655 semper
559 1614 661 1645 recte
700 1608 837 1644 (licitur
868 1608 915 1645 de
946 1608 1057 1644 unius
1092 1621 1139 1644 ex
1187 1608 1334 1657 proelio
1385 1607 1434 1643 ad
1464 1607 1644 1656 Pydnam

224 1679 326 1727 fugae
361 1678 563 1715 comitibus
606 1692 730 1727 neque
769 1679 900 1715 deesse
930 1678 1158 1727 significatio
1192 1683 1338 1726 potest,
1379 1690 1493 1726 quem
1524 1677 1645 1714 secuti

225 1749 378 1786 fuerint.
455 1749 727 1786 Scribendum:
776 1749 855 1797 qui
898 1755 980 1786 aut
1021 1763 1069 1789 se
1107 1749 1352 1800 persecuti
1402 1754 1483 1785 aut
1527 1747 1646 1796 fuga

227 1820 389 1856 eodem
424 1819 578 1856 delati
609 1826 761 1856 erant.
828 1821 1067 1868 Persequi
1099 1820 1264 1868 aliquem
1297 1820 1344 1855 de
1374 1819 1556 1855 continuo
1581 1830 1645 1854 co-

225 1890 360 1926 mitatu
393 1890 539 1935 Livius,
569 1903 616 1926 ne
647 1890 743 1926 alios
774 1903 1083 1935 commemorem,
1114 1891 1211 1927 dixit
1239 1891 1646 1938 XXIX,31,S(pe1--

226 1961 384 1997 secuti
414 1967 523 1997 sunt·
552 1960 728 2010 regem)
776 1967 811 1997 et
843 1961 981 2006 XLV,
1015 1963 1058 2006 6,
1097 1964 1115 1997 7
1174 1964 1244 2008 (ea
1274 1961 1449 1997 cohors
1479 1973 1645 2009 perse-

228 2037 337 2067 cuta
366 2043 523 2079 regem
556 2031 853 2080 fugientem).
912 2032 974 2068 De
1004 2032 1127 2068 mixto
1159 2039 1273 2067 reetae
1304 2037 1339 2067 et
1359 2031 1526 2079 obliquae
1557 2043 1646 2066 ora-

226 2102 341 2138 tionis
372 2102 499 2138 forma
528 2103 565 2138 in
594 2102 823 2151 pronomine
849 2109 886 2138 et
915 2102 1030 2138 inodo
1062 2103 1173 2139 verbi
1204 2101 1268 2151 (se
1306 2130 1316 2140 .
1335 2131 1345 2141 ,
1387 2099 1545 2151 erant.)
1586 2112 1647 2137 res

227 2177 320 2208 nota
354 2171 550 2217 (Gramm.
580 2174 666 2210 Lat.
700 2176 717 2217 ξ
750 2175 828 2210 490
862 2185 894 2210 c.
925 2179 1006 2211 not.
1043 2174 1078 2209 3.
1137 2172 1272 2209 Livius
1302 2172 1363 2217 ΙΙ,
1397 2174 1461 2217 55,
1493 2173 1535 2208 6:
1566 2170 1648 2207 ubi

258 2374 286 2418 ¹)
326 2377 430 2407 Venit
455 2376 538 2407 mihi
577 2376 611 2406 in
652 2382 797 2407 mentem
828 2377 965 2408 Asconii
1005 2377 1148 2407 candem
1175 2376 1413 2416 cognationem
1441 2384 1650 2406 commemo—

326 2438 429 2469 rantis
456 2438 497 2468 ad
525 2437 594 2469 Cic.
621 2438 655 2468 in
682 2438 750 2469 Pis.
777 2448 810 2478 p.
840 2441 903 2468 126
930 2437 1034 2476 Hot.,
1076 2437 1133 2467 ubi
1171 2446 1273 2477 quum
1310 2437 1344 2466 in
1365 2436 1514 2467 editione
1539 2435 1650 2475 prima

325 2501 372 2531 sic
397 2500 580 2530 scribatur:
608 2500 682 2539 qui
708 2498 798 2530 fuit
822 2504 946 2541 pater
971 2497 1406 2529 naturalisAfricani
1430 2495 1647 2537 posterio-

324 2562 402 2599 ris3
427 2561 474 2591 de
502 2559 763 2590 Macedonia
790 2566 915 2600 atque
949 2560 1145 2591 ultimum
1173 2559 1265 2589 eius
1300 2558 1348 2588 de
1373 2566 1475 2596 rege
1502 2556 1649 2587 trium-

324 2622 498 2664 phavit,
542 2621 642 2652 scribi
669 2622 786 2652 debet:
832 2647 863 2655 ..
896 2621 1177 2662 posterioris,
1223 2620 1269 2650 de
1295 2618 1647 2657 Macedoniaque

325 2683 523 2714 ultimum
569 2683 646 2723 (das
692 2683 789 2713 letztc
823 2682 911 2719 Mal)
948 2682 1171 2723 Perseque
1213 2690 1314 2720 rege
1349 2678 1650 2720 triumphavit.
