1811 2925
815 115 892 151 349
1342 110 1417 142 Lib.
1444 109 1560 141 XXX.

144 239 272 288 potius
304 238 513 275 certissime
546 244 726 285 corrupto
750 265 758 278 ,
788 237 852 273 lib.
884 237 1007 279 XLI,
1036 236 1106 278 24,
1155 236 1224 279 16,
1268 234 1332 282 qui
1374 234 1481 271 locus
1524 235 1561 271 in

145 309 278 347 codice
321 309 374 345 sic
411 308 606 346 scribitur:
652 320 707 344 ne
751 306 1103 344 interdictione
1148 304 1319 342 finium
1365 312 1562 342 nostros

146 394 335 430 quoque
372 388 416 417 et
445 391 529 415 nos
559 377 699 426 segni
731 389 991 414 arceamus.
1056 377 1145 413 Hoc
1174 376 1259 412 loco
1291 383 1338 413 et
1370 389 1389 413 e
1421 389 1563 425 praece-

146 452 250 489 denti
280 464 301 492 e
331 458 455 487 ortum
488 457 554 486 est.

268 521 365 571 Cap.
403 524 462 566 12,
501 525 510 558 1
537 534 621 569 sqq.
650 520 767 569 paulo
798 519 910 568 plura
939 517 1191 554 describenda
1220 524 1329 563 sunt,
1359 524 1401 554 ut
1430 518 1564 554 vitium

148 600 352 644 appareat:
384 593 461 630 Ibi
493 592 700 642 Syphax,
734 591 838 627 dum
870 589 1126 637 obequitat
1154 589 1365 626 hostium
1396 590 1565 626 turmis

156 694 252 708 ...,
284 678 409 714 equo
440 663 665 713 graviter
704 663 803 699 icto
852 660 1043 697 effusus
1085 660 1384 709 opprimitur
1429 661 1566 710 capi-

148 744 326 784 turque
356 742 399 772 et
419 736 571 779 vivus,
601 735 759 770 laet-um
790 740 909 770 ante
939 731 1420 768 omnesMassinissae
1449 745 1566 781 prae-

149 808 340 844 biturus
371 805 727 855 spectaculum,
759 805 816 840 ad
859 803 1053 840 Laelium
1088 803 1410 851 pertrahitur.
1469 802 1567 840 Cir-

150 887 197 915 ta
227 884 375 927 caput
403 877 545 926 regni
575 876 820 926 Syphacis
854 881 981 917 crat,
1026 886 1185 921 eoque
1215 885 1262 909 se
1288 873 1458 921 ingens
1488 875 1568 910 ho—

152 950 323 986 minum
369 948 577 986 contulit
617 948 703 986 vis.
796 945 960 982 Caedes
1004 944 1049 980 in
1095 957 1147 980 eo
1176 943 1371 992 proelio
1418 944 1570 980 minor

153 1032 291 1068 quam
322 1019 538 1056 victoria
567 1018 798 1066 fuit,quia
828 1016 1049 1064 equestri
1073 1014 1403 1051 tantummodo
1432 1027 1569 1062 proe-

150 1090 216 1126 lio
247 1096 483 1126 certatum
514 1088 691 1126 fuerat.
754 1089 860 1125 Non
884 1087 994 1136 plus
1024 1087 1062 1122 V
1093 1085 1233 1122 milia
1264 1086 1458 1130 occisa.
1489 1085 1569 1121 mi-

150 1173 236 1197 nus
268 1160 519 1197 dimidium
551 1159 652 1195 eius
682 1159 924 1196 hominum
955 1165 1150 1207 captum
1181 1164 1276 1201 cst,
1314 1156 1496 1206 impetu
1521 1157 1570 1193 in

152 1238 315 1269 castra
345 1231 502 1275 facto,
542 1242 631 1279 quo
672 1230 903 1279 perculsa
946 1242 1058 1278 rege
1099 1228 1277 1264 amisso
1308 1229 1569 1265 multitudo

152 1315 199 1340 se
229 1302 521 1340 contulerat.
586 1301 888 1337 Massinissa
929 1300 1027 1336 sibi
1070 1299 1258 1348 quidem
1300 1299 1466 1336 dicere
1496 1307 1568 1339 etc.

152 1370 354 1423 (Sequitur
385 1372 584 1410 consilium
616 1372 734 1408 Laelio
766 1385 789 1408 a
818 1372 1049 1409 Massinissa
1079 1371 1224 1415 datum,
1255 1378 1296 1406 ut
1325 1382 1366 1406 se
1396 1383 1482 1407 cum
1498 1371 1570 1420 Sy-

153 1445 276 1493 phace
309 1443 455 1481 Cirtam
484 1443 702 1492 praemittat,
734 1443 870 1480 deinde
903 1443 1052 1491 reliqua
1083 1443 1129 1479 de
1161 1448 1275 1491 capta
1313 1442 1407 1477 urbe
1446 1447 1482 1477 et
1511 1455 1571 1477 re-

153 1516 253 1564 gia.)
321 1516 394 1563 Qui
425 1517 506 1552 haec
542 1520 685 1550 attente
714 1514 876 1563 legerit,
923 1515 1076 1558 sentiet,
1119 1525 1277 1562 prorsus
1317 1525 1498 1561 perverse
1533 1513 1571 1548 in

152 1586 239 1635 ipsa
268 1586 403 1635 proelii
432 1586 652 1622 narratione
681 1585 779 1621 inter
808 1585 909 1633 regis
940 1597 1070 1622 casum
1095 1591 1132 1622 et
1152 1597 1336 1621 caesorum
1353 1590 1572 1632 captorum-

157 1670 231 1706 que
260 1670 459 1693 numerum
489 1656 680 1705 interponi
717 1657 872 1692 brevem
902 1656 1009 1692 illam
1049 1657 1095 1692 de
1126 1655 1234 1693 Cirta
1264 1655 1571 1703 hominibusque,

156 1729 221 1777 qui
252 1741 296 1764 eo
327 1727 577 1777 perfugerint,
607 1726 847 1768 sententiam..
877 1727 1045 1763 nondum
1067 1734 1370 1764 commemorata
1399 1726 1493 1775 fuga
1524 1740 1571 1763 ex

155 1798 238 1835 acie
266 1799 304 1835 in
333 1798 419 1847 ipsa
447 1806 573 1835 castra
595 1801 631 1845 (ξ
652 1802 692 1835 5:
724 1810 816 1846 quo
846 1799 1084 1846 perculsa
1115 1812 1229 1848 rege
1261 1799 1441 1836 amisso
1473 1802 1571 1845 cet.).

154 1869 258 1905 Nam
293 1869 396 1917 quod
424 1869 761 1905 Weissenbornius
791 1869 1003 1917 praeparari
1034 1869 1112 1915 ait,
1155 1882 1240 1918 quae
1280 1873 1297 1915 ς’
1336 1873 1357 1906 6
1400 1877 1437 1906 et
1467 1870 1572 1906 dein-

156 1951 243 1989 ceps
274 1947 488 1985 narrentur,
519 1940 616 1976 mira
640 1952 733 1976 vero
765 1952 811 1976 ea
841 1947 898 1976 est
925 1922 1172 1989 praeparatio,
1202 1947 1244 1976 ut
1264 1940 1413 1976 initium
1434 1938 1571 1977 narra-

153 2011 268 2047 tionis
299 2011 348 2047 ab
378 2011 464 2059 ipsa
496 2011 687 2047 divulsum
719 2018 755 2047 et
785 2012 983 2060 aliquanto
1015 2024 1134 2060 supra
1160 2017 1368 2047 retractum
1391 2011 1487 2047 alius
1517 2010 1573 2046 rei

156 2082 391 2132 exponendae
421 2082 594 2118 ordinem
623 2082 887 2131 interrumpat.
952 2084 1074 2120 Recta
1104 2082 1234 2119 onmia
1265 2087 1375 2118 erunt
1407 2089 1443 2118 et
1459 2080 1573 2118 facile

155 2155 367 2198 decurrent,
404 2152 436 2188 si
466 2152 677 2188 clausulam
720 2153 827 2189 illam
878 2154 1053 2190 undecim
1090 2154 1299 2190 verborum
1347 2166 1395 2189 ex
1436 2153 1571 2202 proelii

154 2224 375 2261 narratione
405 2224 616 2260 detractam
649 2235 719 2260 suo
750 2224 834 2261 loco
862 2225 1170 2273 reposuerimus,
1214 2226 1289 2262 hoc
1324 2225 1458 2261 modo:
1499 2255 1507 2262 .
1526 2255 1535 2262 .

156 2296 212 2332 ad
237 2295 436 2332 Laelium
462 2294 778 2343 pertrahitur.
862 2294 1023 2332 Caedes
1074 2296 1119 2331 in
1165 2309 1217 2332 eo
1263 2296 1454 2345 proelio

155 2373 394 2404 certatum
425 2365 597 2402 fuerat..
658 2366 767 2402 Non
796 2365 904 2414 plus
936 2367 973 2403 V
1008 2367 1143 2403 milia
1269 2373 1462 2416 captum
1490 2373 1572 2405 est.

156 2438 339 2487 impetu
369 2438 414 2473 in
447 2444 619 2473 castra
649 2435 794 2481 facto,
825 2449 915 2484 quo
1055 2438 1323 2474 multitudo
1364 2450 1412 2474 se
1454 2450 1571 2474 con-

155 2509 348 2545 tulerat.
409 2508 499 2556 (Hie
537 2507 674 2556 proelii
712 2508 882 2544 narratio
919 2509 1065 2554 fi11itur3
1110 2517 1342 2557 sequuntur,
1371 2521 1455 2557 quae
1485 2518 1573 2557 post

155 2579 341 2628 proelium
375 2585 462 2616 acta
491 2586 600 2623 sunt,
650 2578 758 2615 initio
803 2586 916 2628 capto
959 2593 984 2615 a
1015 2580 1214 2616 notatione
1243 2579 1338 2618 loci.
1378 2593 1454 2628 quo
1486 2586 1573 2616 acta

156 2657 271 2693 sunt.)
346 2649 483 2686 Cirta
534 2657 679 2698 caput
723 2649 859 2697 regni
890 2648 1131 2698 Syphacis
1169 2658 1297 2695 erat,
1337 2663 1492 2698 eoque
1523 2663 1572 2685 se
