1811 2925
865 144 912 180 59
1401 139 1476 169 Lib.
1504 138 1548 170 II.

182 271 378 318 tenuitque
392 266 742 310 Weissenbornius‚
773 278 889 314 quum
917 271 1020 302 reete
1044 262 1200 300 sentiret
1229 274 1424 309 nunquam
1456 261 1600 297 susti-

183 342 285 378 neri
318 339 505 388 aliquid
537 338 620 385 (aut
656 349 703 373 se
734 336 993 378 sustinere)
1025 334 1110 370 loco
1142 339 1207 369 aut
1240 333 1377 370 finibus
1409 333 1500 375 diei;
1541 339 1599 368 tu-

183 413 324 449 multus
357 411 563 448 sustinetur
595 409 642 444 ab
674 420 738 453 eo,
784 407 847 456 qui
883 406 915 442 ei
953 418 1030 441 non
1071 404 1181 440 cedit.
1261 404 1338 441 Sed
1381 416 1431 440 us
1473 410 1598 440 ortum

184 490 242 520 est
271 496 319 520 ex
349 489 520 519 extrema
541 480 691 528 syllaba
713 478 818 515 vocis
838 476 1098 526 praecedentis,
1129 488 1245 523 quum
1264 475 1396 512 Livius
1425 474 1599 523 scripsis-

184 561 259 591 set:
289 566 336 590 se
366 551 600 589 tumult-us
631 556 772 587 tenet.
824 547 1024 585 simillimo
1047 559 1175 583 errore
1204 546 1268 584 lib.
1287 546 1424 590 XXV,
1447 548 1483 589 4,
1508 546 1529 581 6
1553 557 1601 580 ex

183 625 278 674 ipsi
310 623 601 660 sustulerint
643 620 787 657 factum
819 631 901 655 esse
932 617 1085 667 ipsius
1119 616 1428 658 sustulerint,
1468 614 1599 651 Duke-

183 709 248 733 rus
278 695 384 731 vidit.
458 692 644 730 Proximo
676 691 799 739 capite
830 693 847 735 ξ
882 693 901 725 5
934 690 1015 738 ipse
1046 699 1199 735 quoque
1230 699 1329 723 nune
1359 686 1397 722 in
1428 698 1511 722 eam
1544 686 1600 721 in-

185 767 283 803 clino
316 772 478 814 partem,
509 776 625 811 quam
655 761 835 799 Hertzius
866 767 1016 797 secutus
1049 766 1117 802 est5
1149 766 1189 793 ut
1217 757 1345 806 potius
1375 756 1602 806 praeverti

185 851 255 887 pro
287 834 598 886 praevertisse
639 833 827 869 scribatur
861 834 966 874 (orto
997 843 1125 866 errore
1167 842 1215 865 ex
1253 842 1317 873 eo,
1364 829 1466 876 quod
1504 840 1600 876 prae-

187 909 298 953 cedit,
339 904 666 943 intervenisse
707 910 821 939 etex
853 901 1041 949 cepisse
1071 907 1108 936 et
1149 899 1475 944 consuluisse,
1517 911 1602 947 quae

187 978 428 1026 sequuntur),
459 986 575 1023 quam
603 986 674 1022 pro
703 985 845 1022 posse
875 971 1128 1008 substituatur
1158 983 1276 1007 coss.
1335 970 1504 1019 (Opusc.
1527 972 1600 1006 Ac.

186 1050 240 1094 II,
279 1061 315 1096 p.
354 1049 464 1088 127).
523 1043 793 1082 Coniecturam
823 1044 929 1079 illam
960 1049 995 1078 et
1027 1042 1244 1079 Schellerus
1277 1040 1422 1077 fecerat
1452 1048 1486 1077 et
1529 1053 1600 1090 ego

187 1119 459 1168 significaram.

304 1188 433 1238 *Cap
465 1189 536 1231 30,
569 1189 609 1221 4:
649 1184 781 1221 Curae
812 1184 903 1220 fuit
937 1183 1219 1219 consulibus
1251 1190 1294 1218 et
1324 1183 1602 1220 senioribus

185 1268 401 1310 pat—rum,
441 1266 487 1294 ut
519 1257 767 1305 imperium
806 1267 889 1290 suo
923 1255 1178 1290 vehemens
1208 1260 1458 1290 mansueto
1492 1266 1602 1301 per-

187 1331 467 1368 mitteret-ur
496 1327 703 1376 ingenio.
767 1327 857 1363 Non
889 1326 1017 1362 multis
1051 1325 1180 1361 verbis
1198 1325 1370 1362 refellam
1391 1338 1488 1367 eam,
1526 1336 1603 1371 qua

186 1401 302 1450 vulgo
341 1406 519 1444 utuntur,
564 1399 676 1435 huius
708 1397 782 1434 loci
813 1397 1115 1438 enarrationem,
1153 1402 1194 1432 ut
1224 1396 1273 1432 ad
1304 1408 1387 1432 suo
1423 1395 1603 1431 audiatur

188 1471 402 1520 ingenio3
431 1477 635 1517 utrumque
665 1469 762 1505 enim
781 1468 1033 1505 certissimum
1064 1475 1132 1511 est,
1164 1479 1287 1515 neque
1319 1466 1517 1502 dictaturae
1535 1470 1602 1500 aut-

189 1541 408 1578 huiusmodi
438 1541 697 1576 institutorum
724 1539 967 1587 ingenium
997 1537 1183 1586 appellari
1207 1536 1601 1582 aLatinis.(locorum

190 1624 398 1660 rerumque
429 1625 448 1648 e
479 1617 580 1647 terra
612 1618 789 1646 natarum
821 1609 974 1657 ingenia
1003 1609 1208 1655 novimus.)
1241 1620 1363 1655 neque
1393 1620 1441 1642 ex
1472 1606 1602 1642 dativo

190 1682 425 1719 substantivi
454 1687 589 1730 postea
619 1681 733 1729 positi
763 1680 824 1716 hic
859 1680 1069 1716 ablativum
1093 1679 1217 1715 audiri
1246 1690 1373 1727 posse.
1424 1677 1603 1713 Debebat

189 1760 376 1802 praeterea
407 1753 495 1789 huic
526 1765 609 1788 suo
641 1751 834 1788 contraria
864 1750 955 1799 poni
990 1750 1086 1786 alius
1116 1750 1170 1786 rei
1205 1749 1311 1796 (viri)
1342 1748 1461 1793 notio,
1495 1748 1601 1784 cuius

190 1830 431 1860 mansuetum
475 1829 573 1859 esset
606 1822 811 1871 ingenium.
884 1821 960 1858 Sed
1004 1820 1274 1857 refutationem
1322 1832 1603 1868 supervacuam

188 1893 333 1931 faciunt
365 1893 533 1939 codices,
563 1894 601 1930 in
636 1893 773 1942 quibus
805 1892 980 1928 omnibus
1011 1896 1147 1935 (unum
1178 1891 1275 1927 enim
1305 1889 1423 1926 infimi
1453 1889 1604 1938 generis

189 1965 296 2013 Lips.
328 1965 349 2001 2
393 1964 460 2000 vix
499 1977 595 2012 opus
627 1971 683 2000 est
723 1963 946 1999 nominatim
987 1961 1180 2010 excipere)
1226 1960 1408 2009 seriptum
1440 1967 1513 1995 est:
1557 1966 1605 1995 ut.

190 2035 393 2084 imperio
443 2048 539 2072 suo.
611 2035 674 2071 Ex
713 2035 785 2071 hoc.
816 2033 979 2070 efficitur
1008 2032 1204 2069 facillime:
1252 2038 1297 2067 ut
1332 2031 1503 2079 imperi
1533 2031 1604 2066 uis

191 2106 457 2143 uehemens.
523 2103 752 2153 Comparari
784 2104 882 2140 inter
913 2115 952 2139 se
982 2109 1142 2151 possunt
1173 2109 1239 2138 aut
1258 2102 1384 2150 ipsum
1402 2102 1603 2150 imperium

191 2183 228 2212 et
271 2176 464 2224 ingenium
511 2182 577 2212 aut.
617 2175 742 2224 aptius
789 2175 902 2211 etiam
947 2174 1097 2222 imperii
1126 2173 1185 2209 vis
1217 2174 1303 2221 ipsa
1332 2173 1537 2209 vehemens
1569 2179 1603 2208 et

191 2247 283 2285 eius,
315 2248 379 2295 qui
409 2247 609 2295 imperium
642 2246 791 2294 accipit,
822 2245 1015 2294 ingenium
1039 2251 1292 2282 mansuetum.
1355 2243 1447 2280 Suo
1479 2250 1604 2279 ortum

191 2325 247 2354 est
277 2330 293 2354 s
327 2318 453 2354 littera
484 2330 568 2353 cum
599 2316 725 2364 prima
755 2316 948 2364 sequentis
979 2315 1157 2351 vocabuli
1188 2314 1244 2364 (u)
1275 2315 1454 2352 conflata.
1510 2314 1605 2362 Quae

192 2389 241 2425 ab
277 2389 360 2424 aliis
390 2388 428 2424 in
461 2387 621 2423 eandem
661 2387 886 2423 sententiam
931 2393 1079 2422 tentata
1108 2385 1290 2421 Hertzius
1321 2392 1538 2429 enumerat,
1582 2398 1605 2420 a

192 2459 366 2496 codicum
391 2458 562 2507 vestigiis
594 2454 842 2501 discedunt1).

217 2632 250 2676 ²)
289 2635 399 2666 Paulo
423 2642 500 2676 post
526 2645 554 2666 c.
582 2638 643 2672 32,
672 2637 690 2665 9
720 2644 819 2675 quam
847 2635 1118 2665 emendationem
1145 2634 1302 2665 Hei-tzius
1329 2644 1348 2664 a
1374 2643 1407 2664 se
1441 2640 1472 2663 et
1497 2632 1610 2663 Heer-

285 2698 439 2737 wagenio
466 2703 634 2739 repertam
669 2697 786 2728 scribit
818 2696 1166 2735 (consentientia
1200 2705 1262 2737 pro
1289 2694 1603 2734 consentiant),
