1811 2925
266 114 341 145 Lib.
354 112 559 145 XXXVIII.
935 115 955 148 4
964 113 985 148 3
992 113 1013 148 6

267 237 338 273 illis
368 236 570 284 triumphis
600 233 724 270 minor
753 233 825 270 fuit
853 244 1057 275 numerus7
1084 239 1211 268 tamen
1241 243 1483 279 nequaquam
1519 231 1586 267 illa
1614 244 1681 267 ra—

266 309 368 344 tione
398 318 556 342 summae
600 303 789 341 differunt.
869 303 1007 340 Milia
1040 303 1150 339 abest
1179 303 1216 338 in
1247 302 1280 338 B
1311 303 1537 350 duobusque
1574 302 1676 338 Dra-

269 377 493 415 kenborchii
514 375 720 412 codicibus.
795 374 933 422 Itaque
963 379 1151 410 centum
1184 373 1514 422 quadraginta
1539 373 1677 422 singuli

266 456 353 485 sunt
381 447 600 496 Philippei,
652 446 796 483 milium
821 455 1000 480 numerus
1030 445 1187 483 excidit,
1226 445 1506 492 scripseratque
1544 444 1675 481 Livius

266 519 315 555 ad
342 520 441 555 hanc
471 517 655 554 formam:
707 527 918 552 nummos
950 515 1425 564 aureosPhilippeos
1458 513 1494 564 [ξ
1524 513 1674 564 milia]

273 596 458 626 ‹sent-um
505 588 878 636 quinquaginta.
975 586 1038 623 Sic
1082 587 1180 623 enim
1229 592 1265 622 et
1293 585 1592 633 Philippeos
1641 592 1678 622 et

270 659 649 708 Philippeorum
695 658 787 707 poni
834 663 972 706 potest.
1058 657 1244 694 Extremo
1287 657 1411 706 capite
1459 656 1496 703 (ξ
1540 658 1585 693 6:
1635 662 1678 691 et

270 730 567 779 stipendium
631 729 845 765 militare
893 735 937 764 et
984 727 1271 765 frumentum
1334 727 1509 775 duplex
1569 733 1679 775 post

276 801 568 850 triumphum
616 800 798 845 datum3
844 799 1033 848 proelio
1083 798 1127 834 in
1158 796 1277 833 Asia
1322 796 1453 832 facto
1496 796 1679 844 duplex

273 871 491 917 dederat)
528 871 650 907 altero
692 877 778 907 utro
817 871 901 906 loco
946 869 1126 918 duplex
1172 867 1395 903 mendosum
1445 879 1526 903 esse
1574 866 1679 902 vide-

268 950 329 979 tur
377 942 699 990 scribendumque
750 940 965 989 triplex3
1023 939 1107 988 ipsa
1168 939 1266 975 enirn
1320 938 1503 974 orationis
1553 937 1679 974 forma

269 1013 446 1057 ostendit,
476 1025 553 1048 non
584 1012 685 1048 idem
716 1011 775 1048 bis
796 1011 924 1047 datum
949 1022 1049 1055 esseg
1081 1010 1238 1046 dixisset
1259 1010 1357 1046 enim
1374 1009 1526 1045 Livius:
1556 1008 1677 1043 idem

266 1083 458 1132 proelio
489 1083 512 1119 i.
548 1085 598 1121 A.
632 1083 659 1119 f.
695 1082 897 1119 dederat
925 1081 1154 1117 similiterve.

770 1238 872 1285 Lib.
903 1238 1195 1286 XXXVIII.

378 1365 474 1414 Cap.
535 1369 547 1401 ί
571 1393 580 1409 ,
629 1369 649 1401 4
700 1371 737 1401 et
788 1367 809 1401 5
861 1365 925 1408 (de
958 1364 1200 1413 Amynandri
1231 1363 1396 1400 consiliis
1430 1361 1678 1410 recuperandi

269 1437 515 1473 Athamaniae
544 1435 686 1484 regni):
712 1435 1016 1483 Remissique
1045 1435 1197 1471 nuntii
1229 1435 1283 1471 ab
1315 1446 1370 1470 eo
1388 1432 1678 1481 (Amynandro)

267 1508 324 1544 ad
354 1507 606 1556 principes
637 1506 928 1555 Argitheam
959 1506 1023 1555 (id
1053 1506 1172 1543 enim
1204 1512 1345 1552 caput
1370 1502 1680 1540 Athamaniae

269 1577 416 1627 erat),
464 1578 504 1614 si
545 1577 853 1626 popularium
904 1576 1086 1612 animos
1126 1576 1250 1613 satis
1282 1579 1568 1624 perspectos
1597 1574 1679 1608 ha-

276 1650 425 1694 beret„
454 1649 724 1697 impetrato
756 1648 811 1684 ab
840 1647 1016 1683 AEtolis
1047 1647 1247 1691 auxilio,
1278 1647 1320 1682 iu
1339 1644 1679 1682 Athamaniam

267 1734 319 1757 se
350 1725 613 1757 venturum
654 1730 752 1754 cum
792 1717 996 1754 delectis
1027 1718 1331 1758 Aetolorumq
1370 1714 1495 1763 quod
1527 1713 1681 1751 conci-

266 1793 384 1828 lium
416 1797 546 1827 esset.
574 1789 748 1838 gentis,
768 1788 1086 1825 etNieandro
1104 1794 1324 1837 praetore.
1367 1786 1494 1833 Quos
1524 1784 1602 1821 ubi
1620 1785 1678 1820 ad

270 1862 429 1898 omnia
453 1867 653 1909 paratos
673 1871 776 1895 esse
795 1859 935 1904 vidit,
956 1860 1195 1896 certiores
1213 1857 1417 1894 subinde
1438 1855 1570 1901 facit,
1588 1868 1677 1903 quo

271 1933 347 1969 die
363 1945 463 1968 cum
481 1931 886 1967 exercituAtham
899 1930 1054 1966 aniam
1072 1930 1380 1977 ingressurus
1397 1933 1535 1964 esset.
1579 1926 1678 1963 Mire

270 2017 347 2040 non
370 2003 491 2040 solum
523 2015 609 2038 cum
640 2001 809 2037 exercitu
825 2013 865 2037 se
880 2007 1081 2036 venturum
1103 1999 1354 2048 Amynander
1382 1996 1580 2046 promittit,
1610 1995 1677 2031 sed

269 2087 354 2111 cum
372 2080 452 2110 toto
467 2072 689 2110 Aetolorum
725 2071 898 2115 coneilio,
929 2070 1030 2118 quod
1062 2071 1151 2107 alibi
1182 2081 1367 2117 nusquam
1399 2079 1558 2116 peregre
1587 2079 1678 2115 pro—

266 2145 412 2182 fectum
442 2145 529 2193 legi.
565 2149 601 2179 et
632 2156 717 2179 cum
748 2155 896 2179 summo
929 2141 1166 2190 magistratu,
1189 2146 1225 2176 et
1253 2141 1325 2176 hoe
1354 2138 1560 2187 promittit‚
1578 2150 1677 2173 non-

270 2217 359 2252 dum
389 2216 534 2252 AEtolis
566 2214 752 2261 (delectis)
785 2213 978 2250 consultis.
1050 2213 1153 2249 Nam
1176 2217 1312 2260 postea
1342 2210 1491 2246 demum
1523 2221 1588 2245 eos
1619 2209 1674 2244 ad

267 2286 660 2335 omniaparatos
692 2285 814 2329 videt,
846 2284 947 2332 quod
977 2284 1101 2332 ipsum
1132 2284 1258 2331 inepte
1274 2281 1482 2325 subiicitur,
1513 2292 1589 2315 non
1618 2279 1674 2315 in-

268 2357 407 2399 dicato„
438 2357 734 2405 Amynandrum
765 2368 848 2392 cum
880 2355 925 2391 iis
955 2355 1089 2403 egisse,
1121 2354 1189 2390 etsi
1222 2353 1305 2401 ipsa
1336 2349 1518 2387 orationis
1549 2348 1675 2385 forma

266 2428 421 2475 (Quos
446 2427 524 2463 ubi
563 2458 598 2465 .,
638 2426 781 2473 vidit)
822 2432 953 2475 aperte
990 2425 1203 2474 significare
1233 2423 1400 2466 videtur,
1432 2420 1575 2467 aliquid
1604 2421 1672 2455 hu-

267 2497 430 2534 iusmodi
459 2497 709 2546 praecessisse.
794 2496 902 2533 Infra
947 2497 981 2543 (§
1013 2497 1054 2539 9)
1098 2493 1349 2543 Amynander
1397 2504 1495 2527 cum
1538 2490 1672 2526 mille

266 2568 447 2605 AEtolis
477 2568 640 2612 (auxilio
670 2568 890 2616 impetrato)
921 2567 958 2602 in
989 2565 1264 2603 Athamaniam
1295 2563 1443 2599 venisse
1473 2568 1670 2605 narraturg

265 2639 496 2675 delectorum
530 2638 834 2687 (apocletorum)
883 2637 1030 2674 concilii
1061 2635 1283 2684 praetorisve
1312 2634 1416 2669 nulla
1446 2632 1588 2669 mentio
1617 2632 1671 2669 fit.
