1811 2925
210 147 284 179 Lib.
307 147 493 179 XXXVII.
881 149 958 184 430

210 278 393 315 rentur,
428 270 643 306 necessario
679 269 921 306 scribendum
951 275 1044 317 puto
1076 269 1386 317 conspicere;
1418 281 1506 305 nam
1537 269 1627 305 cir-

210 340 527 388 cumspicere,
569 341 642 377 hoc
674 348 728 377 est
772 340 892 376 oculis
924 352 1105 387 quaerere,
1136 338 1248 376 facile
1276 346 1467 388 poterant,
1502 352 1628 387 neque

212 411 592 458 circumspectionem
610 411 736 459 caligo
767 410 878 455 tollit,
909 410 974 446 sed
995 416 1262 458 conspectum3
1294 417 1330 446 et
1346 410 1446 447 idern
1465 411 1626 448 verbum

210 487 373 528 utroque
403 481 488 517 loco
517 494 599 517 esse
633 482 767 525 debet,
809 488 871 525 ut,
912 480 1015 529 quod
1047 494 1094 517 ne
1120 494 1167 517 ex
1198 481 1323 517 media
1359 481 1514 528 quidem
1547 482 1629 517 acie

211 551 292 587 fieri
322 551 508 600 potuerit,
552 552 590 587 id
622 552 740 588 multo
775 553 899 589 minus
936 565 955 588 e
988 551 1168 587 cornibus
1200 551 1279 586 fieri
1310 552 1481 599 potuisse
1512 552 1628 602 signi-

211 624 354 660 ficetur.
427 623 488 658 De
518 623 667 659 duabus
698 624 811 659 simul
841 623 1015 672 partibus
1046 622 1325 670 conspiciendis
1367 636 1443 659 non
1474 623 1630 671 ponitur

211 693 599 741 circumspicere.

324 763 420 812 Cap.
456 765 531 807 42,
578 765 598 799 2
632 764 690 808 (in
733 764 954 799 narratione
994 763 1129 811 proelii
1167 763 1215 799 ad
1247 763 1529 812 Magnesiam):
1575 764 1631 800 ad

213 847 332 882 quos
365 832 534 884 (equites
567 833 860 884 cataphractos)
892 846 1051 882 quum,
1083 833 1342 882 dissipatis
1373 834 1630 878 subsidiis,

212 905 522 954 pervenisset
562 905 810 953 equitatus
852 906 1117 948 Romanus,
1174 917 1227 940 ne
1280 905 1480 953 primum
1533 905 1630 952 qui-

212 977 311 1012 dem
354 976 581 1025 impetum
632 989 744 1025 pars
798 988 958 1011 eorum
1013 975 1367 1019 sustinuerunt3
1417 975 1501 1011 alii
1532 974 1631 1011 fusi

212 1053 344 1089 sunt,
402 1046 486 1082 alii
529 1053 734 1095 propter
782 1046 1079 1094 gravitatem
1126 1052 1513 1093 tegumentorum
1563 1059 1631 1083 ar-

215 1130 490 1165 morumque
529 1117 758 1166 oppressi
809 1115 968 1165 [sunt]
1045 1116 1086 1153 Si
1130 1117 1209 1152 haec
1249 1129 1342 1151 vera
1386 1123 1497 1162 sunt,
1541 1129 1631 1165 pars

213 1188 383 1236 equitum
415 1189 752 1236 cataphractorum
784 1186 967 1234 impetum
998 1187 1256 1222 sustinuerunt
1299 1199 1424 1235 neque
1460 1186 1535 1223 fusi
1568 1194 1634 1223 aut

215 1259 389 1307 oppressi
420 1265 524 1301 sunt3
573 1259 639 1294 scd
671 1258 762 1306 quid
790 1270 835 1293 ea
865 1270 955 1305 pars
991 1257 1127 1293 deinde
1159 1263 1224 1293 aut
1255 1256 1388 1293 fecerit.
1418 1263 1486 1293 aut
1515 1269 1633 1306 passa

214 1329 284 1374 sit,v
317 1342 392 1364 non
439 1330 590 1366 dicitur.
670 1330 858 1377 Apparet,
904 1339 1126 1375 perversum
1172 1340 1254 1363 esse
1299 1327 1390 1363 illud
1435 1327 1482 1362 de
1523 1334 1633 1375 parte

215 1400 364 1447 (aliqua
393 1401 553 1445 incerta)
597 1399 781 1447 impetum
814 1412 888 1434 non
920 1398 1128 1433 sustinente
1167 1410 1368 1446 pravoque
1417 1397 1503 1433 loco
1537 1397 1633 1434 divi-

217 1471 361 1506 sionem
409 1471 501 1506 fieri.
571 1471 786 1518 Scripserat
824 1469 977 1506 Livius:
1121 1481 1174 1504 ne
1204 1468 1405 1516 primum
1441 1469 1632 1516 quidem

216 1542 440 1590 impetum
473 1541 837 1584 sustinuerunt&
877 1550 987 1587 pars
1030 1551 1191 1575 eorum
1232 1539 1328 1575 fusi
1372 1545 1504 1583 sunt7
1549 1538 1635 1575 alii

217 1618 422 1662 proptor
451 1612 748 1660 gravitatem
783 1617 851 1647 etc.
925 1609 1052 1657 Quum
1094 1610 1231 1658 aliquis
1274 1610 1475 1659 vulgarem
1507 1609 1633 1646 distri-

218 1683 359 1719 buendi
390 1683 553 1718 formam
585 1682 851 1730 significasset7
883 1680 1076 1728 adscripto
1106 1680 1153 1716 ad
1181 1693 1294 1728 pars
1325 1693 1488 1717 eorum
1518 1692 1635 1716 voca-

220 1755 309 1791 bulo
341 1754 439 1797 alii7
456 1753 569 1800 idque
591 1752 627 1787 in
651 1758 869 1788 contextam
892 1751 1103 1787 orationem
1130 1751 1308 1795 venisset,
1329 1763 1442 1799 pars
1474 1763 1636 1787 eorum

220 1827 268 1862 ad
298 1825 429 1873 priora
463 1829 625 1859 tractum
658 1823 1010 1871 transpositumque
1042 1828 1110 1860 est.

332 1895 429 1943 Cap.
465 1896 538 1939 43,
585 1896 626 1930 9:
671 1893 892 1930 Ceterum
937 1891 1241 1940 fugientibus
1287 1893 1442 1929 maior
1484 1893 1637 1941 pestis

219 1965 518 2002 intermixtis
578 1963 838 2011 quadrigis
901 1963 1278 2010 elephantisquc
1334 1970 1379 1999 et
1436 1964 1636 2000 camelis

221 2043 324 2072 erat
355 2043 397 2072 et.
428 2048 512 2072 sua
542 2034 758 2082 ipsorum
792 2034 952 2077 turba,
991 2045 1128 2080 quum
1160 2033 1336 2069 solutis
1368 2034 1636 2076 ordinibus,

221 2107 351 2143 velut
385 2106 515 2143 caeci
559 2117 703 2152 super
733 2104 862 2140 alios
904 2103 989 2139 alii
1020 2110 1219 2139 ruentes
1253 2104 1451 2140 incursu
1490 2104 1637 2141 bellu-

222 2191 352 2214 arum
389 2179 747 2213 obtererentur.
828 2174 1058 2211 Necessario
1101 2174 1310 2210 tollendum
1342 2180 1385 2210 et
1416 2182 1504 2211 ante
1534 2188 1638 2213 sua.

224 2248 327 2295 quod
359 2248 389 2283 si
419 2260 489 2295 pro
525 2245 745 2294 copulativa
787 2246 995 2294 accipitur,
1038 2257 1189 2282 omnem
1232 2252 1462 2282 structuram
1504 2246 1641 2282 evertit

225 2318 396 2365 (maior
425 2316 576 2366 pestis
599 2322 669 2352 est
700 2316 850 2352 alicui
871 2316 1171 2352 intermixtis
1203 2315 1460 2364 quadrigis
1493 2321 1641 2363 atque

225 2402 274 2425 su
287 2402 309 2425 a
340 2389 448 2424 turb
461 2390 514 2430 a).
561 2387 590 2422 si
631 2400 700 2434 pro
735 2387 898 2425 etiam.
934 2394 968 2422 et
1000 2400 1122 2435 pravo
1154 2387 1238 2423 loco
1270 2386 1426 2434 ponitur
1455 2393 1543 2433 post
1576 2385 1642 2421 illa

225 2458 527 2496 intermixtis
573 2464 644 2494 ctc.
683 2464 719 2492 ct
761 2458 807 2492 ad
847 2457 1072 2494 sententiam
1115 2465 1152 2493 et
1193 2456 1523 2505 comparationem
1555 2469 1640 2492 cum

225 2529 389 2565 hostium
426 2527 693 2575 persecutione
731 2527 899 2575 ineptum
942 2535 1015 2571 est;
1052 2528 1293 2564 scribendum
1327 2527 1460 2575 igitur:
1507 2526 1643 2563 Cet-e-

226 2612 323 2635 rum
356 2597 663 2645 fugientibus
702 2597 854 2633 maior
883 2598 1064 2646 pestis,
1114 2597 1418 2633 intermixtis
1566 2608 1643 2631 ca-

227 2669 381 2705 melis.
425 2676 525 2704 erat
569 2681 652 2704 sua
698 2669 914 2716 ipsorum
962 2668 1121 2704 turba.
1172 2680 1307 2716 quum
1351 2674 1422 2705 etc.
1490 2667 1640 2702 Deinde
