1811 2925
871 139 922 176 24

187 271 291 301 recte
322 263 466 302 editur:
517 262 867 311 circumagenti
916 273 964 297 se
1002 260 1058 297 ad
1098 260 1324 296 dissonos
1365 261 1609 300 clamores

190 347 242 372 ac
286 335 474 372 subitos
528 334 761 370 tumultus
813 332 942 369 hosti
994 332 1060 380 (ex
1105 344 1180 380 quo
1224 331 1263 367 in
1307 331 1469 369 PLth
1519 333 1610 370 aliis

188 405 332 442 factum
376 412 432 442 est
478 405 637 442 minima
674 404 917 441 aberratione
966 403 1361 450 circumagentes
1407 403 1462 438 ad
1504 407 1609 451 ete),

188 476 227 512 in
256 476 329 512 illis
363 476 511 512 duobus
538 475 629 512 solis
661 475 855 511 codicibus
886 474 1082 511 scribitur:
1125 479 1324 522 agentes
1365 473 1420 509 ad
1454 474 1606 512 disso-

187 559 271 582 nos
320 547 557 583 clamores
605 558 657 583 ac
699 546 888 582 subitos
937 545 1113 581 circum
1171 544 1406 580 tumultus
1458 545 1604 582 host-i.

189 619 327 666 Itaque
380 624 540 666 uterque
577 618 699 654 codex
739 617 993 665 transcriptus
1031 621 1115 650 erat
1151 627 1199 651 ex
1236 627 1312 651 uno
1354 627 1374 650 e
1411 617 1609 653 communi

188 689 397 737 archetypo
429 695 532 733 orto,
566 694 674 724 tanta
702 687 1009 737 propinquitate,
1038 692 1080 722 ut·
1109 685 1315 721 miraturus
1345 698 1422 721 non
1454 685 1609 733 fuerim,

186 760 219 796 si
249 760 333 808 quis
363 760 578 808 suspicatus
610 764 721 804 esset,
752 759 878 807 ipsum
911 757 1083 794 codicem
1112 755 1423 793 Vormatiensem
1443 757 1475 793 F
1479 757 1613 794 loren-

186 830 279 866 tiam
311 830 440 878 aliquo
471 843 564 867 casu
594 831 795 867 devectum
824 841 925 865 nunc
945 828 1163 865 Mediceum
1192 827 1395 876 appellari;
1427 829 1493 865 sed
1520 842 1605 866 eam

186 901 442 950 suspicionem
488 900 602 936 facile
649 900 868 936 refellerent
916 899 1083 935 minores
1134 899 1280 946 aliquot
1316 900 1606 948 descrepantiae,

185 973 291 1009 velut
321 972 414 1009 satis
443 971 603 1020 insignis
632 971 670 1007 in
692 971 789 1007 libro
810 971 883 1015 IV,
916 971 964 1007 32
988 969 1068 1006 init.
1093 982 1178 1006 cum
1211 971 1295 1019 ipso
1327 970 1610 1007 communionis

184 1043 324 1080 indicio
357 1043 580 1087 coniuncta3
629 1055 718 1078 nam
757 1041 955 1078 adnotatio
997 1040 1220 1089 marginalis
1259 1041 1396 1077 horum
1430 1043 1605 1079 codicum

184 1115 344 1164 propria
375 1115 429 1151 sic
459 1114 736 1162 interponitur,
777 1119 819 1149 ut
856 1113 894 1148 in
924 1112 979 1150 M.
1009 1118 1196 1160 praeterea
1229 1112 1454 1148 omittantur
1483 1114 1608 1149 verba

184 1185 354 1234 ingens
386 1191 488 1221 erat
518 1185 676 1221 accito
712 1184 954 1228 exercitu,
989 1195 1073 1230 quae
1102 1182 1140 1218 in
1170 1183 1346 1219 Rhenani
1376 1190 1497 1228 erant,
1527 1184 1609 1220 bis—

186 1268 260 1303 que
292 1262 458 1304 ponatur
490 1255 622 1292 abeis
659 1254 699 1304 (a
721 1254 897 1302 Veiis);
927 1253 1055 1302 plures
1087 1266 1139 1290 eae
1170 1253 1434 1302 discrepantiae
1466 1261 1608 1300 essent,

186 1326 219 1363 si
249 1327 386 1375 saepius
426 1333 461 1363 et
500 1326 712 1363 distinctius
743 1327 950 1362 Rhenanus
982 1324 1122 1361 codicis
1153 1325 1361 1373 scripturas
1401 1326 1611 1374 posuisset-

187 1396 265 1435 Sed
297 1397 478 1445 quoniam
507 1397 684 1434 Rhenani
725 1397 848 1433 codex
877 1408 966 1432 raro
999 1401 1341 1440 commemoratur,
1382 1403 1417 1432 et
1447 1409 1605 1446 separa—

185 1468 238 1505 tio
268 1468 380 1504 huius
411 1468 538 1516 stirpis
570 1481 593 1504 a
623 1468 757 1505 ceteris
788 1473 825 1503 et
854 1467 1033 1503 universa
1061 1466 1278 1514 proprietas
1311 1466 1459 1514 plenius
1489 1467 1611 1504 clari-

185 1551 307 1587 usque
336 1539 374 1574 in
399 1552 474 1575 uno
505 1539 548 1576 M
578 1539 833 1575 demonstrari
863 1544 1001 1586 potest.
1087 1538 1218 1584 Atque
1250 1537 1300 1572 ad
1330 1539 1606 1575 sejunctionem

186 1610 314 1659 stirpis
347 1610 619 1646 declarandam
660 1610 754 1646 nihil
792 1609 916 1658 magis
945 1607 1189 1657 perspicuum
1219 1619 1302 1643 csse
1330 1614 1457 1656 potest
1488 1621 1609 1656 quam

184 1681 502 1730 transpositiones
534 1681 618 1718 duae
647 1681 828 1718 foliorum
860 1680 1017 1728 aliquot,
1050 1690 1211 1727 quarum
1236 1678 1275 1714 in
1305 1678 1439 1714 ceteris
1459 1679 1606 1717 nullum

186 1757 240 1788 est
271 1751 489 1800 vestigium.
549 1753 652 1788 Nam
686 1765 770 1800 quae
801 1764 823 1788 a
852 1752 950 1787 libro
982 1751 1086 1794 VH,
1122 1753 1165 1795 4,
1198 1753 1218 1787 6
1250 1750 1449 1800 (naturae
1479 1750 1610 1786 dam-

185 1835 289 1858 num
324 1824 412 1869 cet.)
446 1823 495 1858 ad
528 1824 588 1867 14,
621 1824 642 1859 9
676 1821 832 1871 (quani
863 1822 919 1857 ab
953 1833 1000 1857 se
1030 1832 1082 1856 ac
1115 1819 1181 1868 —)
1211 1821 1400 1869 leguntur,
1433 1834 1479 1857 ea
1507 1821 1545 1857 in
1562 1822 1608 1858 M

186 1905 256 1929 suo
296 1893 382 1930 loco
415 1893 558 1930 omissa
604 1891 685 1942 (ubi
714 1893 752 1929 in
782 1891 955 1940 margine
984 1891 1195 1927 recentiore
1225 1904 1341 1927 manu
1372 1892 1609 1928 adnotatur:

184 1977 275 2000 non
308 1964 562 2000 continuat
590 1976 761 2000 novum
796 1968 839 1998 et
868 1961 1063 1998 multum
1102 1958 1330 2010 deficit)¹)
1367 1968 1504 2010 postea
1543 1963 1609 1998 in-

186 2040 440 2083 terponuntur
469 2035 507 2071 in
538 2047 623 2083 cap,
657 2036 720 2080 25,
753 2036 775 2070 4
808 2033 907 2069 inter
936 2031 1104 2081 syllabas
1134 2032 1311 2068 vocabuli
1341 2034 1414 2069 An
1436 2054 1487 2058 —
1517 2033 1603 2069 tia-

185 2105 265 2150 tis3
312 2118 395 2154 quae
432 2112 558 2142 autem
594 2105 691 2142 libro
732 2104 795 2140 IX
836 2104 1014 2152 leguntur
1053 2116 1076 2139 a
1114 2115 1198 2151 cap.
1245 2106 1315 2148 14,
1359 2104 1380 2139 2
1422 2103 1610 2151 (audita

186 2176 400 2224 perinde)
432 2188 553 2224 usque
584 2177 633 2212 ad
663 2177 775 2212 finem
808 2186 895 2223 cap.
919 2175 967 2210 22
999 2173 1225 2222 (Plistica
1254 2173 1366 2223 per),
1397 2186 1443 2210 ea
1474 2173 1608 2209 omnia

186 2246 374 2283 translata
411 2254 498 2283 sunt
534 2246 572 2282 in
609 2259 694 2296 cap.
729 2249 802 2292 40,
840 2246 911 2290 20,
953 2244 1101 2280 divulso
1141 2244 1330 2281 vocabulo
1369 2245 1512 2281 amici
1548 2265 1605 2271 -—

211 2483 241 2527 ¹)
281 2488 482 2519 Recentiore
521 2499 622 2521 manu
658 2490 731 2521 haec
764 2489 889 2530 scripta
926 2498 1000 2519 esse
1025 2489 1058 2519 h.
1087 2489 1106 2520 1.
1133 2487 1371 2520 Alschefskius
1404 2497 1471 2518 non
1507 2487 1606 2525 dicit,

278 2550 336 2580 sed
363 2550 406 2580 ad
431 2550 508 2582 libr.
536 2551 602 2588 IX,
634 2555 690 2588 14,
718 2554 735 2581 2
765 2550 909 2581 similem
943 2550 1199 2581 adnotationem
1234 2556 1355 2590 quarta
1384 2559 1487 2580 manu
1522 2550 1607 2589 (nec

278 2611 407 2642 librarii
432 2620 495 2642 nec
521 2612 619 2653 primi
646 2612 826 2643 alteriusve
853 2611 1067 2652 correctoris)
1095 2611 1254 2653 scriptam
1282 2620 1353 2642 esse
1378 2611 1437 2644 ait.
