1811 2925
823 143 901 179 549
1350 143 1427 174 Lib.
1448 144 1582 177 XLIII.

151 266 291 314 Itaque
320 264 538 302 necessario
570 277 670 313 quae
701 267 945 304 scribendum
980 273 1038 303 est
1068 272 1117 312 et,
1149 267 1334 315 quoniam
1366 268 1583 314 durissime,

150 337 363 386 praesertim
393 336 621 385 interposito
653 343 781 384 act-a,
821 339 869 375 ad
900 338 1072 387 singulos
1103 338 1309 383 (turbati
1347 367 1385 379 .,
1425 341 1582 387 erant)

151 408 337 445 transitur
367 413 405 444 et
433 407 472 444 in
499 407 584 456 ipso
617 409 749 446 codice
797 417 854 447 est
900 410 1201 455 adventura,
1246 409 1296 446 ad
1338 410 1418 447 haec
1466 411 1581 448 etiam

152 479 487 518 accommodanda
530 480 731 516 turbata
777 487 814 518 et
858 487 982 524 erat„
1028 487 1070 517 ut
1118 481 1199 517 haec
1247 481 1295 517 sit
1345 481 1463 519 totius
1507 482 1582 520 loci

151 551 296 588 forma:
354 563 452 604 quae
500 558 544 587 et
574 551 749 598 serius,
792 566 828 602 q.
859 567 890 590 r.
921 566 971 602 p.⁷
1015 559 1077 597 et,
1117 552 1296 601 raptim
1329 557 1582 599 acta,tu1·-

152 625 263 664 bata
294 635 435 659 cursu
468 623 568 661 adv⁴
611 623 749 662 instr.
792 629 837 660 et
874 637 940 673 pr.
985 627 1091 663 erat
1122 623 1412 662 adventura.
1472 624 1609 662 Infrav

151 696 224 741 §8
267 695 512 732 scribendum
556 707 639 732 esse
680 695 871 732 intrare
920 696 1177 744 angustias
1227 696 1326 739 (cod.
1372 696 1580 736 int-rore.

151 767 236 803 edd.
270 766 513 814 introire),
544 766 624 803 dixi
657 773 745 803 ante
777 767 926 816 aliquot
957 779 1098 812 ann0s3
1130 780 1220 804 nam
1251 768 1464 805 introire
1495 782 1581 806 cum

149 838 374 875 accusativo
406 850 484 874 non
513 838 639 887 magis
669 838 804 875 Livius
831 851 950 887 quam
982 837 1119 875 Cicero
1148 839 1250 875 dicit.

265 908 361 958 Cap.
396 911 460 954 67,
493 910 515 946 8
562 909 727 958 (Consul
768 911 813 948 P.
845 911 1018 948 Licinius
1062 910 1241 955 Larissa)
1273 911 1483 948 Eumene
1515 918 1581 948 at-

151 994 240 1030 que
269 981 446 1019 Attalo
477 980 664 1016 domum
695 981 940 1019 remissis.
983 981 1289 1030 Misagenem
1320 983 1580 1020 Numidas-

149 1066 239 1102 que
290 1052 338 1088 in
396 1051 604 1089 hiberna
661 1052 707 1088 in
755 1052 997 1101 proximis
1055 1053 1327 1090 Thessalis
1380 1055 1581 1091 urbibus

150 1123 426 1160 distribuit.
504 1119 701 1160 Vitiosum
734 1129 792 1159 est
838 1123 1142 1160 distribuere
1186 1124 1233 1160 in
1279 1125 1489 1163 hiberna
1533 1126 1578 1162 in

148 1195 350 1232 urbibus
382 1196 470 1244 (pro
504 1207 562 1241 eo,
595 1195 699 1244 quod
733 1201 791 1231 est
823 1194 869 1231 in
900 1195 1081 1242 urbes);
1116 1196 1240 1233 codex
1270 1197 1407 1234 habet:
1438 1197 1580 1233 misa-

148 1266 582 1315 chinnumidisque
614 1267 822 1303 hiberna
869 1266 917 1302 in
947 1267 1206 1315 proxumis
1257 1275 1342 1311 cet„
1387 1269 1461 1305 hoe
1503 1274 1578 1305 est:

149 1337 398 1387 Misageni
427 1338 753 1386 Numidisque
799 1338 1007 1374 hiberna
1040 1339 1085 1375 in
1115 1340 1356 1388 proximis
1395 1341 1477 1377 Th.
1507 1353 1580 1377 ur-

150 1411 293 1447 bibus
338 1409 605 1448 distribuit.
678 1409 804 1446 Paulo
835 1415 925 1458 post
975 1410 1012 1457 (ξ
1045 1411 1100 1458 9),
1150 1411 1333 1459 quoniam
1376 1411 1415 1447 in
1446 1411 1579 1447 codice

144 1488 220 1519 est:
268 1483 495 1519 Antrona
539 1480 1122 1518 voluntatemcolentium
1169 1483 1376 1532 recepit,
1432 1482 1576 1519 scribe-

142 1565 248 1590 mus:
295 1553 560 1589 voluntate
600 1551 932 1588 incolentium*
1018 1553 1298 1591 Incolentes
1328 1567 1400 1603 pro
1441 1554 1578 1591 incolis

145 1625 279 1661 Livius
325 1624 423 1661 dixit
464 1623 576 1659 huius
606 1623 694 1660 libri
739 1635 770 1659 c.
815 1625 888 1668 53,
923 1625 945 1660 6
977 1630 1037 1669 et,
1070 1624 1102 1660 si
1132 1631 1235 1662 recte
1268 1625 1438 1670 memini,
1470 1625 1575 1662 alibi.

146 1697 349 1732 Postremo
376 1708 407 1732 c.
436 1697 477 1731 11
508 1695 718 1731 tollendum
744 1707 793 1731 ex
809 1696 1034 1732 narratione
1059 1696 1180 1745 ipsius
1204 1698 1331 1733 eventi
1351 1697 1578 1746 plusquam-

144 1765 305 1816 perfecti
321 1766 505 1815 temporis
523 1766 684 1802 verbum
705 1766 1047 1815 scribendumque:
1073 1797 1082 1806 .
1101 1797 1110 1806 .
1129 1797 1139 1806 .
1165 1781 1265 1805 eam
1289 1781 1578 1818 oppugnare

146 1839 454 1887 aggreditur.
538 1838 693 1875 Primi
743 1838 955 1875 omnium
999 1839 1302 1877 Macedones
1354 1870 1393 1879 ..
1452 1846 1578 1877 metu

147 1915 473 1947 excesserunt
503 1908 609 1959 (cod.
651 1915 688 1945 et
718 1909 804 1945 edd.
838 1914 1200 1957 excesserant);
1246 1924 1269 1947 a
1301 1911 1478 1960 quibus
1507 1923 1579 1947 re-

146 1982 255 2018 licti
303 1981 539 2031 oppidani
582 1980 630 2016 in
670 1980 978 2017 deditionem
1020 2010 1058 2020 ..
1095 1983 1311 2019 veniunt.

700 2267 804 2316 Lib.
842 2269 1029 2317 XLIII.

262 2403 359 2454 Cap.
396 2411 431 2450 1,
467 2407 498 2442 1.
557 2406 603 2442 In
639 2407 714 2443 hoc
758 2407 857 2444 libro
888 2407 1110 2458 incipienda
1151 2406 1245 2443 mihi
1276 2407 1400 2444 oratio
1433 2420 1457 2444 a
1484 2419 1580 2443 con·

148 2475 316 2513 sessione
356 2477 478 2526 culpae
522 2484 559 2514 et
600 2479 740 2515 erroris
783 2485 852 2515 est.
921 2480 1028 2516 Nam
1072 2491 1191 2527 quum
1222 2479 1394 2515 codicem
1428 2478 1579 2515 Vindo-

150 2548 359 2585 'nonensem
404 2561 439 2585 a,
489 2550 592 2586 1846
637 2548 867 2586 festinanter
905 2550 1113 2600 inspiciens
1158 2556 1194 2586 et
1236 2562 1364 2598 pauca
1392 2550 1482 2586 inde
1511 2561 1579 2586 ex-

150 2631 309 2668 cerpens
339 2619 378 2656 in
409 2632 495 2656 eam
530 2620 748 2669 opinionem
778 2622 992 2667 venissem7
1035 2621 1163 2670 ipsum
1203 2621 1353 2658 initium
1395 2621 1484 2657 libri
1526 2621 1580 2657 sic

148 2689 203 2726 ibi
249 2690 383 2728 scribi:
445 2692 624 2728 Eadem
668 2698 839 2729 aestate
886 2693 933 2729 in
982 2693 1247 2730 Thessalia
1295 2693 1490 2741 legatus
1533 2692 1581 2728 in
