1811 2925
247 124 321 155 Lib.
348 123 444 154 XLI.
921 123 941 157 4
949 122 971 156 9
978 123 998 156 4

247 245 451 283 ducendi
495 244 615 280 verbo
650 243 755 278 nulla
786 249 843 278 est
873 241 1074 278 dubitatio.
1142 240 1325 289 Sequitur
1356 241 1403 278 de
1434 241 1575 286 Gallis,
1607 241 1671 289 qui

248 319 426 354 Romana
464 318 594 350 castra
633 313 894 360 sequebantur
935 311 969 357 (ἕ
1003 310 1062 358 8);
1103 309 1354 349 Catmelus
1385 325 1471 361 pro
1501 312 1671 360 regulo

249 392 353 423 erat
381 385 540 421 tribus
570 383 698 419 haud
729 382 938 431 amplius
969 380 1187 417 millibus
1219 389 1528 418 armat-orum.
1596 382 1671 418 Mi-

247 470 344 502 rum,
376 469 443 492 cur
472 467 544 503 pro
575 466 666 502 rege
696 453 847 489 dicatur
876 452 1014 495 fuisse,
1044 464 1122 487 non
1152 463 1239 495 rex3
1278 451 1491 488 inauditum
1530 452 1569 488 in
1598 453 1672 488 hoc

249 526 399 564 dicendi
429 537 568 574 genere
604 523 880 560 deminutivum
920 523 1152 559 vocabulum
1184 523 1309 571 (esse
1339 534 1424 570 pro
1454 522 1672 570 regulo);

251 598 344 634 mire
383 597 497 633 etiam
538 594 734 631 Catmelus
776 600 880 630 certo
922 606 1082 630 numero
1119 606 1190 642 pro
1232 605 1323 641 rege
1369 592 1488 628 fuisse
1519 592 1671 630 dicitur.

250 668 384 705 Livius
431 666 658 714 scripserat:
709 663 957 701 Catmelus
1007 665 1204 713 regulus
1248 666 1459 715 praeerat
1506 663 1672 699 tribus

249 738 373 776 haud
405 736 613 785 amplius
645 749 694 773 m.
728 748 764 773 a.
828 734 876 770 Id
908 740 1131 782 corruptum
1163 739 1220 769 est
1250 733 1385 769 eodem
1415 734 1552 778 modo,
1597 745 1672 780 quo

249 810 402 854 XLIV,
421 808 556 852 36,13
576 806 771 842 scribitur:
790 805 870 853 qui
892 804 1034 840 hodie
1059 816 1164 840 esse
1187 816 1279 852 pro:
1310 803 1453 840 hodie
1471 803 1671 851 quiesse

252 881 343 928 (vid.
375 893 411 928 p.
446 878 555 925 492).
634 876 834 913 Librarius
876 875 998 920 enim,
1044 887 1160 922 quum
1200 874 1386 923 primum7
1430 874 1573 910 omisso
1604 887 1674 910 re-

250 951 410 1000 gulus7
444 950 589 999 primas
605 948 752 983 litteras
770 946 878 982 verbi
908 953 1113 994 praeerat
1144 945 1371 993 scripsisset,
1402 945 1674 981 animadverso

252 1035 393 1066 errorQ
440 1019 636 1069 regulus
685 1017 930 1065 interposuit:
976 1030 1024 1053 ex
1054 1018 1145 1052 hoc:
1190 1029 1284 1064 prae
1327 1016 1524 1064 regulus
1570 1022 1675 1051 erat

252 1094 396 1130 factum
434 1092 616 1139 (fortasse
649 1102 671 1125 a
702 1088 910 1137 Grynaeo):
955 1102 1043 1137 pro
1088 1087 1259 1135 regulo
1305 1094 1414 1123 erat.
1502 1086 1674 1132 (XLIV.

253 1168 318 1210 41,
352 1167 371 1200 4
412 1162 592 1199 librarius
628 1161 712 1209 ipse
750 1172 821 1207 pro
852 1165 1037 1195 tantum
1078 1158 1181 1194 siue
1222 1157 1351 1206 sripsit
1382 1157 1485 1193 sine
1516 1162 1675 1195 tanto:

251 1234 589 1283 transpositionem
621 1236 753 1267 secuta
789 1230 950 1266 mutatio
982 1233 1070 1273 est.)

367 1303 463 1352 Cap.
498 1304 540 1347 2,
584 1302 607 1337 8
649 1301 715 1343 (de
762 1300 856 1348 fuga
902 1301 1169 1336 Romanorum
1214 1311 1234 1334 e
1277 1298 1413 1334 castris
1448 1298 1486 1334 in
1523 1297 1676 1343 Ist.ria):

254 1378 428 1423 Itaque
456 1373 631 1422 primo,
662 1370 796 1406 velut
825 1369 949 1406 iussi
984 1370 1031 1405 id
1072 1369 1255 1414 faeere,
1297 1369 1439 1417 pauci
1477 1368 1676 1406 armati.

256 1446 409 1482 maior
446 1455 559 1492 pars
596 1442 827 1485 inermes,
871 1440 927 1476 ad
970 1453 1097 1477 mare
1129 1441 1406 1477 decurrunt.
1482 1439 1576 1475 Haec
1623 1439 1676 1474 sic

256 1516 444 1559 dicuntum
486 1520 671 1560 tanquam
704 1510 872 1547 universi
903 1511 951 1546 ad
983 1523 1090 1547 mare
1120 1511 1374 1555 decurrerinu
1412 1523 1501 1546 nam
1533 1522 1679 1558 pauco-

256 1598 340 1622 rum
387 1584 529 1620 mentio
574 1581 842 1618 tantummodo
887 1581 935 1616 ad
981 1588 1153 1618 armatos
1190 1588 1227 1618 et
1265 1582 1314 1618 ad
1344 1581 1591 1630 partitionem
1622 1593 1680 1616 re-

256 1658 389 1694 fertur.
446 1654 570 1702 Atqui
600 1653 687 1688 huic
718 1651 914 1687 sententiae
945 1658 981 1686 et
1013 1651 1166 1699 primo
1197 1658 1387 1700 repugnat
1418 1657 1456 1687 et
1486 1651 1589 1698 quod
1621 1661 1682 1685 se-

260 1728 404 1776 quitur:
456 1725 564 1761 dein
595 1723 780 1772 plures,
829 1729 1078 1770 postremo
1116 1734 1267 1770 prope
1307 1734 1468 1758 omnes
1500 1721 1682 1769 etipse

259 1796 445 1835 consul.
512 1796 651 1842 1taque
694 1794 843 1829 initium
888 1793 981 1828 illud
1023 1792 1124 1840 fugae
1161 1805 1238 1829 non
1277 1806 1299 1828 a
1336 1792 1470 1841 paucis
1510 1792 1683 1836 armatis,

259 1868 324 1904 sed
357 1867 512 1903 omnino
549 1879 571 1901 a
601 1864 736 1914 paucis
767 1864 890 1911 iisque
922 1863 1131 1899 maximam
1173 1869 1323 1911 partem
1362 1862 1571 1899 inermibus
1602 1862 1683 1898 fac-

260 1946 338 1974 tum
371 1944 446 1982 est,
487 1949 649 1984 quorum
681 1935 817 1971 deiude
851 1934 1069 1982 exemplum
1100 1935 1229 1982 plures
1259 1934 1378 1970 secuti
1409 1939 1517 1977 sunt;
1560 1946 1683 1980 neque

260 2020 353 2043 sane
397 2007 471 2043 nisi
519 2007 633 2055 pauci
685 2005 866 2042 simulare
910 2011 1088 2052 poterant
1138 2017 1179 2040 se
1233 2005 1281 2040 ad
1331 2017 1437 2040 mare
1482 2005 1684 2040 decurrere

261 2079 432 2114 iussos.
493 2077 747 2125 Perspicuum
780 2082 848 2119 est,
884 2075 1036 2111 Livium
1061 2075 1277 2124 scripsisse:
1308 2076 1484 2122 Itaque
1519 2074 1685 2122 primo,

262 2149 395 2184 velut
432 2148 552 2183 iussi
590 2148 635 2183 id
678 2146 859 2185 facere,
912 2146 1071 2193 pauci,
1106 2146 1260 2182 maior
1299 2158 1410 2194 pars
1448 2145 1686 2187 inermes5

264 2219 321 2254 ad
352 2231 479 2254 mare
522 2218 809 2259 decurrunt,
855 2216 961 2251 dein
1006 2217 1196 2264 plures,
1241 2223 1489 2265 post-remo
1535 2227 1686 2263 prope

264 2300 436 2325 omnes.
511 2288 675 2324 Addidit
719 2286 899 2323 armati
949 2286 1030 2322 sive
1074 2287 1252 2323 librarius
1297 2287 1378 2322 sive
1422 2284 1547 2336 (quod
1578 2298 1686 2335 paene

264 2362 415 2403 vercor)
448 2357 650 2406 Grynaeus,
684 2370 799 2405 quum
833 2370 907 2392 non
941 2357 1177 2400 attendisset,
1221 2358 1270 2392 ad
1300 2357 1441 2405 pauci
1470 2356 1606 2393 referri
1635 2356 1688 2397 id,

266 2429 369 2476 quod
413 2428 597 2475 sequitur,
643 2428 826 2476 plures,
873 2427 1059 2463 maiorem
1110 2434 1258 2475 partem
1310 2427 1471 2475 intelligi
1514 2428 1686 2475 ipsorum

266 2511 500 2547 paucorum,
544 2505 679 2545 atquc,
717 2509 900 2545 paucos
945 2504 981 2533 et
1017 2497 1243 2533 maiorem
1274 2504 1459 2546 partem
1492 2497 1688 2533 contraria

266 2575 385 2612 ratus,
417 2568 627 2604 desiderari
658 2574 843 2616 putasset,
875 2568 977 2615 quod
1010 2568 1279 2604 inermibus
1310 2567 1543 2604 contrarium
1576 2573 1687 2604 esset..
