1811 2925
262 121 334 153 Lib.
351 120 536 152 XXXVII.
927 122 1004 157 434

263 245 297 291 (ξ
334 246 354 280 3
387 251 423 280 et
456 246 495 291 4)
542 256 617 280 non
663 243 788 288 video,
833 255 948 290 quum
995 243 1049 279 sic
1096 242 1264 279 dicatur:
1309 242 1523 282 Cariam.
1571 257 1668 293 quae

264 314 476 364 Hydrela
509 313 806 363 appellatur,
838 313 902 361 qui
932 314 1053 362 possit
1082 313 1260 358 dubitari5
1298 313 1400 362 quin,
1432 327 1665 364 quamquam

262 385 434 435 Hydrela
465 384 648 434 oppidum
664 383 782 420 fuisse
799 390 959 424 constat,
991 396 1039 420 ex
1069 397 1145 432 quo
1177 397 1269 433 ager
1299 385 1336 420 H
1349 385 1666 432 ydrelatanus

261 457 476 506 appellatur
507 454 583 504 (vel
603 455 730 503 potius
755 454 1134 503 Hydrelitanus,
1166 447 1188 493 o‘
1220 453 1308 494 τῶν
1336 449 1666 508 εΪίῗρηλειτῶν),

261 535 386 564 tamen
419 526 561 564 Caria
601 524 820 574 Hydrela
858 518 904 576 (ἦ
945 517 1133 577 ὑδρηλή)
1180 527 1285 575 regio
1318 526 1476 575 intelligi
1517 527 1666 571 debeat,

259 611 410 643 nomen,
441 597 589 646 opinor„
620 595 756 632 sortita
787 597 836 633 ab
868 609 926 640 eo,
959 596 1062 644 quod
1094 597 1219 633 fluviis
1239 597 1384 645 irrigua
1408 604 1517 635 esset.
1579 598 1665 634 Hoc

260 671 291 707 si
319 670 374 706 ita
404 675 472 712 est7
502 680 586 716 quae
616 667 752 703 deinde
791 667 1055 703 nominantur:
1102 674 1147 703 et
1183 668 1392 704 castella
1431 668 1665 715 vicosque

259 749 391 778 trans
413 738 703 776 Maeandrum
736 750 913 774 amnem
945 745 989 774 et
1020 738 1217 787 oppida,
1249 738 1343 774 nisi
1378 751 1477 786 quae
1508 738 1665 774 libera

260 819 370 849 ante
416 810 594 848 bellum
647 808 882 853 fuissent‚
935 808 1058 846 Cariae
1114 808 1231 845 fuisse
1276 809 1464 845 videntur.
1543 809 1664 856 Atqui

260 883 376 921 Caria
424 889 527 918 trans
565 880 803 917 Maeandrum
847 879 1008 916 Rhodiis
1051 880 1143 917 data
1188 886 1244 916 est
1276 881 1311 925 (ξ
1345 882 1386 923 6;
1429 878 1497 915 cfr.
1528 879 1664 928 Polyb.

259 955 400 996 XXII,
432 955 503 990 27:
544 945 744 995 ιΡοδιόις
787 945 1092 1004 ἐχρημάτισαν
1105 978 1118 994 7,
1152 944 1351 993 διδόντες
1381 946 1562 990 Λυκίαν
1593 948 1663 988 καὶ

260 1022 435 1076 Καρίας
466 1016 519 1062 τοὶ
551 1022 676 1075 μέχρι
714 1015 1015 1074 [Μαιάνδρουῂ
1057 1036 1101 1058 eo
1132 1021 1254 1070 magis
1292 1033 1450 1057 moveor
1479 1020 1665 1062 codicum,

260 1102 419 1144 excepto
450 1095 503 1139 Mi
526 1094 726 1142 scriptura,
761 1093 825 1141 qui
855 1093 1061 1130 castella
1092 1092 1149 1129 ad
1179 1092 1470 1128 Maeandrum
1505 1092 1664 1135 habent;

260 1174 296 1205 et
324 1180 392 1216 per
421 1179 461 1203 se
490 1164 691 1214 probabile
726 1171 793 1209 est,
824 1164 1008 1201 Eumenis
1039 1165 1132 1200 fines
1163 1175 1186 1199 a
1216 1163 1472 1211 septentrione
1505 1162 1555 1198 ad
1585 1174 1663 1197 me-

259 1239 392 1275 ridiem
423 1248 556 1273 versus
586 1242 785 1284 promotos
806 1235 1030 1272 terminatos
1061 1247 1142 1271 esse
1159 1233 1371 1277 Maeandro,
1402 1245 1477 1268 non
1508 1231 1665 1268 castella

260 1316 297 1346 et
326 1307 469 1357 oppida
498 1313 603 1342 trans
633 1306 789 1342 fluvium
823 1306 1040 1354 (quousque
1055 1305 1085 1351 ἓ)
1130 1305 1163 1340 ei
1208 1304 1390 1340 subiecta.
1448 1303 1531 1339 Nec
1577 1302 1664 1338 huic

260 1379 452 1417 sententiae
497 1378 625 1413 obstat
667 1377 758 1413 data
788 1376 951 1413 Eumeni
981 1375 1265 1412 nominatim
1298 1374 1509 1411 Telmissus
1550 1374 1662 1415 urbs;

260 1465 305 1488 ea
345 1450 443 1486 enim
476 1449 513 1484 in
546 1448 664 1498 Lycia
700 1448 748 1484 ad
778 1459 883 1483 mare
914 1453 1019 1484 erat.
1062 1446 1175 1494 longe
1218 1459 1239 1481 a
1271 1446 1468 1481 Maeandro
1499 1444 1663 1493 regioni-

258 1524 417 1569 busque,
447 1531 543 1568 quas
573 1518 604 1554 is
636 1518 843 1558 dividebat,
884 1522 1044 1557 remota,
1092 1517 1272 1566 expetita,
1315 1516 1462 1565 opinor.
1505 1516 1553 1552 ab
1587 1515 1666 1552 Eu-

258 1606 388 1635 mene,
428 1597 467 1627 ut
506 1595 659 1638 portum
694 1589 732 1624 in
762 1588 975 1624 meridiana
1017 1588 1123 1624 Asiae
1163 1595 1272 1637 parte
1306 1587 1475 1623 haberet.
1546 1587 1593 1623 In
1626 1587 1664 1622 M

258 1672 392 1700 trans
438 1660 622 1697 Maeand
632 1673 684 1696 ru
695 1673 731 1695 ni
777 1673 823 1695 ex
870 1658 1048 1695 inferiore
1090 1659 1175 1695 loco
1218 1659 1256 1694 in
1297 1659 1396 1694 hunc
1437 1656 1664 1693 translatum

259 1730 408 1784 puto.¹)

370 1802 464 1851 Cap.
502 1803 565 1837 58.
615 1803 636 1837 ὃ
686 1800 774 1846 (ubi
815 1806 1060 1850 eomparatur
1091 1799 1278 1849 proelium
1309 1799 1359 1835 ad
1386 1799 1666 1848 Thermopylas

262 1888 346 1912 cum
376 1873 474 1911 bello
504 1873 543 1908 in
563 1872 662 1908 Asia
693 1884 715 1906 a
736 1871 780 1907 L.
799 1870 978 1918 Scipione
1007 1874 1154 1919 gesto):
1187 1870 1345 1917 Quota
1375 1870 1496 1906 enim
1526 1876 1666 1918 parte

259 1946 438 1983 virium
469 1955 662 1980 suarum
692 1941 759 1977 ibi
791 1941 865 1987 (ad
882 1941 1184 1991 Thermopylas)
1214 1941 1470 1977 dimicavit
1500 1941 1666 1978 Antio-

261 2014 400 2053 chus?
445 2014 499 2051 In
542 2013 664 2051 Asia
708 2011 973 2061 (probabiliter
1001 2011 1355 2048 Weissenbornius:
1388 2012 1430 2047 M
1442 2023 1531 2060 agn
1542 2011 1664 2057 esiae)

260 2085 554 2123 totiusAsiae
586 2089 830 2120 steterunt
859 2082 1005 2125 viresq
1039 2082 1093 2118 ab
1126 2081 1309 2118 ultimis
1343 2082 1548 2118 orientis
1579 2095 1664 2118 om-

261 2158 387 2193 nium
417 2155 629 2204 gentium
663 2153 933 2190 contractis
964 2152 1181 2191 auxiliis,
1230 2152 1293 2190 Sic
1315 2153 1460 2201 primus
1483 2152 1667 2190 Gelenius

264 2226 391 2265 edidit,
424 2238 538 2273 quum
572 2231 659 2260 ante
681 2223 1005 2260 circumferretur:
1036 2224 1090 2259 ab
1122 2223 1277 2259 ultimi
1308 2223 1534 2260 Orientis
1565 2236 1667 2272 par-

263 2298 415 2334 tibus.
457 2301 615 2332 testatus
660 2290 912 2343 ”partibus
952 2294 990 2329 in
1031 2294 1150 2330 veteri
1191 2294 1379 2342 scriptura
1423 2306 1497 2329 non
1540 2293 1667 2334 addi”;

264 2374 387 2405 vetera
428 2367 569 2416 ipsisne
612 2366 669 2401 his
708 2365 840 2401 litteris
885 2367 919 2400 in
950 2365 991 2400 M
1025 2364 1174 2406 fuerint,
1207 2378 1280 2400 non
1312 2363 1412 2400 dicit.
1474 2366 1533 2400 Ac
1563 2376 1668 2411 par-

290 2543 319 2581 ¹')
356 2544 438 2586 Cap.
458 2548 510 2576 57,
533 2548 581 2575 lo.
610 2543 747 2573 multa
774 2542 1014 2581 congiaria,
1043 2551 1115 2582 quae
1132 2542 1189 2572 Μ.’
1217 2541 1344 2571 Acilius
1370 2539 1512 2571 Glabrio
1538 2541 1668 2571 habu-

357 2607 441 2637 isse
468 2605 596 2636 dicitur.
625 2613 696 2644 quae
724 2604 799 2635 sint.
828 2614 892 2633 non
920 2603 1089 2643 intelligo:
1124 2603 1180 2633 sed
1208 2603 1305 2635 nihil,
1346 2602 1435 2640 quod
1469 2601 1587 2633 melius
1614 2601 1666 2635 sit.

357 2666 545 2705 excogitare
574 2676 723 2705 possum.
