1811 2925
266 165 343 196 Lib.
368 164 518 196 XXXV.
933 165 1008 201 412

265 295 339 324 tem
371 286 534 323 ostendit
564 286 746 322 orationis
776 286 901 323 forma
945 292 981 323 et
1025 288 1183 324 verbum
1234 300 1318 324 cum
1368 288 1514 326 delectu
1561 301 1669 327 suum

266 358 402 405 cuique
452 356 623 392 membro
671 355 819 393 datum:
863 357 1028 394 venire
1077 357 1141 405 (ex
1184 357 1267 406 ipso
1298 359 1481 396 Antiochi
1521 360 1670 409 regno),

266 428 448 464 accitos
481 427 516 473 (e
550 426 761 475 longinqua
793 434 828 463 ct
858 428 1406 476 peregrinaterra),advehi.
1455 432 1670 471 Postremo,

265 499 459 534 turbatum
491 498 551 534 hic
581 508 674 540 esse,
707 497 948 534 manifestum
980 499 1021 534 fit
1052 511 1099 534 ex
1131 510 1202 543 eo,
1240 500 1342 546 qnod
1373 501 1406 537 B
1439 508 1474 537 et
1505 501 1672 538 deterio-

265 582 324 605 res
348 582 418 617 pro
451 575 560 604 ante
591 569 749 604 omnia
778 569 919 604 habent
949 569 1004 604 ad
1031 581 1098 604 om
1113 568 1212 614 nia,
1251 577 1372 606 ortum
1416 584 1463 607 ex
1492 572 1575 621 ipso
1607 572 1670 609 illo

265 639 460 684 accitos,
495 639 597 687 quod
627 645 764 687 postea
793 638 984 674 sublatum
1015 645 1081 676 est.

384 709 479 758 Cap.
515 711 588 754 34,
627 712 673 745 4:
705 709 876 746 Aetoli
916 710 1168 746 consilium
1201 723 1289 746 nno
1320 710 1394 748 die
1423 713 1523 761 spei
1555 726 1672 761 quo-

265 793 354 828 que
387 793 476 816 non
505 780 701 816 audacis
734 780 899 824 modo,v
930 780 1182 816 sedetiam
1214 780 1508 829 impudentis
1539 796 1672 833 cepe-

263 857 383 895 runt,
413 850 783 896 Demetriadem,
812 849 1506 895 Chalcidem,Lacedaemonem
1538 867 1673 891 occu-

263 921 423 970 pandi,
488 921 628 956 Mirum
658 920 844 968 profecto,
875 922 1045 958 notabile
1076 926 1142 957 aut
1172 921 1283 957 Livio
1315 928 1380 957 aut
1409 924 1586 972 cuiquam
1617 925 1672 961 vi-

263 1004 346 1028 sum
379 1003 479 1036 esse,
510 991 706 1027 consilium
758 1004 847 1028 uno
892 993 969 1029 die
1008 998 1160 1041 captum
1205 1003 1303 1036 esse;
1349 1005 1582 1042 quamquam
1627 1007 1674 1031 ne

263 1063 336 1099 hoc
371 1062 521 1110 quidem
557 1062 675 1098 verba
704 1074 794 1097 nno
826 1062 898 1099 die
929 1063 993 1099 illo
1024 1063 1108 1099 loco
1130 1061 1256 1109 posita
1279 1062 1391 1108 (inter
1421 1065 1674 1102 consilium

263 1140 301 1170 et,
328 1133 517 1182 genitivos
547 1132 580 1168 ei
610 1133 753 1168 nomini
784 1131 998 1180 adiunctos)
1029 1141 1130 1168 recte
1161 1132 1374 1180 significare
1403 1141 1575 1182 possunt‚
1607 1138 1674 1174 sed

263 1211 432 1246 tantum,
479 1204 590 1252 quale
635 1203 727 1239 illud
772 1203 969 1239 consilium
1016 1215 1090 1238 uno
1125 1203 1185 1238 die
1227 1204 1317 1248 (non
1349 1205 1499 1252 ceteris)
1546 1206 1672 1246 fuerit.

262 1275 346 1312 Nec
377 1288 436 1310 me
465 1274 587 1320 fallit,
627 1274 743 1322 vulgo
774 1275 852 1310 haec
892 1275 1010 1310 verba.
1055 1273 1175 1321 accipi
1210 1273 1256 1309 de
1286 1274 1443 1310 consilio
1475 1275 1567 1312 inito
1598 1283 1674 1314 tres

265 1346 376 1382 urbes
410 1358 486 1381 uno
518 1346 577 1381 die
609 1345 843 1393 occupandi3
885 1346 950 1380 sed
982 1357 1066 1381 eam
1097 1344 1322 1380 sententiam
1354 1357 1401 1380 ex
1429 1345 1556 1381 verbis
1598 1347 1673 1382 sal-

262 1429 312 1452 va
350 1417 535 1452 sermonis
576 1422 715 1452 natura
759 1428 856 1464 nego
898 1415 996 1452 effici
1035 1427 1170 1464 posse3
1211 1427 1280 1451 nec
1309 1427 1468 1451 moveor
1496 1416 1674 1453 Draken-

267 1486 414 1522 borchii
452 1486 604 1528 iudicio„
635 1486 683 1521 ad
715 1498 746 1522 c.
779 1488 854 1532 31,
908 1488 952 1523 13
1004 1487 1083 1522 haec
1121 1485 1204 1521 aliis
1250 1486 1432 1534 exemplis
1469 1487 1675 1523 verborum

266 1555 512 1592 traiectorum
547 1556 627 1592 sine
658 1556 734 1592 ullo
766 1557 982 1593 discrimine
1027 1556 1282 1592 admiscentis.
1351 1556 1427 1593 Sed
1471 1563 1513 1592 nt
1541 1569 1675 1594 conce-

268 1627 368 1676 dam,
403 1628 457 1663 ita
488 1627 646 1675 intelligi
676 1628 796 1663 verba
825 1640 951 1676 posse,
980 1627 1144 1676 primum
1174 1626 1265 1662 nihil
1299 1627 1452 1662 omnino
1483 1633 1588 1665 erat.
1611 1640 1677 1664 cur

268 1710 342 1733 uno
374 1697 434 1733 die
465 1698 576 1734 urbes
607 1699 793 1735 diiunctas
825 1698 1005 1746 occupa-ri
1036 1697 1195 1741 vellent7
1228 1709 1342 1744 quum
1373 1710 1448 1733 non
1478 1697 1524 1733 iis
1557 1697 1675 1734 artifi-

266 1768 333 1804 ciis
364 1774 579 1813 uterentur,
628 1776 669 1805 ut
700 1769 748 1804 ad
779 1768 924 1805 consilii
954 1767 1236 1804 exsecutionem
1270 1767 1495 1815 pertineret,
1541 1768 1675 1804 eodem

265 1838 448 1887 temporis
491 1846 683 1876 momento
714 1839 888 1876 omnibus
934 1839 1027 1874 locis
1067 1850 1146 1874 rem
1178 1837 1251 1885 agi.
1310 1838 1361 1873 Et
1393 1838 1675 1886 apertissimum

266 1916 323 1945 est
353 1923 401 1945 cx
431 1915 513 1945 tota
543 1910 775 1955 narratione,
801 1909 893 1945 nihil
923 1908 1139 1945 huiusmodi
1173 1908 1236 1955 (de
1267 1920 1341 1944 uno
1357 1909 1432 1955 die)
1466 1909 1674 1957 cogitatum

267 1992 361 2016 esse.
422 1980 703 2016 Lacedaemone
733 1980 884 2028 quidem
916 1980 1054 2015 sensim
1086 1991 1130 2015 ac
1162 1992 1230 2027 per
1259 1979 1414 2027 longum
1444 1985 1593 2027 tempus
1614 1991 1674 2015 res

266 2051 521 2099 praeparanda
562 2058 597 2086 et
629 2050 779 2086 occasio
811 2050 1002 2099 captanda
1030 2056 1136 2093 erat,
1181 2055 1223 2084 ut
1266 2056 1390 2085 certus
1419 2050 1474 2085 rei
1518 2050 1674 2097 agendae

266 2120 346 2155 dies
377 2127 463 2156 ante
494 2121 671 2157 constitui
702 2121 805 2156 nullo
837 2121 951 2156 inodo
982 2119 1148 2168 potuerit
1183 2119 1282 2167 (cap.
1317 2121 1365 2155 35
1398 2126 1435 2156 et
1467 2120 1546 2166 36).
1592 2121 1676 2156 Nec

267 2191 401 2226 eodem
433 2191 513 2236 die,
563 2192 628 2227 sed
659 2191 831 2227 iisdem
863 2192 1031 2228 diebus
1077 2190 1127 2237 (c,
1160 2192 1229 2235 37,
1264 2189 1304 2238 4)
1349 2189 1500 2227 Chalcis
1538 2190 1675 2227 tentari

266 2267 403 2309 coepta
433 2269 490 2298 est
519 2268 555 2297 et
598 2262 634 2297 in
665 2268 803 2298 conatu
842 2262 1078 2309 aliquantum
1109 2261 1290 2309 temporis
1331 2267 1596 2309 consumptum
1627 2261 1674 2309 (c.

270 2333 316 2367 37
351 2337 387 2367 et
417 2333 494 2375 38).
567 2332 814 2368 Manifestum
855 2338 911 2368 est
940 2332 1067 2380 igitur„
1098 2337 1317 2379 corruptum
1348 2343 1431 2367 esse
1460 2344 1551 2367 uno
1585 2332 1672 2375 die,

265 2402 433 2450 latet-que
480 2403 548 2438 sub
590 2403 647 2438 his
676 2403 810 2439 litteris
842 2403 1011 2450 aliquid,
1059 2403 1179 2450 quod,
1210 2402 1306 2438 sicut
1335 2401 1512 2449 proxima
1553 2401 1673 2450 (spei

266 2473 369 2516 cen),
400 2473 449 2508 ad
479 2474 701 2517 notandum,
718 2474 831 2521 quale
852 2473 944 2509 illud
964 2473 1160 2510 consilium
1178 2471 1303 2517 fuerit,
1319 2472 1516 2520 pertineat.
1575 2472 1672 2508 Mihi

264 2543 465 2592 probabile
495 2544 655 2587 videt-ur,
686 2544 837 2579 Livium
869 2544 1083 2592 scripsisse:
1113 2543 1271 2580 AEtoli
1304 2542 1564 2579 consilium
1602 2544 1671 2582 rei

265 2624 351 2661 spe
395 2625 585 2660 quoque
633 2627 726 2649 non
759 2614 956 2650 audacis
987 2614 1121 2649 modo
1152 2614 1232 2650 sed
1262 2613 1406 2649 etiam
1430 2613 1673 2661 impuden-

264 2683 330 2718 tis
361 2684 997 2731 ceperunt,Demetriadem,
1028 2683 1120 2729 Ch„
1152 2684 1258 2722 Lac.
1290 2683 1584 2732 occupandi,
1624 2683 1674 2719 ad
