1811 2925
844 158 917 194 189
1404 151 1479 184 Lib.
1496 151 1540 182 X.

169 285 282 322 huius
311 283 535 333 posterioris
565 280 854 331 significationis
887 281 1072 328 exemplis
1102 280 1258 323 Plauti,
1299 279 1476 322 Senecae,
1507 277 1591 312 Ta·-

170 356 254 401 citi3
284 367 354 392 nec
384 355 491 391 deest
520 354 639 404 ipsius
683 353 805 398 Livii,
842 351 1074 388 simillimum
1105 353 1193 389 huic
1235 352 1346 395 loco,
1390 356 1432 386 ut
1477 362 1501 385 a
1530 360 1590 384 me

171 432 230 464 est
268 427 484 471 restitutus,
515 425 677 471 XXIV,
710 426 784 469 29,
820 427 833 461 1
881 424 946 470 (de
977 423 1217 473 Syracusis):
1255 422 1441 472 legat-io
1481 432 1590 470 per-

171 504 448 547 opportuna
505 497 610 534 visa
667 497 723 533 ad
773 495 1137 533 multitudinem
1186 493 1490 532 inconditam
1541 504 1593 529 ac

170 569 514 606 tumultuosam
547 568 922 606 exonerandam.
989 566 1195 617 (Extremo
1227 567 1363 617 capite,
1397 567 1496 611 §lh
1528 563 1593 600 ubi

171 641 218 677 de
264 641 437 690 patriciis
484 642 608 678 minus
649 641 808 677 firmiter
851 639 1115 676 resistentibus
1158 639 1233 688 legi
1270 640 1316 675 de
1367 635 1592 674 sacerdotiis

171 723 255 748 cum
278 711 391 760 plebe
408 712 733 749 communicandis
766 711 904 760 agitur,
935 711 1056 747 verba
1087 710 1140 747 sic
1161 709 1468 759 interpungenda
1487 713 1592 744 sunt:

171 789 215 820 et
244 784 511 820 cernebant
542 783 861 820 adversarios
891 795 994 827 non,
1024 782 1070 818 id
1102 782 1227 830 quod
1258 781 1369 818 olim
1387 780 1470 816 vix
1490 792 1593 828 spe·

170 855 421 898 raverint,
461 854 769 891 adfectantes
809 866 1007 902 magnos
1038 854 1276 896 honores,
1312 852 1394 888 sed
1432 853 1594 888 omnia

170 926 274 971 iam,
304 926 350 962 in
382 939 583 975 quorum
616 938 743 975 spem
775 925 968 962 dubiam
999 931 1105 960 erat
1135 930 1398 969 certatum,
1438 923 1592 971 adep-

170 1003 258 1035 tos.
317 999 477 1034 Pondus
515 997 700 1034 orationis
732 1003 789 1033 est
834 997 872 1033 in
903 995 1224 1033 adfectantes.
1300 994 1402 1032 Olim
1455 993 1594 1043 plebeii

170 1068 236 1105 vix
266 1068 462 1106 adfectare
493 1081 534 1105 se
564 1069 756 1111 honoreS„
791 1068 865 1105 hoc
896 1074 953 1104 est
982 1074 1112 1117 petere
1144 1080 1284 1117 posse,
1319 1071 1590 1116 speraverant3

170 1147 260 1177 tunc
288 1140 365 1176 iam
398 1141 527 1190 adepti
557 1144 683 1187 erant)
695 1136 742 1185 ¹).

282 1211 378 1261 Cap.
413 1213 434 1249 8
475 1214 517 1248 3:
562 1213 660 1249 Nec
711 1218 791 1248 aut
840 1218 936 1248 tum
984 1210 1213 1261 patriciis
1261 1210 1364 1246 ulla
1414 1208 1596 1245 iniuria

170 1282 304 1319 faeta
348 1290 442 1327 est,
489 1297 627 1332 quum
671 1282 941 1320 duumviris
969 1283 1123 1320 sacris
1154 1281 1402 1318 faciundis
1435 1280 1595 1316 adiec-

169 1360 244 1391 tus
280 1360 350 1391 est
380 1361 583 1404 propter
612 1355 835 1404 plebeios
867 1366 1114 1399 numerus,
1149 1361 1192 1390 et
1222 1366 1343 1389 nunc
1370 1352 1598 1389 tribunus

173 1448 220 1453 —
259 1426 470 1474 quinque
502 1439 734 1475 augurum
767 1426 887 1471 loca7
921 1432 1155 1475 quattuor
1184 1424 1483 1473 pontificum
1516 1424 1599 1460 ad-

172 1497 310 1542 iecit,
354 1497 399 1534 in
441 1510 540 1546 quae
569 1497 751 1546 plebeii
781 1497 1116 1542 nominentur,
1166 1509 1258 1533 non
1301 1502 1350 1532 ut
1396 1507 1481 1531 vos
1526 1501 1595 1532 cet.

173 1568 302 1616 Quum
332 1581 402 1617 per
431 1580 471 1604 se
500 1581 638 1617 parum
668 1569 871 1617 probabile
903 1575 971 1611 est„
1004 1568 1156 1605 Livium
1186 1568 1224 1604 in
1249 1566 1508 1604 anacoluthon
1539 1566 1595 1602 in-

174 1640 311 1677 cidisse
351 1640 390 1676 in
420 1641 493 1676 hae
521 1639 705 1676 orationis
736 1639 863 1677 forma
902 1640 1002 1688 (nec
1033 1646 1126 1676 tum
1159 1660 1212 1665 —
1246 1646 1289 1675 et
1318 1637 1477 1685 nunc),
1516 1644 1596 1674 tum

177 1711 301 1760 quod³
346 1717 493 1747 retento
531 1717 630 1756 aut,
679 1711 760 1749 haec
790 1712 980 1748 sententia
1013 1710 1231 1748 necessario
1262 1724 1331 1760 per
1359 1722 1458 1754 nec,
1492 1708 1596 1757 quod

174 1788 256 1819 tum
288 1783 336 1819 ad
367 1783 566 1831 sequentia
596 1791 772 1832 spectare
788 1783 932 1831 nequit,
965 1782 1177 1819 arctissime
1208 1781 1422 1818 adnectitur
1449 1780 1595 1830 superi-

175 1853 246 1898 ori,
284 1853 398 1890 etiam
440 1853 611 1902 alioquin
643 1867 831 1903 perquam
864 1853 1108 1891 incommode
1139 1859 1176 1890 et
1213 1866 1334 1902 prave
1366 1853 1596 1889 continuatis

174 1924 248 1961 illis
270 1931 315 1961 et
344 1938 466 1962 nunc.
497 1932 566 1963 cet.
625 1927 777 1975 Itaque,
809 1926 959 1963 etiamsi
975 1924 1296 1962 Drakenborchio
1329 1924 1538 1961 affirmanti
1558 1925 1596 1960 in

173 1995 217 2032 M
263 2008 346 2032 esse
394 2002 542 2033 tantum
591 2011 676 2034 nec
726 2004 823 2034 tum
882 2009 1020 2046 parum
1085 1996 1188 2033 credi
1232 2002 1366 2033 contra
1414 1994 1596 2033 Alschef-

174 2065 298 2103 skium
331 2073 471 2116 potest,
502 2074 631 2105 tamen
661 2075 764 2105 recte
795 2083 818 2106 a
851 2068 1114 2118 superioribus
1145 2068 1355 2105 editoribus
1387 2073 1474 2104 aut
1503 2067 1596 2103 sub-

200 2273 235 2318 ι)
272 2277 354 2319 Cap.
383 2279 413 2316 7,
442 2281 460 2308 9
488 2283 521 2309 et
552 2282 592 2310 10
619 2279 645 2310 si
661 2279 788 2311 Decius
815 2289 833 2310 a
860 2278 1005 2319 simplici
1031 2285 1063 2309 et
1083 2284 1200 2319 aperta
1218 2279 1484 2319 interrogatione
1512 2277 1595 2319 (cui

269 2340 494 2380 indignum
535 2341 681 2372 videri
720 2347 867 2383 potest
908 2341 990 2381 —?)
1035 2340 1147 2372 subito
1184 2340 1306 2372 transit
1342 2341 1386 2371 ad
1430 2340 1594 2371 ironicam

269 2401 363 2444 (qui
393 2421 436 2424 —
464 2403 730 2442 ascenderit,
758 2405 791 2435 is
819 2403 1126 2444 conspiciatur
1148 2404 1336 2434 —caedet
1359 2421 1399 2425 -
1424 2402 1595 2444 capiet?

271 2482 312 2487 —
339 2465 411 2504 qui
437 2466 765 2505 sustinebunt?),
793 2466 910 2497 saltem
937 2465 1054 2496 codem
1082 2465 1260 2496 verborum
1287 2466 1388 2496 modo
1422 2465 1469 2496 uti
1497 2465 1595 2496 debet

271 2528 602 2568 (conspicietur
631 2547 671 2550 —
699 2529 834 2559 caedet
862 2546 902 2550 —
930 2530 1018 2566 cet.).
1071 2527 1137 2559 Sed
1163 2528 1258 2559 locus
1284 2529 1405 2559 dubius
1428 2534 1489 2565 est,
1514 2537 1596 2568 quo-

269 2590 359 2621 niam
380 2590 465 2620 illud
492 2590 563 2629 qui
591 2595 668 2621 ante
693 2591 979 2622 sustinebunt
999 2590 1034 2620 in
1060 2600 1128 2620 uno
1153 2589 1181 2620 P
1209 2596 1269 2626 est,
1297 2591 1400 2621 ceteri
1425 2600 1508 2620 non
1535 2589 1595 2620 ha-

267 2652 360 2687 bent,
408 2652 551 2692 Vereor,
574 2662 616 2683 ne
633 2652 666 2682 iu
689 2652 796 2683 altera
820 2659 915 2694 parte
941 2653 1026 2692 (qui
1055 2671 1096 2674 —
1123 2653 1386 2691 ascenderit,
1417 2653 1450 2684 is
1478 2662 1596 2683 cons-

266 2715 458 2756 piciatur
489 2713 570 2754 cet.)
601 2714 728 2754 aliquid
754 2714 862 2746 subsit
891 2714 1003 2745 mendi
1037 2714 1169 2745 occulti.
