1811 2925
846 113 866 147 5
875 112 920 148 31
1390 112 1464 144 Lib.
1490 113 1603 145 XLII.

169 229 301 265 tradi
333 238 668 278 quererentur.
755 232 910 269 Vitiosa
949 233 1191 270 abundantia
1220 234 1257 279 ii,
1305 235 1370 282 qui
1401 237 1531 272 onmia
1562 250 1603 274 se

171 313 196 335 a
226 299 424 349 principiis
468 303 710 340 Macedonici
754 303 843 338 belli
877 303 1066 339 Romanis
1108 304 1332 352 praestitisse
1371 305 1602 354 gloriantur.

172 370 430 408 Macedonum
471 373 643 422 Philippi
681 374 780 411 bello
824 371 949 421 (quod
983 373 1037 409 sic
1081 374 1312 422 appellatur,
1348 377 1458 424 quasi
1499 378 1602 414 aliud

173 453 217 477 ac
256 442 551 479 Macedonicum
593 444 660 494 sit)
712 445 843 480 hostes
893 456 934 479 se
978 443 1098 480 fuisse
1144 445 1310 489 addunt3
1362 459 1431 483 nec
1478 448 1604 485 minus

172 513 417 549 abundanter
458 515 696 551 Antiochum
738 515 888 551 hostem
930 513 1049 550 fuisse
1092 514 1299 552 admonent
1333 517 1434 565 (pro
1466 520 1604 555 Anti-

173 584 293 619 ocho
334 585 504 627 hoste).
584 585 758 622 Permire
806 584 943 620 deinde
986 584 1122 621 Achaei
1163 585 1218 622 ita
1267 598 1352 623 cum
1399 590 1603 627 Messeniis

172 661 290 701 atque
337 654 443 690 Eleis
499 666 538 690 se
595 660 843 703 comparant,
899 660 940 690 ut
991 654 1029 690 in
1075 667 1116 692 se
1162 656 1405 695 Macedonici
1451 664 1601 695 tantum

171 725 261 760 belli
304 725 492 761 rationem
534 726 726 770 habeant,
769 726 807 761 in
851 726 981 763 alteris
1014 732 1164 763 tantum
1195 727 1436 775 Antiochici,
1484 742 1601 778 quum

172 795 381 844 significari
425 796 588 841 debeat,
640 796 746 844 ipsos
786 808 940 845 semper
989 798 1191 834 Romanos
1236 797 1407 845 favisse,
1458 799 1601 836 alteros

173 877 325 914 semper
382 866 420 902 in
474 866 633 902 alteram
686 872 836 915 partem
880 867 1154 916 propensiores
1201 867 1332 907 fuisse.
1422 870 1489 907 Ad
1531 871 1601 907 has

173 937 434 985 suspicionum
478 948 616 973 causas
669 938 837 983 accedit,
898 937 1002 986 quod
1047 938 1085 973 in
1129 938 1260 975 codice
1307 938 1361 989 (si
1401 947 1504 977 recte
1546 941 1603 977 in-

173 1007 325 1055 telligo)
376 1008 429 1043 sic
481 1004 724 1056 scribitur:¹)
778 1038 785 1044 .
806 1037 814 1045 .
864 1007 1227 1056 praestitissent
1279 1010 1508 1047 Romanis
1560 1018 1603 1047 et

173 1077 456 1114 Macedonis
502 1078 738 1126 Philippo
782 1077 1000 1114 fuissent
1051 1090 1144 1125 quo
1186 1080 1403 1117 Messeni
1445 1081 1603 1129 adque

172 1148 275 1185 AEli
313 1162 399 1196 pro
441 1149 656 1185 Antioco
697 1149 840 1185 hoste
883 1161 907 1184 a
940 1161 1076 1184 roma
1118 1150 1356 1187 adversus
1386 1164 1424 1199 p.
1455 1153 1504 1190 R.
1536 1157 1603 1188 tu·

171 1217 347 1254 lissent
392 1224 478 1257 cett.
558 1220 727 1256 Prorsus
767 1233 845 1256 non
888 1219 1036 1264 dubito,
1079 1220 1170 1267 quin
1215 1226 1252 1257 et
1291 1222 1412 1258 verba
1457 1222 1607 1270 aliquot

171 1288 378 1325 coniuncta
415 1302 463 1325 ex
494 1302 563 1326 suo
598 1289 683 1326 loco
726 1288 765 1324 in
797 1288 965 1324 alienum
995 1289 1158 1326 traiecta
1191 1291 1268 1327 sint
1299 1292 1424 1340 (cuius
1464 1294 1606 1330 erroris

173 1372 223 1395 ex
253 1365 466 1395 ceterarum
501 1360 687 1396 decadum
721 1358 917 1396 codicibus
949 1360 1130 1409 exempla
1160 1362 1273 1410 posui
1311 1363 1360 1398 ad
1399 1364 1605 1410 XXXVI,

176 1431 239 1474 34,
273 1432 294 1466 9
328 1436 365 1466 et
406 1433 449 1467 10
493 1436 530 1466 et
573 1430 619 1466 iis
649 1430 769 1475 locis,
813 1442 910 1478 quos
940 1429 995 1466 ibi
1026 1422 1302 1477 demonstravi,
1332 1432 1370 1468 in
1401 1433 1606 1471 Vindobo-

175 1499 281 1536 nensi
326 1506 452 1536 autem
497 1501 628 1537 codice
671 1500 926 1537 certissimum
968 1512 1182 1548 coarguam
1227 1502 1265 1537 in
1309 1503 1408 1540 libro
1452 1503 1606 1551 XLIV,

177 1573 243 1615 44,
277 1569 316 1619 ⁶2)
352 1576 388 1606 et
421 1570 534 1606 simul
569 1571 645 1607 alia
689 1571 866 1619 quaedam
912 1576 1108 1618 corrupta.
1175 1572 1284 1608 Nihil
1326 1574 1425 1610 enim
1464 1576 1607 1623 poterit

178 1640 304 1690 aptius
341 1641 576 1689 excogitari,
618 1641 650 1677 si
688 1642 817 1677 locum
859 1641 914 1677 sic
945 1641 1232 1689 scripserimus:
1280 1671 1318 1682 ..
1361 1645 1526 1681 eodem
1559 1659 1607 1683 se

176 1711 290 1747 loco
322 1723 452 1756 esse,
486 1712 565 1759 qui
597 1712 758 1748 omnia
784 1724 808 1747 a
837 1710 1115 1759 principiis
1147 1712 1457 1751 Macedonici
1487 1715 1610 1752 belli

175 1781 540 1830 praestitissent
567 1781 813 1827 Romanis,
834 1794 924 1829 quo
947 1782 1188 1818 Messenii
1222 1789 1367 1831 atque
1388 1784 1498 1831 Elii,
1531 1787 1611 1833 qui

177 1852 495 1888 etMacedoni
517 1850 623 1901 [autz
641 1852 993 1888 Macedonibus
1018 1850 1082 1901 et]
1103 1852 1333 1901 Philippo
1365 1855 1613 1897 favissent

178 1927 221 1956 et
272 1934 360 1970 pro
403 1922 652 1959 Antiocho
696 1926 871 1974 postea
913 1934 1043 1957 arma
1076 1921 1316 1959 tulissent
1359 1937 1430 1970 ac,
1462 1939 1613 1975 nuper

186 2023 196 2030 .
243 2022 251 2030 .
298 1993 577 2029 contributi
615 2020 681 2038 ..,
830 1997 1166 2038 quererentur.
1243 1992 1474 2042 Singulatim
1521 1997 1613 2033 mali

180 2062 297 2098 animi
328 2063 560 2099 documenta
591 2063 705 2098 trium
736 2068 955 2110 temporum
977 2067 1188 2109 ponuntur.
1248 2063 1431 2114 Philippo
1462 2071 1610 2102 tantum

180 2132 323 2168 favisse
341 2133 557 2169 Messenios
580 2138 617 2169 et
633 2133 750 2169 Eleos
768 2132 906 2168 Achaei
926 2131 1217 2177 insimulabant,
1237 2132 1380 2170 iuvisse
1402 2135 1518 2171 armis
1535 2149 1612 2172 non

183 2203 378 2239 audebant
410 2203 548 2247 dicere,
589 2202 772 2250 quoniam
805 2214 944 2250 reapse
974 2207 1054 2237 tum
1089 2202 1136 2237 ad
1168 2202 1369 2239 Romanos
1408 2217 1473 2241 eos
1504 2206 1613 2243 incli-

181 2284 306 2318 nasse,
339 2272 401 2308 vel
432 2285 480 2308 ex
508 2272 672 2317 XXIX,
710 2272 759 2328 ¹2¹
789 2270 1025 2319 intelligitur,
1057 2272 1123 2308 ubi
1155 2285 1178 2308 a
1204 2273 1471 2311 Romanorum
1502 2282 1613 2324 parte

207 2438 238 2483 1)
274 2439 516 2472 Molestissime
535 2438 622 2469 enim
639 2438 774 2479 accidit,
794 2443 831 2468 ut
849 2437 977 2476 aliquid
996 2436 1052 2468 hic
1071 2438 1167 2468 sitin
1193 2440 1368 2480 scripturae
1393 2442 1613 2473 adnotatione

280 2501 535 2541 ambiguitatis,
581 2509 655 2539 quae
696 2499 739 2529 ad
780 2500 888 2540 ipsam
927 2499 1077 2540 pertinet
1115 2500 1334 2531 omissionem
1371 2503 1613 2535 vocabulorum

276 2563 405 2594 bello‘
433 2563 582 2593 hostes
620 2566 653 2591 et
695 2561 910 2602 pronominis
945 2561 1024 2601 qui.
1086 2560 1153 2592 Sed
1188 2571 1303 2592 verum
1340 2573 1394 2594 me
1420 2571 1613 2596 assecutum

279 2623 393 2657 credo.

1278 2683 1343 2715 34*
