1811 2925
321 152 394 183 Lib.
422 152 536 182 XXV.
939 154 1017 189 ‘294

275 274 377 322 quod
420 274 456 309 in
502 273 632 310 codice
676 280 765 309 ante
805 275 947 323 Mago
999 275 1207 318 scribitur.)
1289 277 1333 312 In
1381 276 1536 324 reliquis
1566 290 1693 325 neque

274 343 477 379 Gronovio
508 356 632 390 neque
673 344 990 381 Weissenbornio
1036 346 1254 382 coniectura
1296 346 1455 382 feliciter
1495 348 1691 391 successit,

272 413 342 448 nisi
375 414 477 460 quod
510 413 733 450 Gronovius
764 421 866 450 recte
899 415 1185 460 animadvertit,
1219 417 1429 453 orationem
1463 418 1510 453 ab
1541 418 1689 454 infinita

274 484 399 518 forma
448 483 611 519 transire
654 484 692 520 in
745 485 1028 521 coniunctivum
1076 485 1154 521 eius
1201 486 1373 533 generis,
1418 500 1493 535 quo
1524 487 1690 524 iubentis

273 554 397 589 oratio
445 554 599 602 oblique
652 554 828 591 refertur.
899 555 987 591 Hoc
1030 556 1156 603 posito
1195 557 1397 592 tenendum
1446 556 1581 592 deinde
1620 564 1689 602 est,

271 624 414 660 iussum
448 636 530 659 esse
560 625 768 673 Magonem
812 638 888 661 non
933 626 1081 674 pedites
1124 626 1345 674 equitesque
1377 639 1527 661 armare
1559 627 1688 674 (quasi

272 707 381 731 arma
410 708 487 730 non
518 694 723 741 habeant),
770 709 895 744 neque
943 709 1081 745 capere
1110 697 1277 732 latebras
1309 696 1456 743 aliquas
1488 696 1689 741 eiusmodi,

271 764 335 800 ubi
366 777 547 812 magnum
591 779 789 803 numerum
832 767 1006 803 occulere
1049 773 1180 815 posset
1219 766 1413 805 (utendum
1459 767 1557 802 enirn
1604 774 1688 803 erat

270 834 426 870 latebris
459 835 538 871 eius
569 836 654 881 loci,
691 837 729 872 in
761 849 873 884 quem
905 837 1051 873 Flavus
1098 837 1318 874 Gracchum
1364 837 1615 872 adducturum
1646 849 1689 873 se

271 906 454 951 dixerat),
486 907 552 942 sed
585 912 732 942 tantum
767 907 905 943 milites
936 907 1009 942 illis
1038 906 1194 942 latebris
1226 907 1416 951 occulere;
1447 907 1576 955 itaque
1606 908 1686 943 haee

270 976 434 1013 efficitur
464 977 648 1013 orationis
681 976 825 1013 forma:
866 978 1011 1025 Mago
1042 977 1110 1012 ibi
1154 977 1349 1024 pedites
1395 977 1688 1025 equitesque

332 1075 340 1084 .
381 1047 641 1083 occuleret.
716 1048 976 1083 Accusativus
1020 1047 1135 1095 igitur
1165 1047 1227 1083 ille
1257 1047 1496 1095 ingentem
1531 1060 1685 1083 nume-

270 1129 368 1153 rum
413 1117 487 1153 alio
524 1118 699 1165 pertinet.
774 1118 837 1153 Sic
867 1117 1062 1166 perficitur
1091 1117 1206 1153 totius
1236 1117 1309 1153 loci
1339 1119 1419 1153 haec
1449 1117 1683 1153 emendatio:

269 1187 408 1235 Mago
453 1187 519 1223 ibi
550 1188 738 1236 pedites
770 1188 1064 1236 equitesque
1109 1195 1323 1224 armatos
1353 1211 1405 1214 —
1437 1193 1480 1223 et
1510 1200 1683 1235 capere

269 1270 348 1293 eas
378 1258 594 1294 latebras
638 1259 878 1306 ingentem
911 1271 1159 1294 numerum
1197 1280 1245 1284 —
1279 1258 1556 1301 occulerem
1593 1258 1684 1304 (hoc

268 1333 323 1363 cst
353 1336 458 1364 recta
489 1328 682 1364 oratione:
716 1330 790 1373 Tu,
822 1330 954 1376 Mago,
985 1329 1045 1364 hic
1078 1329 1225 1376 pedites
1257 1329 1478 1376 equitesque
1513 1334 1686 1363 armatos

269 1419 316 1424 ——-
366 1405 402 1434 et
449 1399 603 1447 capiunt
644 1400 702 1435 hae
746 1399 903 1434 latebra}
948 1398 1138 1446 ingentem
1184 1412 1383 1435 numerum
1425 1421 1477 1424 —
1523 1398 1684 1443 occule).

268 1470 481 1517 Aptissime
510 1469 673 1516 ingentis
704 1469 851 1505 numeri
884 1468 1044 1513 mentio,
1077 1482 1161 1517 quae
1209 1470 1245 1506 in
1290 1470 1373 1518 ipso
1401 1475 1592 1517 praecepto
1623 1468 1685 1503 in-

269 1541 475 1576 commoda
505 1546 582 1580 estq
620 1540 657 1575 in
703 1539 966 1588 interpositam
1013 1540 1239 1575 sententiam
1285 1540 1338 1575 sie
1371 1539 1595 1583 includitur,
1641 1547 1681 1574 ut,

268 1610 514 1650 ostendatur,
558 1611 683 1646 locum
731 1609 983 1646 multitudinis
1032 1610 1080 1645 ad
1124 1622 1204 1645 rem
1235 1609 1504 1658 perficiendam
1535 1609 1685 1644 itloneae

270 1692 451 1727 capacem
483 1692 576 1718 esse.
646 1681 837 1717 Armati
868 1679 1085 1716 occultandi
1117 1692 1200 1715 esse
1229 1680 1367 1716 milites
1399 1680 1596 1724 dicuntur,
1641 1686 1682 1715 ut

266 1749 447 1793 XXVII,
491 1753 554 1793 48,
601 1752 622 1787 3
656 1751 829 1788 instructi
861 1751 1077 1798 armatique
1121 1751 1283 1789 venisse.
1365 1751 1456 1786 Non
1509 1750 1683 1785 animad-

266 1833 378 1856 versa
410 1821 642 1868 parenthesi,
673 1821 842 1857 additum
877 1827 933 1857 est
964 1821 1062 1863 ubi‚
1097 1827 1137 1856 ut
1168 1822 1373 1857 referretur
1405 1821 1452 1856 ad
1478 1820 1542 1856 ibi
1573 1820 1683 1856 initio

266 1890 446 1938 positum,
512 1891 661 1937 Quum,
703 1890 863 1926 confusa
902 1891 1005 1927 omni
1038 1891 1110 1928 loci
1156 1892 1301 1936 forma,
1347 1891 1530 1938 scriptum
1562 1896 1679 1925 esset:

265 1967 453 1996 armato
498 1966 571 1996 set
613 1973 811 2008 capere,
856 1961 1014 1997 licenter
1044 1961 1188 1997 factum
1221 1975 1426 2006 armare,
1471 1967 1512 1996 ut.
1557 1960 1682 1996 simile

265 2038 364 2066 esset
395 2032 440 2074 ei,
475 2031 577 2079 quod
609 2037 843 2079 sequeretur,
874 2043 1047 2079 capere
1087 2030 1148 2080 (ut
1177 2030 1254 2075 illa,
1287 2044 1370 2078 quae
1392 2032 1504 2080 posui
1532 2032 1680 2079 p,207,

263 2106 305 2136 ut
333 2101 486 2148 magis
527 2113 636 2137 uere
683 2113 753 2149 pro
791 2106 975 2137 mature
1017 2102 1159 2145 XXII,
1207 2103 1269 2145 34„
1314 2104 1356 2138 11
1393 2098 1541 2149 cet.).¹)
1602 2100 1681 2138 Sed

263 2168 374 2216 plura
428 2177 632 2217 supersunt
680 2171 717 2207 in
768 2172 841 2207 hoo
890 2171 1015 2219 capite
1069 2172 1295 2219 corrigenda
1344 2178 1404 2215 (ut
1452 2176 1677 2219 praeteream

263 2237 416 2274 foedum
451 2240 645 2276 mendum:
688 2241 741 2277 ad
775 2253 912 2289 quam
943 2241 1321 2289 perficiendum,
1354 2242 1456 2289 quod
1486 2241 1677 2278 invectum

263 2320 383 2356 nuper
413 2309 449 2344 in
482 2313 499 2354 ξ
537 2312 581 2345 10
615 2310 763 2358 explosi
803 2310 840 2346 in
872 2311 1136 2358 grammaticae
1167 2312 1315 2347 Latinae
1352 2312 1527 2348 editionis
1557 2311 1681 2347 tertiae

287 2481 315 2525 ¹)
351 2484 428 2515 Non
465 2491 598 2526 poterat
633 2485 761 2517 infinite
798 2487 882 2517 dici:
917 2488 1100 2518 deducit
1133 2488 1174 2517 in
1201 2487 1358 2523 locum,
1396 2497 1465 2518 non
1490 2488 1607 2518 addito
1633 2487 1675 2517 ad

356 2546 583 2577 definiendum
621 2546 773 2578 relativo.
846 2547 1010 2579 Suadeo
1046 2548 1231 2588 Magoni
1269 2557 1422 2588 capere
1456 2547 1570 2579 Livius
1607 2557 1677 2578 non

354 2607 461 2646 magis
488 2607 572 2637 dixit
611 2617 730 2647 quam:
766 2619 872 2649 rogo
910 2610 1133 2649 Magonem
1162 2609 1320 2642 facere.
1378 2608 1517 2638 Tacitus
1545 2613 1675 2638 utrum-

354 2676 417 2706 que
443 2667 540 2701 dixit.
