1811 2925
814 123 891 157 435
1318 120 1394 153 Lib.
1413 119 1600 151 XXXVII.

190 245 321 281 tibus
353 244 518 293 quidem,
551 243 652 291 quod
682 255 751 280 nec
772 244 805 280 B
837 256 904 280 nec
935 243 1298 280 Drakenborchiani
1327 244 1488 289 habent,
1520 243 1600 281 fru—

189 322 270 352 stra
299 314 521 353 Gronovius
551 313 755 351 defendere
788 321 947 352 conatus
978 320 1046 351 est.
1118 314 1255 362 Neque
1286 321 1415 352 tamen
1445 327 1603 363 prorsus

188 393 334 424 certum
365 393 440 427 est,
471 385 648 430 Livium,
690 392 730 421 ut
760 386 931 422 ultima
960 384 1234 433 Hispaniae,
1280 385 1496 430 Euboeae‚
1549 385 1602 422 sic

191 458 359 495 ultima
400 456 620 493 Orientis
664 469 733 506 pro
779 457 949 494 ultimo
980 455 1183 493 Oriente
1217 456 1381 502 dixisse,
1420 456 1602 504 quoniam

190 528 358 566 Orientis
388 541 527 564 nomen
556 528 725 564 nondum
755 529 827 564 hac
857 532 968 563 aetate
998 533 1130 575 aperte
1161 533 1273 564 certae
1295 535 1483 565 terrarum
1511 540 1601 577 par-

188 600 236 637 tis
266 599 581 649 significationem
614 600 741 645 habet,
773 611 856 646 quae
887 597 1005 634 dividi
1034 597 1088 633 sic
1117 598 1251 646 possit.
1306 599 1385 635 Pro
1417 598 1603 635 ultimis

188 671 227 707 in
271 670 428 706 dimidia
470 670 550 707 fere
594 669 1052 707 Drakenborchianorum
1092 669 1265 705 codicum
1306 678 1418 719 parte
1456 670 1604 720 (VOSS.‚

191 742 289 780 Lov.
326 745 357 785 1,
389 744 426 785 4,
454 742 583 778 Mead.
613 742 792 790 utroque)
825 740 981 776 ultimi
1012 740 1202 786 scribitur,
1233 741 1271 776 in
1301 742 1335 777 B
1367 748 1513 779 autem:
1547 744 1603 779 ab

190 813 349 849 ultimi
383 812 586 849 orientis
623 812 667 848 in
705 811 921 855 omnium,
973 817 1041 848 cet.
1120 812 1168 848 In
1213 812 1346 849 ceteris
1398 813 1508 852 codd.
1554 813 1600 850 in

191 890 257 920 aut
286 882 475 920 sublatum
510 895 592 920 esse
621 883 772 919 videtur
806 890 872 918 aut
899 895 922 918 a
953 881 1236 920 conferentibus
1263 896 1339 920 non
1366 885 1603 922 adnotatum.

190 955 236 991 In
265 961 429 990 mentem
469 954 560 990 mihi
590 953 704 998 venit,
742 953 780 989 111
816 965 860 988 eo
893 965 1093 1001 superesse
1123 954 1325 1003 vestigium
1356 967 1457 990 verae
1487 955 1606 1004 scrip-

190 1033 283 1062 turae
318 1024 546 1068 huiusmodi,
579 1036 662 1072 quae
694 1037 767 1059 11113
797 1023 924 1059 littera
956 1022 1010 1072 (s)
1041 1025 1248 1072 geminata.
1279 1038 1355 1061 una
1385 1026 1517 1062 addita
1549 1025 1607 1062 ef·—

190 1097 330 1134 ficitur:
375 1097 430 1132 ab
468 1095 623 1131 ultimi
655 1094 874 1131 Orientis
919 1095 1030 1131 sinu
1076 1109 1192 1132 omn.
1229 1097 1443 1144 gentium
1487 1109 1604 1132 con-

189 1167 364 1204 tractis
396 1167 613 1205 auxiliis
681 1166 744 1204 Sic
775 1179 860 1202 eam
890 1173 1039 1215 partem
1072 1166 1205 1204 Livius
1237 1167 1469 1216 significaret
1484 1168 1605 1211 Asiae,

190 1239 253 1275 ubi
302 1238 456 1275 ultimus
496 1244 683 1274 terrarum
727 1237 812 1274 finis
856 1238 905 1274 ad
945 1237 1144 1275 Oceanum
1194 1239 1422 1276 sinuaretur.
1496 1239 1602 1276 Nihil

187 1319 316 1347 tamen
346 1305 554 1356 affirmo.¹>

300 1379 395 1430 Cap.
430 1382 491 1424 59,
523 1383 544 1416 4
578 1381 632 1429 (111
662 1379 917 1429 descriptione
947 1380 1130 1428 triumphi
1157 1381 1202 1417 L.
1222 1380 1451 1430 Scipionis):
1481 1395 1606 1418 num·

190 1464 288 1488 mos
319 1464 494 1488 aureos
525 1451 813 1500 Philippeos
843 1458 1032 1488 centum
1083 1452 1421 1501 quadraginta
1451 1453 1601 1490 milia.

190 1522 309 1567 Nihil,
343 1522 447 1570 quod
475 1521 587 1557 ullius
618 1521 800 1558 momenti
829 1528 940 1567 esset,
972 1522 1195 1560 Perizonius
1227 1521 1297 1571 (ad
1328 1524 1475 1562 Sanctii
1505 1525 1601 1561 Min.

190 1593 263 1638 IV,
295 1594 317 1630 8
348 1606 386 1641 p.
421 1594 539 1640 711),
582 1604 694 1640 quem
724 1592 1066 1630 Drakenborchius
1097 1601 1294 1632 auctorem
1326 1596 1439 1641 eitat‚
1482 1595 1609 1632 attulit

192 1664 240 1700 ad
270 1665 369 1700 hanc
399 1663 582 1700 orationis
612 1662 777 1699 formam
824 1663 1056 1712 (nummos
1101 1672 1287 1703 centum
1326 1666 1480 1711 milia)
1512 1679 1605 1703 con-

194 1743 252 1771 tra
282 1734 522 1772 Gronovium
567 1733 856 1770 defendendam.
938 1735 1015 1773 Sed
1061 1737 1164 1785 quod
1206 1738 1267 1774 hic
1313 1750 1604 1775 nummorum

193 1818 452 1842 aureorum
482 1804 850 1853 Philippeorum
884 1807 1018 1856 reponi
1048 1808 1193 1854 voluit,
1236 1822 1313 1845 non
1363 1809 1487 1845 solum
1517 1810 1601 1846 vio-

195 1877 316 1914 lenter
347 1877 438 1926 agit,
469 1877 535 1912 sed
564 1889 640 1912 non
671 1876 794 1924 magis
826 1889 941 1925 quam
975 1879 1091 1915 ceteri
1138 1879 1187 1915 ad
1217 1880 1319 1916 aliud
1351 1880 1479 1917 mendi
1511 1881 1610 1917 indi-

194 1948 293 1984 cium
327 1947 498 1984 attendit.
573 1947 724 1983 Nimius
769 1955 825 1984 est
874 1949 974 1986 enim
1004 1950 1297 1999 Philippeorum
1326 1964 1506 1988 numerus
1527 1980 1535 1990 .
1576 1953 1606 1989 si

195 2025 442 2067 comparatur
471 2026 537 2054 aut
566 2030 650 2054 cum
681 2018 729 2054 T.
753 2018 920 2065 Quinctii
934 2020 1141 2057 Flaminini
1164 2021 1358 2070 triumpho
1390 2023 1609 2069 (XXXIV,

199 2090 281 2137 52),
310 2090 349 2125 in
381 2102 457 2137 quo
487 2089 681 2138 Philippei
723 2092 852 2126 14514
883 2090 949 2126 lati
980 2098 1085 2136 sunt,
1131 2099 1195 2128 aut
1241 2105 1326 2129 eum
1371 2092 1440 2129 Cn.
1472 2094 1608 2132 Manlii

196 2160 380 2196 Vulsonis
412 2160 632 2206 (XXXIX.
657 2162 717 2206 7),
748 2159 784 2195 in
816 2173 891 2208 quo
909 2160 1061 2197 fuerunt
1080 2162 1270 2212 Philippei
1299 2165 1447 2209 16320;
1475 2178 1610 2214 quam-

196 2243 314 2278 quam
345 2230 442 2266 enim
474 2230 587 2266 etiam
618 2231 916 2267 tetrachmorum
933 2232 1151 2269 Atticorum
1174 2240 1209 2269 et
1239 2234 1542 2283 cistophororum
1573 2237 1609 2273 in

229 2414 256 2455 ¹)
292 2418 357 2457 §4
383 2418 415 2447 in
442 2418 511 2448 his:
538 2419 714 2458 pecunia
740 2428 1020 2460 nequaquam
1056 2426 1178 2451 tanta
1211 2432 1286 2462 pro
1323 2425 1469 2463 specie
1498 2428 1606 2467 regii

293 2479 502 2520 triumphi
534 2480 749 2510 subditieium
774 2489 847 2511 esse
880 2485 1026 2520 tanta,
1061 2482 1151 2522 quod
1176 2482 1210 2512 in
1237 2483 1328 2514 illam
1355 2487 1517 2519 orationis
1542 2488 1612 2520 for-

295 2550 382 2571 mam
408 2541 534 2572 includi
561 2541 654 2572 nullo
690 2543 789 2573 modo
822 2548 951 2583 potest,
990 2542 1073 2573 vidit
1099 2542 1302 2576 Gronovius.
1358 2548 1519 2581 Additum
1547 2557 1610 2589 est,

294 2608 331 2633 ut
367 2603 631 2635 admonerentur
673 2603 844 2644 legentes,
893 2614 1157 2646 nequaquam
1209 2616 1284 2647 pro
1334 2611 1473 2649 speeie
1519 2621 1611 2643 esse:

295 2673 559 2705 nequaquam
588 2672 714 2697 tanta.
742 2671 902 2707 quanta
929 2667 1190 2699 conveniret
1215 2671 1387 2709 speciei.

1269 2744 1335 2777 28*
