1811 2925
228 158 303 190 Lib.
318 157 473 191 XXVII.
882 157 930 192 32
939 159 959 192 4

206 282 373 318 formam
403 280 567 317 divisam
599 278 719 315 fuisse
748 289 826 314 non
856 278 1073 314 constabat.
1133 278 1287 314 Erroris
1309 290 1431 326 genus
1452 277 1633 327 frequens

206 348 321 399 est.¹)

327 421 424 469 Cap.
450 420 515 465 38,
541 420 585 455 9:
617 417 824 455 Senatus
854 416 1055 453 liberam
1088 424 1390 467 potestatem
1421 419 1632 455 oonsuli-

206 495 289 529 bus
330 490 448 528 feeit
493 495 537 526 et
581 488 867 537 supplendi,
915 488 1037 524 unde
1075 488 1278 533 vellent,
1324 495 1367 525 et
1415 489 1631 537 eligendi

205 563 260 599 de
294 561 515 599 omnibus
546 558 871 603 exercitibus,
905 570 1025 605 quos
1055 559 1261 604 vellent,
1303 560 1633 608 permutandi-

207 645 295 681 que
325 638 368 668 et
412 644 468 668 ex
511 628 807 679 provinciis,
853 640 975 676 quos
1014 641 1034 664 e
1071 642 1164 677 rep.
1208 636 1462 666 censerent
1508 642 1629 673 esse.

205 701 508 739 traducendi.
571 700 656 737 Nec
704 699 771 736 ulli
814 698 929 735 facile
976 711 1059 736 esse
1104 704 1283 748 poterant
1325 699 1487 744 milites,
1534 711 1630 747 quos

207 772 476 822 (singulatim)
520 784 569 807 ex
598 770 808 819 provinciis
839 770 990 806 traduci
1021 783 1041 806 e
1074 783 1154 819 rep.
1187 775 1298 815 esset,
1330 775 1366 805 et
1396 769 1428 805 si
1457 769 1630 813 fuissent,

206 846 280 881 hoe
311 843 571 880 contineretur
600 841 799 889 superiore
831 841 896 876 illo
928 841 1076 889 eapite,
1120 853 1195 889 quo
1242 846 1414 888 potestas
1453 838 1631 883 dabatur,

208 915 412 957 exercitus,
446 913 545 949 unde
574 911 742 954 vellent.
785 911 990 960 supplendi
1022 917 1059 947 et
1103 911 1150 947 de
1193 911 1370 947 omnibus
1401 908 1632 945 exercitibus

208 985 390 1034 eligendi3
420 997 489 1021 nee
518 989 622 1018 recte
653 982 792 1018 dicitur
822 995 876 1018 ex
907 982 1182 1030 provinciis
1215 982 1495 1023 traducere,
1526 978 1632 1015 nulla

207 1056 352 1101 addita,
398 1067 474 1102 quo
504 1053 770 1097 traducantur,
814 1052 890 1089 loci
918 1052 1208 1101 significatione.
1288 1052 1380 1089 Una
1408 1050 1536 1086 littera
1566 1050 1632 1084 de-

208 1132 332 1163 tracta
361 1137 495 1162 veram
527 1123 758 1172 scripturam
788 1123 979 1159 restituet:
1030 1128 1071 1158 et
1103 1135 1158 1157 ex
1195 1120 1490 1170 provinciis.
1541 1132 1630 1171 quo

209 1211 228 1234 e
258 1209 352 1245 rep.
389 1200 645 1232 censerent
675 1204 799 1237 esse,
820 1192 1129 1229 traducendi.
1185 1191 1424 1228 Permissum
1455 1196 1512 1226 est
1541 1203 1631 1226 con-

208 1268 367 1311 salibus,
398 1272 440 1302 ut
470 1263 668 1312 suppletos
701 1263 892 1300 exercitus
923 1263 1238 1310 exercituumque
1273 1267 1403 1310 partes
1434 1266 1633 1308 permuta-

208 1343 294 1374 rent
323 1343 361 1373 et
391 1342 501 1372 extra
532 1336 625 1370 fines
656 1346 733 1370 suae
765 1334 928 1381 quisque
960 1333 1170 1381 provinciae
1201 1333 1415 1368 educerent.

322 1406 418 1454 Cap.
454 1406 518 1447 40,
556 1408 621 1441 10:
666 1405 758 1440 Per
793 1410 1059 1439 extremum
1105 1402 1249 1438 finem
1294 1401 1400 1448 agri
1430 1399 1631 1436 Larina-

208 1478 272 1514 tis
304 1477 560 1512 ducentem
592 1474 636 1509 in
669 1473 959 1511 Salentinos
992 1472 1262 1509 exercitum
1308 1470 1631 1507 Hannibalem

235 1685 263 1725 ¹)
298 1686 382 1726 Cap.
410 1690 465 1723 30,
495 1689 512 1715 5
541 1688 640 1725 (non
667 1691 791 1717 tanta
818 1696 894 1727 pro
925 1686 1086 1717 AEtolis
1114 1694 1220 1714 cura
1246 1690 1354 1720 era-t,
1393 1680 1633 1712 ferocioris

305 1758 427 1788 quam
453 1757 527 1788 pro
552 1747 735 1786 ingenio
756 1747 1001 1778 Graecorum
1021 1747 1184 1786 gentis,
1208 1754 1332 1785 quam
1360 1746 1436 1780 cet.)
1457 1742 1634 1783 illepidum

304 1814 338 1841 et
363 1809 539 1849 inelegans
566 1808 686 1838 merito
706 1808 865 1839 Creverio
890 1807 1001 1838 risum
1027 1814 1088 1845 est,
1117 1807 1208 1848 quod
1234 1806 1314 1836 olim
1346 1804 1632 1836 substituebatur:

307 1870 609 1901 ferocioribus
638 1879 764 1909 quam
790 1880 863 1909 pro
890 1869 1068 1908 ingenio
1094 1869 1335 1899 Graeeorum
1370 1865 1534 1905 gentis,
1576 1874 1634 1893 ex-

306 1938 413 1962 tremo
448 1931 614 1961 vocabulo
650 1931 746 1970 quasi
781 1931 820 1960 de
854 1930 1021 1960 industria
1048 1930 1183 1960 adiecto
1219 1929 1260 1958 ad
1300 1926 1517 1958 efficiendum
1558 1935 1631 1955 cum

306 1993 398 2023 inani
438 1992 646 2023 abundantia
681 1991 904 2031 genitivorum
943 2000 1161 2023 coneursum.
1232 1989 1298 2020 Sed
1337 1989 1427 2028 quod
1460 1987 1633 2018 Weissen-

307 2054 428 2085 bornio
458 2053 492 2083 in
521 2058 666 2083 mentem
694 2053 801 2090 venit,
839 2053 995 2082 codicum
1024 2053 1223 2092 scripturam
1252 2051 1300 2081 sic
1327 2050 1471 2080 fortasse
1498 2046 1633 2078 defendi

306 2124 405 2156 posse
433 2114 536 2153 (quod
564 2113 643 2144 mihi
672 2123 806 2154 quoque
833 2114 1043 2144 adolescenti
1070 2113 1239 2154 placuisse
1266 2109 1436 2149 memini),
1476 2114 1513 2139 ut
1538 2107 1633 2147 geni·

307 2176 394 2206 tivus
431 2175 569 2206 liberius
604 2176 819 2216 appositione
857 2175 1038 2205 adiunctus
1083 2179 1220 2215 putetur
1251 2172 1299 2202 illi
1336 2182 1411 2212 pro
1450 2169 1632 2205 AEtolis‚

307 2237 403 2277 quasi
431 2237 593 2277 scriptum
620 2237 663 2267 sit
689 2237 956 2269 AEtolorum,
996 2236 1090 2266 nulla
1123 2236 1194 2265 eius
1228 2233 1395 2264 libertatis
1422 2232 1457 2262 in
1482 2231 1574 2262 brevi
1602 2236 1634 2261 et

308 2297 395 2328 sacili
432 2298 595 2328 orationis
632 2298 742 2328 forma
768 2297 943 2327 excusatio
979 2297 1166 2335 excogitari
1200 2300 1332 2336 potest,
1363 2304 1465 2334 quum
1503 2292 1633 2323 licuerit

307 2359 377 2389 sine
401 2357 590 2389 ofsensione
609 2365 699 2389 reete
719 2359 881 2389 scribere:
908 2356 1125 2387 ferociori
1153 2367 1274 2397 quain
1294 2366 1370 2396 pro
1396 2356 1478 2393 ing.
1502 2352 1631 2383 Graec.

309 2425 443 2458 gente.
494 2418 580 2449 Nam
608 2430 684 2460 pro
719 2419 882 2449 AEtolis
922 2418 1036 2449 Livius
1064 2418 1212 2448 scribere
1244 2416 1365 2447 maluit
1392 2425 1492 2456 quam
1518 2414 1635 2444 AEto·

307 2480 445 2510 lorum
492 2484 630 2520 propter
675 2480 871 2510 omnium.
936 2478 1102 2509 Nimirum
1155 2478 1351 2518 simpliciter
1396 2476 1480 2505 illud
1524 2475 1631 2516 ipsum

309 2539 519 2572 ferociori
541 2565 549 2573 .
577 2567 583 2573 .
604 2546 732 2580 gente
758 2540 1005 2571 restituendum
1032 2546 1093 2578 est,
1121 2541 1211 2581 quod
1234 2537 1408 2569 Gronovio
1434 2536 1466 2565 in
1487 2542 1632 2566 mentem

307 2608 455 2632 venerat.
506 2601 562 2632 Ex
589 2607 713 2642 gente
747 2606 884 2642 propter
917 2600 1164 2631 Graecorum
1204 2599 1331 2630 factum
1373 2597 1518 2635 gentis
1545 2603 1578 2627 et
1603 2597 1632 2626 ei

307 2668 426 2704 postea
452 2663 748 2693 accommodatum
774 2661 1022 2693 ferocioris.
