1811 2925
794 137 870 171 2¹5)
1288 136 1360 166 Lib.
1389 136 1483 167 XXI.

130 259 260 297 Livius
280 260 436 296 arbores
453 259 616 308 primum
646 271 754 295 raras
785 257 1036 294 etdisficulter
1051 259 1316 307 provenientes
1332 259 1448 296 silvas
1462 273 1532 308 ap-

129 331 285 380 pellax-e.
298 331 363 366 sed
380 342 499 379 prope
512 329 640 367 silvas.
674 330 729 366 Et
751 337 837 378 post
855 342 942 377 que
959 329 1094 365 excidit
1111 330 1285 373 xxvm
1300 331 1360 367 9.·2
1374 336 1409 366 ct
1427 333 1483 374 16.
1498 333 1531 368 4.

241 400 371 449 *Cap.
405 401 476 444 38,
510 403 542 435 5.
602 400 713 447 Quod
746 401 855 436 huius
889 400 961 436 loci
992 400 1244 436 constituendi
1284 401 1431 437 initium
1463 408 1532 445 est,

131 478 171 508 ut
200 478 302 508 recte
333 484 398 512 ea,
440 484 523 519 quae
553 471 598 507 do
628 484 786 508 numero
817 471 1011 519 copiarum
1044 470 1271 507 Hannibalis
1303 471 1425 519 Alpes
1455 477 1531 507 tra-

130 543 329 579 ductarum
361 543 547 585 dicuntur,
577 549 801 590 separentur
831 543 878 578 ab
911 541 987 577 alia
1011 554 1168 590 prorsus
1199 554 1377 590 novaque
1404 542 1531 592 dispu-

129 613 275 649 tatione
315 613 362 649 de
408 614 588 650 transitus
620 613 729 650 loco,
777 625 891 661 quam
923 612 1053 648 Livius
1099 625 1122 647 a
1172 613 1533 649 commemoratione

132 684 245 733 primi
282 684 414 733 populi
444 685 652 721 Hannibali
699 684 746 720 ab
786 683 950 732 Alpibus
991 683 1232 719 descendenti
1264 683 1402 719 obiecti
1432 684 1532 720 ordi-

129 761 202 797 tur,
233 755 270 791 id
301 762 387 804 post
419 755 513 791 alios
545 768 680 803 meque
715 755 834 804 (apud
874 754 1164 802 Ingerslevium)
1198 754 1531 790 Weissenbornius

130 832 282 862 secutus
313 832 381 864 est.
416 833 455 862 ut
487 826 532 862 de
563 838 608 861 eo
638 826 749 874 plura
779 826 902 862 (licere
932 825 1024 861 nihil
1055 836 1150 873 opus
1183 824 1242 862 sit.
1307 825 1432 861 Huius
1465 838 1532 862 au·

130 903 207 933 tem
254 909 363 932 novae
393 896 585 932 sententiat*
635 897 779 933 initium
819 897 856 932 in
911 896 1063 944 optimis
1108 895 1301 931 codicibus
1347 896 1400 931 sie
1442 897 1532 932 scri-

132 968 250 1004 bitur:
283 967 711 1015 Taurinisnogalli
745 967 822 1015 (312
853 967 890 1002 in
921 966 951 1002 C
976 966 1072 1002 inter
1106 965 1335 1002 Taurinis
1364 974 1400 1002 et
1423 967 1532 1004 Gal-

131 1037 164 1074 li
196 1037 338 1086 aliquid
370 1050 519 1073 erasum
560 1040 630 1083 est)
676 1037 896 1086 proxima
939 1049 1052 1085 gens
1099 1042 1203 1072 erat
1244 1037 1287 1073 in
1333 1038 1531 1074 Italiam

131 1108 374 1157 degresso,
447 1108 498 1144 Id
543 1120 640 1143 cum
679 1107 807 1143 inter
849 1121 1009 1144 omnes
1050 1115 1239 1144 constet
1276 1114 1344 1143 etc.
1409 1109 1471 1154 (In
1503 1108 1533 1145 C

131 1179 264 1216 eadem
295 1191 442 1222 manus.
477 1191 559 1226 qttae
591 1178 715 1227 prima.
746 1179 917 1228 scripsit,
960 1179 1097 1215 (licitur
1130 1179 1266 1215 deinde
1295 1179 1449 1227 gallie
1478 1179 1533 1215 fe-

131 1250 259 1291 cisse.)
339 1251 417 1286 Pro
450 1249 891 1298 Taurinisnegalli
935 1250 972 1286 in
1017 1250 1100 1286 cod.
1141 1248 1470 1298 cantabrigiensi,
1514 1264 1534 1288 e

132 1321 351 1358 melioribus
389 1321 456 1357 sed
497 1332 596 1369 saepe
634 1320 789 1356 licenter
830 1320 1044 1364 aberranti,
1090 1327 1147 1356 est
1191 1321 1534 1370 Taurinisquae

131 1392 316 1431 Galliae.
347 1392 385 1428 in
415 1391 549 1427 ceteris
581 1390 779 1438 multiplici
809 1403 938 1426 errore
969 1397 1184 1439 conatuque
1218 1391 1381 1429 factum:
1412 1394 1533 1429 Tau-

130 1463 314 1499 rinisne
345 1461 525 1506 Gallis,
556 1461 886 1509 Taurinisque
917 1461 1103 1505 Gallis,
1150 1462 1237 1498 alia.
1294 1465 1377 1500 Iam
1410 1463 1535 1500 forma

133 1533 219 1582 ipsa
250 1533 456 1576 sententiae,
487 1533 641 1568 dubium
666 1544 748 1568 csse
779 1533 933 1581 nequit,
965 1533 1053 1581 quin
1081 1533 1161 1569 haze
1191 1533 1322 1578 fuerit,
1353 1546 1467 1582 quam
1500 1539 1536 1569 et

132 1617 204 1653 ego
241 1604 501 1640 demonstravi
538 1612 573 1640 et
614 1604 949 1640 Weissenbornins
986 1604 1122 1639 tenuit:
1166 1605 1370 1641 Taurini
1408 1633 1526 1643 .....

132 1675 354 1724 proxima
384 1687 497 1723 gens
531 1682 635 1711 erat.
665 1675 708 1710 in
732 1674 927 1710 Italiam
957 1674 1203 1722 degresso3
1235 1675 1534 1723 q11ae1·itur,quid

133 1745 251 1781 lateat
293 1746 331 1782 in
369 1746 442 1781 illis
478 1745 702 1794 snegalli3
737 1747 840 1792 (nam
872 1744 1049 1781 Galliae
1086 1746 1134 1781 ob
1164 1747 1385 1794 proxima
1415 1746 1533 1794 scrip-

132 1822 210 1852 tum
243 1824 317 1859 est;
348 1829 422 1852 non
453 1816 500 1852 de
535 1815 672 1853 Galliae
702 1815 988 1864 propinquitate
1019 1817 1155 1865 agitur,
1187 1817 1252 1853 sed
1283 1816 1373 1864 quid
1403 1816 1537 1865 proxi-

132 1899 234 1922 mum
264 1887 505 1936 primumque
519 1886 728 1923 Hannibali
759 1887 992 1933 occurrerit).
1058 1888 1108 1923 Et
1137 1887 1241 1936 ipsas
1271 1887 1416 1923 litteras
1447 1899 1535 1923 con-

132 1957 314 1994 sideranti
345 1965 381 1993 et
412 1957 502 2005 quid
532 1957 568 1993 in
601 1957 824 1993 sententiam
858 1965 946 2006 apte
975 1958 1114 1995 includi
1146 1958 1210 1994 illo
1241 1958 1325 1993 loco
1349 1957 1470 2005 possit
1500 1965 1537 1993 et

133 2041 216 2077 quae
245 2029 292 2064 de
323 2028 503 2064 Taurinis
532 2028 673 2064 tradita
701 2029 788 2075 sint,
818 2029 899 2065 veri
928 2028 1157 2064 simillimum
1189 2028 1350 2073 videtur,
1385 2029 1536 2065 Livium

131 2099 348 2148 scripsisse:
378 2099 580 2136 Taurini
612 2099 876 2148 Semigalli.
934 2100 1037 2136 Nam
1068 2099 1260 2135 Taurinos
1284 2098 1424 2136 Strabo
1457 2100 1535 2148 [Ill

132 2183 168 2219 p.
202 2171 280 2206 204
313 2168 417 2216 Cas.)
451 2169 654 2218 Liguribus
671 2169 734 2205 ille
764 2170 915 2218 quidem
945 2170 1117 2218 adiungit
1148 2172 1206 2217 (ut.
1232 2169 1380 2206 Plinius
1410 2170 1460 2206 H.
1483 2171 1534 2208 N.

132 2239 218 2284 ΙΙΙ,
255 2243 297 2277 17
331 2253 361 2276 s.
393 2240 489 2290 21).
535 2240 601 2276 sed
631 2248 757 2276 tamen
788 2240 878 2276 alibi
910 2242 961 2289 (p.
995 2242 1090 2287 209)
1131 2254 1154 2277 a
1186 2240 1389 2289 Liguribus
1423 2253 1536 2290 sepa-

132 2320 210 2355 rat3
242 2311 446 2360 Appianus
477 2316 603 2347 autem
636 2311 822 2359 (Hannib.
858 2310 900 2360 5)
931 2312 1160 2348 Taurasiam
1179 2340 1188 2356 ‚
1225 2312 1358 2348 urbem
1390 2324 1535 2350 eorum.

133 2381 323 2419 Gallicam
355 2381 542 2430 appellat3
573 2389 608 2418 et
637 2382 729 2430 ipsae
756 2382 864 2417 sedes
895 2395 918 2417 a
949 2383 1204 2431 septentrione
1237 2383 1431 2431 Apennini
1469 2382 1535 2418 at]-

133 2452 286 2495 ducunt,
317 2458 358 2487 ut
387 2452 553 2500 antiquae
571 2452 678 2502 stirpi
696 2452 834 2489 Gallos
851 2452 1041 2489 admixtos
1064 2449 1320 2495 credamus.¹)
1432 2454 1535 2489 Pau-

157 2610 184 2654 “)
217 2612 301 2652 Quae
326 2613 486 2654 Polybius
513 2613 559 2650 11,
590 2615 640 2648 15,
667 2615 686 2642 8
713 2613 753 2643 de
781 2613 955 2644 Tauriscis
981 2614 1072 2645 dicit.
1099 2623 1167 2644 non
1193 2620 1288 2644 erant
1313 2614 1352 2644 ad
1369 2613 1537 2644 Taurinos

223 2675 398 2707 trahenda.
