1811 2925
793 156 870 192 239
1286 154 1360 185 Lib.
1377 154 1493 185 XXII.

127 283 163 318 in
196 279 330 318 ceteris
359 279 397 314 in
428 278 599 327 copias
631 284 832 317 mutatum.
895 278 1181 316 Descendas
1207 279 1387 316 facillime
1409 278 1446 314 in
1470 278 1541 314 de-

127 353 151 389 d
165 366 185 388 u
200 364 249 389 ce
260 364 282 386 n
293 351 316 386 d
327 363 349 386 a
360 362 376 386 s
406 350 607 386 transibat.
620 346 651 395 ¹)

237 420 332 470 Cap.
371 423 439 465 17,
472 422 492 455 3
540 421 602 467 (de
633 421 756 457 bubus
787 421 911 457 fasces
948 421 1143 470 virgarum
1183 427 1217 457 et
1261 428 1540 457 sarmentorum

129 493 306 530 cornibus
341 491 518 539 alligatos
544 492 788 541 portantibus
819 500 853 528 et
885 498 973 529 ante
1004 492 1213 529 exercitum
1243 504 1312 540 per
1343 491 1481 527 saltum
1506 498 1543 527 et

127 570 275 601 montes
307 563 440 605 actis):
473 576 562 612 quo
594 570 795 612 repente
826 563 1047 600 discursu
1076 563 1201 600 haud
1233 574 1370 598 secus
1404 574 1541 610 quam

127 635 265 672 silvis
297 634 641 683 montibusque
673 635 892 671 accensis
925 634 1086 671 omnia
1118 634 1293 670 circum
1326 632 1543 681 virgulta

126 706 309 744 ardere.
386 705 426 742 Si
458 706 510 742 sie
543 706 676 742 Livius
706 706 877 754 scripsit,
923 719 999 743 non
1030 706 1154 742 solum
1196 718 1330 753 parum
1364 704 1543 741 conside-

126 784 210 815 rate
240 777 410 826 scripsit,
441 777 506 812 sed
538 776 695 812 confuse
741 782 775 813 et
807 777 1080 813 inconstanter.
1146 776 1320 812 Primum
1353 775 1384 811 si
1415 775 1544 811 onmia

126 849 295 897 virgulta
326 848 520 892 arsissent,v
551 861 627 883 non
660 860 760 883 vano
792 854 937 884 terrore
969 848 1090 896 (quod
1121 853 1202 884 tota
1232 847 1404 883 narratio
1427 846 1543 895 signi-

128 922 248 967 ficat),
278 920 344 956 sed
375 932 467 955 vero
499 931 543 955 ac
573 919 684 967 gravi
717 919 887 967 periculo
919 919 1177 955 conflictatum
1210 919 1429 955 Romanum
1446 930 1542 966 prae-

127 991 266 1028 sidium
298 997 408 1028 esset.
484 990 622 1036 Neque
652 990 852 1038 profecto.
892 990 923 1025 si
971 990 1098 1026 omni-<1
1142 989 1308 1038 virgulta
1349 989 1543 1033 arsissenn

127 1062 291 1098 flammae
322 1061 523 1098 arboribus
553 1061 813 1109 pepercissent
859 1061 916 1104 (in
958 1073 1033 1108 quo
1064 1060 1171 1096 haesit
1203 1061 1318 1096 etiam
1348 1060 1543 1096 Weissen-

128 1132 312 1175 bornius).
375 1132 451 1169 Sed
482 1131 576 1168 nihil
608 1131 769 1171 arsisse„
807 1132 879 1167 nisi
910 1132 1034 1168 fasces
1079 1132 1117 1167 in
1149 1132 1328 1168 cornibus
1359 1132 1474 1168 boum
1508 1139 1545 1168 et

128 1203 294 1252 speciem
324 1209 470 1238 tantum
501 1203 666 1239 incendii
697 1202 838 1247 fuisse,
874 1210 911 1239 et
941 1203 1056 1240 ceteri
1089 1203 1297 1252 scriptores
1327 1201 1543 1251 (Polybius³

128 1273 359 1323 Appianus,
390 1273 642 1318 Plutarchus,
686 1274 802 1312 Silius
833 1274 1009 1322 Italicus)
1053 1275 1230 1319 tradunt,
1271 1286 1347 1310 uno
1384 1279 1544 1322 excepto

128 1345 283 1381 zonara
315 1345 455 1391 (VIII,
487 1346 558 1382 26:
590 1342 793 1397 πολλαχῆ
825 1339 910 1397 τήν
940 1339 1055 1397 ’ὕλην
1090 1344 1356 1396 ἐνέπρησαν,
1392 1345 1544 1393 quinon

128 1414 308 1463 virgulta,
342 1415 421 1460 sed,
450 1422 490 1452 ut
519 1429 592 1465 par
623 1423 729 1460 erat,
761 1416 878 1452 silvas
910 1417 1145 1465 arboresque
1182 1416 1358 1453 incendio
1390 1428 1543 1464 correp-

129 1489 188 1519 tas
218 1485 390 1531 narrat),
434 1493 469 1522 et
499 1488 571 1524 hoc
606 1488 735 1525 Livius
766 1487 849 1536 ipse
878 1487 1080 1536 perspicue
1110 1488 1148 1524 in
1178 1487 1243 1531 iis2
1277 1500 1360 1536 quae
1393 1487 1543 1524 subiicit

129 1556 164 1601 (ξ
196 1559 217 1592 4
255 1563 289 1593 et
323 1556 376 1604 5),
407 1557 595 1605 sequiturg
626 1571 715 1594 nam
747 1559 885 1595 densas
915 1559 1092 1595 flammas
1122 1558 1174 1595 ibi
1205 1557 1322 1595 fuisse
1344 1558 1544 1607 significat.

163 1762 192 1807 ¹)
226 1765 323 1797 Hanc
350 1767 620 1798 emendationem
657 1778 760 1810 quum
792 1768 1093 1800 W'eissenbornius
1127 1774 1234 1799 totam
1269 1769 1311 1799 ab
1339 1768 1546 1808 Ingerslevio

226 1838 354 1859 sumere
381 1834 517 1870 posset,
546 1830 665 1862 maluit
697 1836 829 1872 partem
862 1831 1080 1873 posteriorem
1119 1832 1173 1868 (et
1209 1829 1470 1870 descendas)
1504 1830 1546 1861 ab

226 1890 471 1930 Heerwagenio
498 1892 662 1934 accipere,
691 1893 808 1924 relicta
834 1894 897 1924 hac
924 1893 1175 1933 inaequalitate:
1211 1893 1366 1923 armari
1395 1892 1545 1933 copias

226 1958 406 1994 oportet
432 1960 472 1985 et
499 1955 752 1986 descendas.
810 1955 850 1986 In
877 1955 996 1996 capitis
1035 1959 1073 1986 15
1102 1955 1198 1986 initio
1224 1954 1349 1985 frustra
1374 1953 1547 1984 WVeissen-

225 2014 362 2046 bornius
389 2025 424 2046 se
451 2022 603 2056 torquet,
642 2022 679 2048 ut
706 2027 749 2048 ex
775 2018 939 2049 mendosa
966 2017 1122 2049 codicum
1151 2018 1319 2057 scriptura
1345 2015 1545 2047 sententiam

226 2075 359 2108 efficiat.
419 2077 505 2108 Nam
532 2085 568 2109 ut
600 2081 752 2110 omittam
780 2080 994 2111 intentum
1022 2081 1140 2111 inter
1166 2089 1270 2110 suos
1292 2078 1451 2109 Latinum
1478 2088 1546 2109 non

226 2148 296 2170 esse
329 2144 362 2170 et
394 2140 631 2172 obscurissime
665 2141 730 2171 dici
765 2140 848 2171 illud
885 2142 1008 2182 prius
1037 2142 1087 2173 ab
1115 2142 1220 2172 aliis
1248 2141 1457 2172 invictum
1495 2144 1546 2180 (et

227 2200 260 2230 in
285 2201 404 2242 prius
429 2212 490 2243 pro
516 2209 644 2234 antea
669 2202 823 2243 vitiose),
860 2213 996 2244 prorsus
1031 2213 1227 2245 perversum
1255 2208 1305 2234 est
1335 2209 1545 2244 praestare

228 2263 408 2294 animum
435 2266 554 2305 prius
581 2266 811 2302 invictum,
848 2266 1011 2306 quoniam
1039 2265 1142 2296 animi
1168 2265 1282 2296 invicti
1307 2265 1478 2306 praestatio
1505 2265 1547 2296 ad

227 2325 278 2363 id,
305 2326 395 2365 quod
420 2335 508 2357 nunc
535 2327 661 2367 agitur,
706 2333 838 2369 tempus
883 2329 1028 2369 pertinet
1063 2327 1342 2369 comparatioque
1368 2327 1546 2368 superioris

233 2387 393 2427 temporis
429 2388 530 2429 longe
560 2389 660 2420 aliter
691 2389 913 2429 significanda
942 2388 1015 2420 fuit.
1075 2388 1163 2427 Quid
1198 2390 1366 2421 sententia
1391 2389 1547 2430 postulet,

228 2449 446 2490 perspicuum
475 2457 535 2482 est.
571 2452 682 2483 Fabio
695 2458 728 2483 et
754 2457 873 2483 contra
898 2452 986 2482 cives
1012 2457 1044 2481 et
1066 2460 1182 2482 contra
1198 2451 1313 2483 hostes
1330 2452 1546 2493 pugnandum

227 2515 317 2548 erat3
349 2511 442 2552 prius
472 2514 642 2554 praestitit,
677 2514 771 2556 quod
804 2514 921 2545 ordine
948 2523 1058 2544 rerum
1085 2513 1179 2555 prius
1206 2520 1300 2552 erat,
1334 2523 1375 2544 ne
1411 2514 1546 2545 illorum

228 2572 338 2613 pravis
364 2572 506 2625 ‘iudiciis
539 2579 570 2604 et
603 2575 795 2607 rumoribus
829 2581 1030 2607 moveretur.
1080 2575 1205 2607 Inter
1229 2586 1290 2618 pro
1316 2576 1359 2606 in
1390 2586 1432 2607 ex
1457 2576 1546 2608 male

230 2633 370 2674 repetita
395 2633 546 2665 estrema
572 2634 704 2675 syllaba
723 2638 815 2669 vocis
833 2637 1004 2678 pariter
1029 2642 1138 2669 ortum
1155 2643 1216 2674 est,
1236 2638 1342 2670 ali‘rs
1366 2649 1427 2680 pro
1453 2638 1548 2670 illis

232 2700 415 2736 pervagato
441 2705 565 2728 errore.
