1811 2925
793 150 870 186 209

127 273 212 311 loco
243 284 360 322 supra
389 273 514 322 posito
531 273 673 317 XXII,
708 274 769 317 16,
796 274 817 308 4
848 270 1088 319 (fortunae,
1120 285 1235 321 quum
1267 272 1385 309 semel
1417 272 1535 321 scrip-

128 350 208 379 tum
239 350 338 380 esset
372 344 559 392 minas);
606 343 682 379 alia
716 342 832 392 paulo
864 343 1074 380 occultiora
1104 343 1276 393 aperiam
1307 344 1426 389 XXI,
1473 346 1536 387 57,

130 416 152 451 2
185 421 223 451 et
254 415 275 451 3
317 415 417 461 (ubi,
459 422 650 452 structura
680 426 757 450 non
786 413 991 459 intellecta,
1032 427 1102 463 pro
1126 415 1355 452 accusativis
1387 415 1536 451 duobus

129 485 288 522 ablativi
317 486 511 522 substituti
541 492 643 531 sunt)
685 492 721 522 et
764 485 847 522 aliis
898 485 1002 522 locis.
1075 486 1126 523 Et
1172 494 1301 523 tamen
1345 488 1426 523 haec
1469 499 1538 523 nec

129 557 250 594 multa
279 563 366 594 sunt
396 564 443 603 et,
475 564 514 593 ut
545 564 632 593 ante
662 556 754 601 dixi,
784 556 992 606 simplicia3
1023 570 1111 594 nam
1142 557 1320 594 librarius
1353 557 1404 603 id,
1436 557 1538 606 quod

130 627 367 670 offenderat,
411 628 589 678 proximo
635 634 672 664 et
715 628 800 664 rudi
829 628 997 665 remedio
1030 628 1236 677 expedivit,
1277 631 1323 667 de
1354 636 1435 666 tota
1464 629 1538 665 loci

130 699 257 737 forma
286 713 422 750 parum
455 699 646 748 cogitans3
691 700 913 736 eruditiores
942 699 996 735 illi
1026 699 1210 744 homines,
1242 700 1306 748 qui
1338 712 1539 736 renascen-

130 770 232 807 tibus
265 770 476 808 litterarum
508 771 642 808 studiis
673 771 814 808 menda
849 771 925 807 iam
961 770 1113 820 longius
1154 771 1304 808 detorta
1338 771 1541 807 emendare

133 843 384 887 conabantur,
426 849 467 879 ut
495 843 571 891 legi
601 849 637 879 et
665 842 824 890 intelligi
854 842 1004 879 codices
1033 849 1208 892 possent,
1251 842 1401 879 facilius
1429 841 1540 878 falle-

131 919 227 957 rent,
259 913 329 949 nisi
368 914 625 962 antiquiorum
657 913 829 950 codicum
868 913 1096 950 testimoniis
1137 913 1468 958 convincerentur;
1506 921 1543 949 et-

133 984 197 1021 diu
230 984 434 1033 multisque
462 985 556 1021 locis
593 984 820 1022 fefellerunt.

244 1056 339 1092 Haec
368 1055 475 1092 initio
505 1055 672 1092 breviter
703 1055 1025 1105 comprehendere
1055 1055 1179 1092 visum
1210 1063 1278 1101 est,
1309 1062 1350 1091 ut
1380 1067 1542 1104 appare-

134 1132 204 1175 ret,
234 1125 288 1162 sic
317 1126 355 1163 in
384 1128 457 1163 hac
487 1128 631 1164 decade
661 1140 684 1163 a
715 1127 846 1164 codice
876 1128 910 1164 P
939 1127 1131 1176 proficisci
1169 1127 1366 1176 scripturae
1409 1126 1540 1163 iudici-

133 1210 198 1234 um
234 1203 270 1233 et
301 1198 579 1235 emendationis
610 1205 787 1236 conatum
807 1198 956 1243 debere,
986 1204 1028 1234 ut
1059 1198 1205 1242 eadem,
1237 1211 1321 1246 quae
1350 1198 1388 1234 in
1412 1198 1544 1247 primae

135 1268 291 1305 decadis
331 1269 459 1306 codice
503 1271 710 1320 archetypo
753 1269 948 1318 sequendo
989 1274 1046 1319 (p.
1080 1270 1167 1316 22),
1207 1277 1380 1306 servetur
1416 1269 1545 1306 iudicii

134 1340 315 1386 libertas,
359 1341 578 1391 superstitio
625 1341 867 1386 excludatur,
920 1341 958 1377 in
1010 1340 1200 1378 nonnullis
1243 1340 1395 1388 quidem
1438 1340 1545 1386 locis,

136 1419 295 1461 propter
325 1425 430 1458 eam,
468 1426 583 1461 quam
615 1413 797 1462 exposui,
835 1412 982 1449 librarii
1011 1412 1050 1448 in
1081 1412 1232 1449 obiecta
1263 1412 1390 1448 animo
1419 1412 1544 1461 specie

140 1484 335 1532 sequenda
376 1484 592 1528 licentiam,
640 1497 718 1521 non
773 1485 884 1520 nimis
935 1483 1093 1532 singulae
1129 1483 1263 1519 litterae
1310 1491 1544 1532 premantur.

139 1555 494 1601 WVeissenbornius,
527 1555 602 1604 qui,
644 1563 685 1591 ut
716 1555 813 1598 dixi,
849 1562 969 1591 totum
1000 1554 1111 1591 huius
1143 1553 1296 1591 decadis
1327 1560 1545 1590 contextum

142 1625 191 1661 ad
222 1625 301 1662 eius
331 1625 472 1662 codicis
504 1626 616 1662 fidem
649 1626 776 1675 exegit
805 1634 839 1663 et
863 1627 1029 1676 perbene
1060 1639 1106 1662 ea
1136 1639 1177 1662 re
1198 1626 1244 1661 de
1264 1624 1376 1661 Livio
1398 1626 1547 1671 meruit,

142 1696 344 1742 interdum,
375 1697 489 1733 etiam
521 1697 560 1733 in
590 1696 800 1733 minoribus
831 1703 869 1733 et
897 1696 1110 1733 manifestis
1145 1686 1292 1733 mendis
1331 1709 1400 1733 nec
1430 1697 1546 1733 inusi-

143 1767 246 1813 tatis,
276 1767 388 1804 nimis
418 1767 587 1804 studiose
618 1768 759 1804 codicis
791 1769 1058 1805 auctoritatem
1102 1767 1302 1816 amplexus
1344 1775 1400 1805 est
1440 1769 1547 1805 adhi-

142 1838 221 1875 bita
265 1839 483 1875 contortula
527 1838 839 1887 interpretatione
884 1853 929 1877 ac
973 1838 1193 1876 defensione
1239 1839 1549 1888 comparatisque

143 1910 328 1958 exemplis
359 1910 631 1955 dissimillimis,
678 1911 781 1959 quod
815 1911 926 1959 quale
957 1911 1005 1948 sit
1040 1909 1104 1958 (ne
1133 1910 1193 1945 hic
1227 1909 1399 1958 pluribus
1428 1911 1549 1947 insec-

143 1981 229 2028 ter),
259 1981 424 2030 perspici
464 1980 544 2017 fere
588 1980 729 2030 poterit
767 1995 815 2018 ex
855 1983 920 2027 iis,
966 1994 1050 2030 quae
1091 1993 1166 2017 uno
1210 1988 1247 2016 et
1287 1980 1407 2017 altero
1451 1981 1548 2027 loco,

144 2065 260 2101 quum
292 2051 402 2100 quasi
430 2052 650 2100 praeteriens
681 2051 720 2089 in
751 2053 937 2090 eiusmodi
969 2051 1138 2101 argutias
1168 2051 1396 2095 incidissem,
1430 2053 1549 2089 adno-

143 2122 242 2167 tavi,
281 2128 322 2158 ut
360 2122 409 2158 ad
439 2123 557 2166 XXI,
594 2126 657 2169 44,
692 2127 710 2160 7
746 2122 1150 2173 (vindicaremus),
1194 2124 1264 2169 52,
1302 2126 1372 2168 11,
1409 2124 1550 2170 XXII,

148 2196 193 2230 15
224 2193 304 2229 init.
335 2200 372 2229 et
403 2194 474 2238 22,
511 2194 556 2229 18
589 2199 626 2229 et
657 2194 727 2239 30,
762 2197 782 2230 5
815 2201 900 2234 cett,
966 2196 1070 2232 Nam
1120 2193 1290 2242 alioquin
1331 2194 1381 2230 ad
1425 2208 1548 2231 meum

144 2264 343 2300 consilium
374 2277 451 2300 non
482 2264 647 2312 pertinet
677 2277 723 2301 ea
751 2266 942 2315 persequi,
972 2266 1010 2302 in
1042 2265 1179 2313 quibus
1211 2264 1432 2313 simpliciter
1464 2267 1551 2302 red-

145 2334 311 2370 eundum
355 2340 412 2371 est
458 2335 506 2371 ad
550 2336 789 2385 superiorum
831 2335 1014 2383 (Bekkeri
1059 2348 1212 2384 quoque
1243 2342 1280 2371 et
1320 2336 1550 2386 Kreyssigii)

145 2405 386 2454 scripturam,
419 2412 484 2441 aut
513 2405 588 2442 iam
619 2407 658 2443 in
688 2407 883 2444 codicibus
908 2414 974 2443 aut
1004 2408 1052 2444 ab
1084 2405 1293 2444 editoribus
1336 2415 1440 2444 certa
1469 2420 1552 2444 cor-

147 2476 315 2512 rectione
345 2483 550 2525 repertam,
580 2477 619 2513 in
648 2479 763 2515 rebus
793 2478 1002 2527 praesertim
1034 2478 1166 2527 parvis
1197 2484 1234 2514 et
1267 2476 1455 2523 facilibus,
1485 2491 1554 2515 nec

146 2546 339 2595 explicare
369 2547 519 2584 decrevi
553 2548 610 2595 (ut
635 2548 694 2585 his
719 2548 849 2599 utar),
884 2562 996 2597 quam
1032 2562 1153 2598 prave
1185 2549 1224 2585 in
1255 2549 1394 2594 XXX,
1437 2552 1498 2595 16,
1531 2552 1551 2586 2

144 2617 356 2666 perfectum
388 2618 766 2669 (reposuerunt),
808 2620 844 2656 in
871 2620 1012 2665 XXX,
1052 2621 1116 2665 24,
1149 2621 1169 2656 2
1202 2619 1554 2670 plusquamperfec-

144 2695 225 2725 tum
256 2689 573 2736 (censuerant)
622 2697 812 2739 ponatur,
860 2697 924 2727 aut
967 2703 1081 2739 quam
1123 2704 1200 2728 non
1240 2692 1404 2739 (XXX,
1438 2694 1474 2737 9,
1507 2694 1553 2739 2)

214 2768 356 2792 sunvlcll
374 2770 488 2792 Rumon
508 2769 583 2793 Lux.
1251 2780 1290 2807 14
