<?xml version="1.0" encoding="UTF-8"?>
<!DOCTYPE html PUBLIC "-//W3C//DTD XHTML 1.0 Transitional//EN"
    "http://www.w3.org/TR/xhtml1/DTD/xhtml1-transitional.dtd">
<html xmlns="http://www.w3.org/1999/xhtml" xml:lang="en" lang="en">
 <head>
  <title>
</title>
<meta http-equiv="Content-Type" content="text/html;charset=utf-8" />
  <meta name='ocr-system' content='tesseract 3.04.00' />
  <meta name='ocr-capabilities' content='ocr_page ocr_carea ocr_par ocr_line ocrx_word'/>
</head>
<body>
  <div class='ocr_page' id='page_1' title='image "./emendationeslivi00madvuoft_0502.png"; bbox 0 0 1811 2925; ppageno 0'>
   <div class='ocr_carea' id='block_1_1' title="bbox 218 107 971 143">
    <p class='ocr_par' dir='ltr' id='par_1_1' title="bbox 218 107 971 143">
     <span class='ocr_line' id='line_1_1' title="bbox 218 107 971 143; baseline 0.008 -6"><span class='ocrx_word' id='word_1_1' title='bbox 218 107 292 138; x_wconf 85' lang='lat' dir='ltr'><strong>Lib.</strong></span> <span class='ocrx_word' id='word_1_2' title='bbox 319 107 411 137; x_wconf 87' lang='lat' dir='ltr'>XLI.</span> <span class='ocrx_word' id='word_1_3' title='bbox 891 107 971 143; x_wconf 84' lang='lat'>496</span> 
     </span>
    </p>
   </div>
   <div class='ocr_carea' id='block_1_2' title="bbox 217 228 1645 2592">
    <p class='ocr_par' dir='ltr' id='par_1_2' title="bbox 218 228 1643 554">
     <span class='ocr_line' id='line_1_2' title="bbox 218 228 1643 278; baseline -0.001 -12"><span class='ocrx_word' id='word_1_4' title='bbox 218 230 383 266; x_wconf 86' lang='lat' dir='ltr'>subito</span> <span class='ocrx_word' id='word_1_5' title='bbox 431 228 791 276; x_wconf 79' lang='lat' dir='ltr'>opprimant-ur,</span> <span class='ocrx_word' id='word_1_6' title='bbox 847 228 977 264; x_wconf 82' lang='lat' dir='ltr'>sicut</span> <span class='ocrx_word' id='word_1_7' title='bbox 1022 229 1260 276; x_wconf 80' lang='lat' dir='ltr'>ceperint,</span> <span class='ocrx_word' id='word_1_8' title='bbox 1317 241 1464 277; x_wconf 91' lang='lat' dir='ltr'>posse</span> <span class='ocrx_word' id='word_1_9' title='bbox 1514 229 1643 278; x_wconf 84' lang='lat' dir='ltr'>capi,</span> 
     </span>
     <span class='ocr_line' id='line_1_3' title="bbox 221 298 1642 348; baseline 0 -13"><span class='ocrx_word' id='word_1_10' title='bbox 221 311 338 348; x_wconf 92' lang='lat' dir='ltr'>quum</span> <span class='ocrx_word' id='word_1_11' title='bbox 374 303 501 334; x_wconf 85' lang='lat' dir='ltr'>autem</span> <span class='ocrx_word' id='word_1_12' title='bbox 533 312 582 335; x_wconf 83' lang='lat' dir='ltr'>ex</span> <span class='ocrx_word' id='word_1_13' title='bbox 614 298 765 334; x_wconf 81' lang='lat' dir='ltr'>facile</span> <span class='ocrx_word' id='word_1_14' title='bbox 795 298 834 334; x_wconf 88' lang='lat' dir='ltr'>si</span> <span class='ocrx_word' id='word_1_15' title='bbox 863 304 988 334; x_wconf 88' lang='lat' dir='ltr'>ortum</span> <span class='ocrx_word' id='word_1_16' title='bbox 1021 305 1122 334; x_wconf 86' lang='lat' dir='ltr'>esset</span> <span class='ocrx_word' id='word_1_17' title='bbox 1147 298 1300 334; x_wconf 82' lang='lat' dir='ltr'>facile</span> <span class='ocrx_word' id='word_1_18' title='bbox 1331 311 1436 335; x_wconf 91' lang='lat' dir='ltr'>esse</span> <span class='ocrx_word' id='word_1_19' title='bbox 1469 299 1531 343; x_wconf 89' lang='lat' dir='ltr'>si,</span> <span class='ocrx_word' id='word_1_20' title='bbox 1573 299 1642 335; x_wconf 92' lang='lat' dir='ltr'>ad-</span> 
     </span>
     <span class='ocr_line' id='line_1_4' title="bbox 221 366 1642 417; baseline 0 -12"><span class='ocrx_word' id='word_1_21' title='bbox 221 370 339 405; x_wconf 85' lang='lat' dir='ltr'>ditum</span> <span class='ocrx_word' id='word_1_22' title='bbox 373 380 456 405; x_wconf 92' lang='lat' dir='ltr'>esse</span> <span class='ocrx_word' id='word_1_23' title='bbox 485 369 655 417; x_wconf 81' lang='lat' dir='ltr'>recipi.</span> <span class='ocrx_word' id='word_1_24' title='bbox 724 369 876 413; x_wconf 86' lang='lat' dir='ltr'>(Potest</span> <span class='ocrx_word' id='word_1_25' title='bbox 893 366 1088 404; x_wconf 88' lang='lat' dir='ltr'>offendere</span> <span class='ocrx_word' id='word_1_26' title='bbox 1103 368 1252 405; x_wconf 87' lang='lat' dir='ltr'>rariore</span> <span class='ocrx_word' id='word_1_27' title='bbox 1273 368 1450 417; x_wconf 82' lang='lat' dir='ltr'>exemplo</span> <span class='ocrx_word' id='word_1_28' title='bbox 1475 369 1642 405; x_wconf 82' lang='lat' dir='ltr'>dictum:</span> 
     </span>
     <span class='ocr_line' id='line_1_5' title="bbox 218 438 1643 486; baseline 0 -11"><span class='ocrx_word' id='word_1_29' title='bbox 218 438 366 475; x_wconf 85' lang='lat' dir='ltr'>facile</span> <span class='ocrx_word' id='word_1_30' title='bbox 398 450 504 475; x_wconf 90' lang='lat' dir='ltr'>esse</span> <span class='ocrx_word' id='word_1_31' title='bbox 534 445 705 475; x_wconf 82' lang='lat' dir='ltr'>castra</span> <span class='ocrx_word' id='word_1_32' title='bbox 736 438 911 486; x_wconf 83' lang='lat' dir='ltr'>recipi,</span> <span class='ocrx_word' id='word_1_33' title='bbox 949 451 1021 486; x_wconf 89' lang='lat' dir='ltr'>pro</span> <span class='ocrx_word' id='word_1_34' title='bbox 1059 451 1124 483; x_wconf 88' lang='lat' dir='ltr'>eo,</span> <span class='ocrx_word' id='word_1_35' title='bbox 1165 439 1268 481; x_wconf 83' lang='lat' dir='ltr'>quod</span> <span class='ocrx_word' id='word_1_36' title='bbox 1310 444 1366 475; x_wconf 89' lang='lat' dir='ltr'>est</span> <span class='ocrx_word' id='word_1_37' title='bbox 1395 438 1643 486; x_wconf 79' lang='lat' dir='ltr'>reeipere3</span> 
     </span>
     <span class='ocr_line' id='line_1_6' title="bbox 220 508 1273 554; baseline -0.004 -8"><span class='ocrx_word' id='word_1_38' title='bbox 220 509 287 546; x_wconf 91' lang='lat' dir='ltr'>sed</span> <span class='ocrx_word' id='word_1_39' title='bbox 317 510 452 545; x_wconf 90' lang='lat' dir='ltr'>eodem</span> <span class='ocrx_word' id='word_1_40' title='bbox 483 509 599 545; x_wconf 88' lang='lat' dir='ltr'>modo</span> <span class='ocrx_word' id='word_1_41' title='bbox 634 508 768 544; x_wconf 87' lang='lat' dir='ltr'>Livius</span> <span class='ocrx_word' id='word_1_42' title='bbox 800 508 897 543; x_wconf 84' lang='lat' dir='ltr'>dixit</span> <span class='ocrx_word' id='word_1_43' title='bbox 926 508 1066 552; x_wconf 81' lang='lat' dir='ltr'>XXV,</span> <span class='ocrx_word' id='word_1_44' title='bbox 1096 508 1160 551; x_wconf 82' lang='lat'>37,</span> <span class='ocrx_word' id='word_1_45' title='bbox 1197 508 1273 554; x_wconf 81' lang='lat'>18.)</span> 
     </span>
    </p>

    <p class='ocr_par' dir='ltr' id='par_1_3' title="bbox 217 577 1645 2592">
     <span class='ocr_line' id='line_1_7' title="bbox 332 577 1642 627; baseline -0.002 -11"><span class='ocrx_word' id='word_1_46' title='bbox 332 578 427 627; x_wconf 84' lang='lat' dir='ltr'>Cap.</span> <span class='ocrx_word' id='word_1_47' title='bbox 460 581 495 623; x_wconf 86' lang='grc'>6,</span> <span class='ocrx_word' id='word_1_48' title='bbox 528 582 569 615; x_wconf 76' lang='lat'>4:</span> <span class='ocrx_word' id='word_1_49' title='bbox 600 580 692 615; x_wconf 87' lang='lat' dir='ltr'>Per</span> <span class='ocrx_word' id='word_1_50' title='bbox 722 591 802 614; x_wconf 92' lang='lat' dir='ltr'>eos</span> <span class='ocrx_word' id='word_1_51' title='bbox 824 578 925 614; x_wconf 88' lang='lat' dir='ltr'>dies</span> <span class='ocrx_word' id='word_1_52' title='bbox 955 578 1024 614; x_wconf 84' lang='lat' dir='ltr'>Ti.</span> <span class='ocrx_word' id='word_1_53' title='bbox 1048 577 1363 626; x_wconf 87' lang='lat' dir='ltr'>Sempronius</span> <span class='ocrx_word' id='word_1_54' title='bbox 1386 577 1642 615; x_wconf 82' lang='lat' dir='ltr'><strong>Gracchus</strong></span> 
     </span>
     <span class='ocr_line' id='line_1_8' title="bbox 222 648 1643 697; baseline 0 -12"><span class='ocrx_word' id='word_1_55' title='bbox 222 656 268 685; x_wconf 85' lang='lat' dir='ltr'>et</span> <span class='ocrx_word' id='word_1_56' title='bbox 299 650 345 688; x_wconf 88' lang='lat' dir='ltr'>L.</span> <span class='ocrx_word' id='word_1_57' title='bbox 374 649 657 686; x_wconf 82' lang='lat' dir='ltr'>Postumius</span> <span class='ocrx_word' id='word_1_58' title='bbox 682 649 897 686; x_wconf 88' lang='lat' dir='ltr'>Albinus</span> <span class='ocrx_word' id='word_1_59' title='bbox 923 661 980 684; x_wconf 82' lang='lat' dir='ltr'>ex</span> <span class='ocrx_word' id='word_1_60' title='bbox 1010 648 1254 695; x_wconf 84' lang='lat' dir='ltr'>Hispania</span> <span class='ocrx_word' id='word_1_61' title='bbox 1280 649 1474 684; x_wconf 83' lang='lat' dir='ltr'>Romam</span> <span class='ocrx_word' id='word_1_62' title='bbox 1504 661 1643 697; x_wconf 92' lang='lat' dir='ltr'>quum</span> 
     </span>
     <span class='ocr_line' id='line_1_9' title="bbox 220 718 1643 766; baseline 0 -11"><span class='ocrx_word' id='word_1_63' title='bbox 220 719 564 764; x_wconf 88' lang='lat' dir='ltr'>revertissent,</span> <span class='ocrx_word' id='word_1_64' title='bbox 596 725 794 755; x_wconf 87' lang='lat' dir='ltr'>senatus</span> <span class='ocrx_word' id='word_1_65' title='bbox 827 719 887 755; x_wconf 92' lang='lat' dir='ltr'>iis</span> <span class='ocrx_word' id='word_1_66' title='bbox 917 732 950 754; x_wconf 62' lang='lat' dir='ltr'>a&gt;</span> <span class='ocrx_word' id='word_1_67' title='bbox 970 719 1024 754; x_wconf 91' lang='lat' dir='ltr'>M.</span> <span class='ocrx_word' id='word_1_68' title='bbox 1047 718 1235 754; x_wconf 79' lang='lat' dir='ltr'>Titinio</span> <span class='ocrx_word' id='word_1_69' title='bbox 1260 723 1472 766; x_wconf 86' lang='lat' dir='ltr'>praetore</span> <span class='ocrx_word' id='word_1_70' title='bbox 1503 720 1643 756; x_wconf 86' lang='lat' dir='ltr'>datus</span> 
     </span>
     <span class='ocr_line' id='line_1_10' title="bbox 222 788 1644 838; baseline 0 -13"><span class='ocrx_word' id='word_1_71' title='bbox 222 789 393 838; x_wconf 85' lang='lat' dir='ltr'>(opinor:</span> <span class='ocrx_word' id='word_1_72' title='bbox 441 790 581 826; x_wconf 87' lang='lat' dir='ltr'>datus</span> <span class='ocrx_word' id='word_1_73' title='bbox 627 790 713 836; x_wconf 82' lang='lat' dir='ltr'>est)</span> <span class='ocrx_word' id='word_1_74' title='bbox 758 789 804 825; x_wconf 89' lang='lat' dir='ltr'>in</span> <span class='ocrx_word' id='word_1_75' title='bbox 851 790 945 825; x_wconf 87' lang='lat' dir='ltr'>aede</span> <span class='ocrx_word' id='word_1_76' title='bbox 990 788 1207 825; x_wconf 86' lang='lat' dir='ltr'>Bellonae</span> <span class='ocrx_word' id='word_1_77' title='bbox 1244 789 1300 824; x_wconf 87' lang='lat' dir='ltr'>ad</span> <span class='ocrx_word' id='word_1_78' title='bbox 1331 789 1644 826; x_wconf 84' lang='lat' dir='ltr'>disserendas</span> 
     </span>
     <span class='ocr_line' id='line_1_11' title="bbox 220 859 1643 908; baseline -0.002 -11"><span class='ocrx_word' id='word_1_79' title='bbox 220 873 316 904; x_wconf 84' lang='lat' dir='ltr'>reS,</span> <span class='ocrx_word' id='word_1_80' title='bbox 360 873 477 908; x_wconf 84' lang='lat' dir='ltr'>quas</span> <span class='ocrx_word' id='word_1_81' title='bbox 507 860 803 908; x_wconf 77' lang='lat' dir='ltr'>gessissent,</span> <span class='ocrx_word' id='word_1_82' title='bbox 841 859 1271 908; x_wconf 81' lang='lat' dir='ltr'>postulandosque</span> <span class='ocrx_word' id='word_1_83' title='bbox 1315 860 1525 895; x_wconf 82' lang='lat' dir='ltr'>honores</span> <span class='ocrx_word' id='word_1_84' title='bbox 1556 872 1643 895; x_wconf 89' lang='lat' dir='ltr'>me-</span> 
     </span>
     <span class='ocr_line' id='line_1_12' title="bbox 220 929 1645 975; baseline -0.001 -8"><span class='ocrx_word' id='word_1_85' title='bbox 220 931 364 975; x_wconf 81' lang='lat' dir='ltr'>ritOS,</span> <span class='ocrx_word' id='word_1_86' title='bbox 396 938 443 966; x_wconf 90' lang='lat' dir='ltr'>ut</span> <span class='ocrx_word' id='word_1_87' title='bbox 474 931 548 967; x_wconf 88' lang='lat' dir='ltr'>dis</span> <span class='ocrx_word' id='word_1_88' title='bbox 579 929 1418 966; x_wconf 84' lang='lat' dir='ltr'>immortalibushabereturhonos.</span> <span class='ocrx_word' id='word_1_89' title='bbox 1477 929 1645 966; x_wconf 83' lang='lat' dir='ltr'>Etiamsi</span> 
     </span>
     <span class='ocr_line' id='line_1_13' title="bbox 223 997 1644 1049; baseline -0.002 -10"><span class='ocrx_word' id='word_1_90' title='bbox 223 1002 406 1045; x_wconf 86' lang='lat' dir='ltr'>addatur,</span> <span class='ocrx_word' id='word_1_91' title='bbox 445 1002 548 1048; x_wconf 87' lang='lat' dir='ltr'>quod</span> <span class='ocrx_word' id='word_1_92' title='bbox 580 1001 806 1039; x_wconf 84' lang='lat' dir='ltr'>Gronovius</span> <span class='ocrx_word' id='word_1_93' title='bbox 835 1000 980 1043; x_wconf 87' lang='lat' dir='ltr'>voluit,</span> <span class='ocrx_word' id='word_1_94' title='bbox 1021 1006 1062 1035; x_wconf 90' lang='lat' dir='ltr'>et</span> <span class='ocrx_word' id='word_1_95' title='bbox 1095 1000 1155 1046; x_wconf 86' lang='lat' dir='ltr'>(et</span> <span class='ocrx_word' id='word_1_96' title='bbox 1198 1006 1246 1035; x_wconf 85' lang='lat' dir='ltr'>ut</span> <span class='ocrx_word' id='word_1_97' title='bbox 1283 997 1396 1049; x_wconf 75' lang='lat' dir='ltr'>dis),</span> <span class='ocrx_word' id='word_1_98' title='bbox 1438 1000 1644 1036; x_wconf 78' lang='lat' dir='ltr'>manifesto</span> 
     </span>
     <span class='ocr_line' id='line_1_14' title="bbox 222 1070 1644 1114; baseline -0.001 -7"><span class='ocrx_word' id='word_1_99' title='bbox 222 1079 349 1108; x_wconf 88' lang='lat' dir='ltr'>tamen</span> <span class='ocrx_word' id='word_1_100' title='bbox 370 1072 512 1107; x_wconf 81' lang='lat' dir='ltr'>vitiosa</span> <span class='ocrx_word' id='word_1_101' title='bbox 546 1078 600 1107; x_wconf 90' lang='lat' dir='ltr'>est</span> <span class='ocrx_word' id='word_1_102' title='bbox 632 1073 712 1108; x_wconf 82' lang='lat' dir='ltr'>haee</span> <span class='ocrx_word' id='word_1_103' title='bbox 743 1073 988 1110; x_wconf 70' lang='lat' dir='ltr'>honorum,</span> <span class='ocrx_word' id='word_1_104' title='bbox 1024 1071 1152 1106; x_wconf 73' lang='lat' dir='ltr'>neseio</span> <span class='ocrx_word' id='word_1_105' title='bbox 1182 1070 1253 1114; x_wconf 81' lang='lat' dir='ltr'>oui,</span> <span class='ocrx_word' id='word_1_106' title='bbox 1285 1077 1322 1106; x_wconf 82' lang='lat' dir='ltr'>et</span> <span class='ocrx_word' id='word_1_107' title='bbox 1351 1071 1554 1107; x_wconf 89' lang='lat' dir='ltr'>honoris</span> <span class='ocrx_word' id='word_1_108' title='bbox 1586 1070 1644 1106; x_wconf 89' lang='lat' dir='ltr'>dis</span> 
     </span>
     <span class='ocr_line' id='line_1_15' title="bbox 222 1140 1645 1191; baseline -0.001 -13"><span class='ocrx_word' id='word_1_109' title='bbox 222 1142 390 1178; x_wconf 84' lang='lat' dir='ltr'>habendi</span> <span class='ocrx_word' id='word_1_110' title='bbox 421 1142 638 1179; x_wconf 79' lang='lat' dir='ltr'>coniunctio</span> <span class='ocrx_word' id='word_1_111' title='bbox 670 1149 910 1191; x_wconf 82' lang='lat' dir='ltr'>augeturque</span> <span class='ocrx_word' id='word_1_112' title='bbox 939 1141 1074 1176; x_wconf 82' lang='lat' dir='ltr'>vitium</span> <span class='ocrx_word' id='word_1_113' title='bbox 1107 1141 1237 1176; x_wconf 82' lang='lat' dir='ltr'>addito</span> <span class='ocrx_word' id='word_1_114' title='bbox 1269 1141 1487 1185; x_wconf 81' lang='lat' dir='ltr'>meritos,</span> <span class='ocrx_word' id='word_1_115' title='bbox 1533 1140 1645 1188; x_wconf 85' lang='lat' dir='ltr'>quasi</span> 
     </span>
     <span class='ocr_line' id='line_1_16' title="bbox 222 1210 1645 1258; baseline -0.001 -10"><span class='ocrx_word' id='word_1_116' title='bbox 222 1212 279 1248; x_wconf 89' lang='lat' dir='ltr'>dis</span> <span class='ocrx_word' id='word_1_117' title='bbox 309 1212 500 1249; x_wconf 88' lang='lat' dir='ltr'>immerito</span> <span class='ocrx_word' id='word_1_118' title='bbox 538 1213 739 1248; x_wconf 84' lang='lat' dir='ltr'>habendus</span> <span class='ocrx_word' id='word_1_119' title='bbox 778 1213 902 1248; x_wconf 88' lang='lat' dir='ltr'>honos</span> <span class='ocrx_word' id='word_1_120' title='bbox 940 1212 999 1246; x_wconf 85' lang='lat' dir='ltr'>sit.</span> <span class='ocrx_word' id='word_1_121' title='bbox 1066 1211 1226 1255; x_wconf 78' lang='lat' dir='ltr'>Dicent,</span> <span class='ocrx_word' id='word_1_122' title='bbox 1265 1211 1296 1246; x_wconf 92' lang='lat' dir='ltr'>si</span> <span class='ocrx_word' id='word_1_123' title='bbox 1338 1211 1403 1258; x_wconf 91' lang='lat' dir='ltr'>qui</span> <span class='ocrx_word' id='word_1_124' title='bbox 1440 1210 1645 1247; x_wconf 86' lang='lat' dir='ltr'>defendere</span> 
     </span>
     <span class='ocr_line' id='line_1_17' title="bbox 224 1281 1644 1329; baseline -0.001 -11"><span class='ocrx_word' id='word_1_125' title='bbox 224 1283 376 1323; x_wconf 80' lang='lat' dir='ltr'>volent,</span> <span class='ocrx_word' id='word_1_126' title='bbox 413 1282 569 1318; x_wconf 87' lang='lat' dir='ltr'>meritos</span> <span class='ocrx_word' id='word_1_127' title='bbox 602 1282 687 1317; x_wconf 87' lang='lat' dir='ltr'>illos</span> <span class='ocrx_word' id='word_1_128' title='bbox 725 1283 892 1317; x_wconf 83' lang='lat' dir='ltr'>honores</span> <span class='ocrx_word' id='word_1_129' title='bbox 921 1281 1157 1329; x_wconf 87' lang='lat' dir='ltr'>triumphum</span> <span class='ocrx_word' id='word_1_130' title='bbox 1196 1281 1375 1329; x_wconf 87' lang='lat' dir='ltr'>intelligi,</span> <span class='ocrx_word' id='word_1_131' title='bbox 1422 1294 1534 1329; x_wconf 91' lang='lat' dir='ltr'>quem</span> <span class='ocrx_word' id='word_1_132' title='bbox 1572 1281 1644 1317; x_wconf 84' lang='lat' dir='ltr'>sibi</span> 
     </span>
     <span class='ocr_line' id='line_1_18' title="bbox 223 1351 1645 1400; baseline -0.001 -13"><span class='ocrx_word' id='word_1_133' title='bbox 223 1352 375 1389; x_wconf 83' lang='lat' dir='ltr'>decerni</span> <span class='ocrx_word' id='word_1_134' title='bbox 416 1352 669 1400; x_wconf 86' lang='lat' dir='ltr'>imperatores</span> <span class='ocrx_word' id='word_1_135' title='bbox 711 1351 957 1400; x_wconf 74' lang='lat' dir='ltr'>postularint,</span> <span class='ocrx_word' id='word_1_136' title='bbox 1025 1351 1173 1387; x_wconf 76' lang='lat' dir='ltr'>Verum</span> <span class='ocrx_word' id='word_1_137' title='bbox 1207 1364 1402 1399; x_wconf 85' lang='lat' dir='ltr'>nunquam</span> <span class='ocrx_word' id='word_1_138' title='bbox 1435 1351 1473 1386; x_wconf 90' lang='lat' dir='ltr'>in</span> <span class='ocrx_word' id='word_1_139' title='bbox 1503 1351 1570 1387; x_wconf 83' lang='lat' dir='ltr'>illa</span> <span class='ocrx_word' id='word_1_140' title='bbox 1602 1364 1645 1387; x_wconf 88' lang='lat' dir='ltr'>re</span> 
     </span>
     <span class='ocr_line' id='line_1_19' title="bbox 218 1421 1641 1470; baseline -0.001 -12"><span class='ocrx_word' id='word_1_141' title='bbox 218 1422 443 1463; x_wconf 76' lang='lat' dir='ltr'>honoris,</span> <span class='ocrx_word' id='word_1_142' title='bbox 489 1422 627 1457; x_wconf 88' lang='lat' dir='ltr'>nedum</span> <span class='ocrx_word' id='word_1_143' title='bbox 674 1423 932 1466; x_wconf 87' lang='lat' dir='ltr'>honorum,</span> <span class='ocrx_word' id='word_1_144' title='bbox 971 1422 1194 1470; x_wconf 85' lang='lat' dir='ltr'>postulatio,</span> <span class='ocrx_word' id='word_1_145' title='bbox 1224 1421 1436 1469; x_wconf 86' lang='lat' dir='ltr'>praesertim</span> <span class='ocrx_word' id='word_1_146' title='bbox 1469 1421 1517 1457; x_wconf 86' lang='lat' dir='ltr'>ab</span> <span class='ocrx_word' id='word_1_147' title='bbox 1550 1421 1641 1457; x_wconf 90' lang='lat' dir='ltr'>deo-</span> 
     </span>
     <span class='ocr_line' id='line_1_20' title="bbox 217 1490 1642 1539; baseline -0.001 -11"><span class='ocrx_word' id='word_1_148' title='bbox 217 1505 301 1528; x_wconf 86' lang='lat' dir='ltr'>rum</span> <span class='ocrx_word' id='word_1_149' title='bbox 334 1493 480 1528; x_wconf 87' lang='lat' dir='ltr'>honore</span> <span class='ocrx_word' id='word_1_150' title='bbox 510 1490 702 1539; x_wconf 85' lang='lat' dir='ltr'>separati,</span> <span class='ocrx_word' id='word_1_151' title='bbox 740 1499 1083 1536; x_wconf 57' lang='lat' dir='ltr'>commemoratum</span> <span class='ocrx_word' id='word_1_152' title='bbox 1124 1504 1193 1528; x_wconf 85' lang='lat' dir='ltr'>nee</span> <span class='ocrx_word' id='word_1_153' title='bbox 1232 1492 1364 1527; x_wconf 83' lang='lat' dir='ltr'>Livius</span> <span class='ocrx_word' id='word_1_154' title='bbox 1395 1490 1448 1527; x_wconf 83' lang='lat' dir='ltr'>sie</span> <span class='ocrx_word' id='word_1_155' title='bbox 1479 1491 1642 1539; x_wconf 85' lang='lat' dir='ltr'>scriptu-</span> 
     </span>
     <span class='ocr_line' id='line_1_21' title="bbox 218 1561 1643 1612; baseline -0.001 -13"><span class='ocrx_word' id='word_1_156' title='bbox 218 1576 282 1599; x_wconf 90' lang='lat' dir='ltr'>rus</span> <span class='ocrx_word' id='word_1_157' title='bbox 313 1570 406 1607; x_wconf 77' lang='lat' dir='ltr'>erat,</span> <span class='ocrx_word' id='word_1_158' title='bbox 437 1568 478 1597; x_wconf 87' lang='lat' dir='ltr'>ut</span> <span class='ocrx_word' id='word_1_159' title='bbox 508 1561 636 1609; x_wconf 84' lang='lat' dir='ltr'>priore</span> <span class='ocrx_word' id='word_1_160' title='bbox 668 1561 754 1596; x_wconf 79' lang='grc'>1000</span> <span class='ocrx_word' id='word_1_161' title='bbox 786 1562 953 1598; x_wconf 82' lang='lat' dir='ltr'>honores</span> <span class='ocrx_word' id='word_1_162' title='bbox 988 1561 1185 1612; x_wconf 83' lang='lat' dir='ltr'>(meritos)</span> <span class='ocrx_word' id='word_1_163' title='bbox 1217 1561 1436 1597; x_wconf 89' lang='lat' dir='ltr'>hominibus</span> <span class='ocrx_word' id='word_1_164' title='bbox 1470 1562 1643 1609; x_wconf 86' lang='lat' dir='ltr'>postula-</span> 
     </span>
     <span class='ocr_line' id='line_1_22' title="bbox 218 1631 1642 1678; baseline -0.001 -10"><span class='ocrx_word' id='word_1_165' title='bbox 218 1639 290 1676; x_wconf 89' lang='lat' dir='ltr'>tos,</span> <span class='ocrx_word' id='word_1_166' title='bbox 322 1632 443 1667; x_wconf 89' lang='lat' dir='ltr'>altero</span> <span class='ocrx_word' id='word_1_167' title='bbox 473 1631 659 1667; x_wconf 87' lang='lat' dir='ltr'>honorem</span> <span class='ocrx_word' id='word_1_168' title='bbox 693 1631 750 1667; x_wconf 88' lang='lat' dir='ltr'>dis</span> <span class='ocrx_word' id='word_1_169' title='bbox 783 1634 1003 1669; x_wconf 87' lang='lat' dir='ltr'>habendum</span> <span class='ocrx_word' id='word_1_170' title='bbox 1035 1632 1262 1669; x_wconf 86' lang='lat' dir='ltr'>nominaret.</span> <span class='ocrx_word' id='word_1_171' title='bbox 1337 1631 1432 1678; x_wconf 80' lang='lat' dir='ltr'>Quae</span> <span class='ocrx_word' id='word_1_172' title='bbox 1463 1631 1511 1667; x_wconf 88' lang='lat' dir='ltr'>sit</span> <span class='ocrx_word' id='word_1_173' title='bbox 1541 1631 1642 1667; x_wconf 87' lang='lat' dir='ltr'>Livii</span> 
     </span>
     <span class='ocr_line' id='line_1_23' title="bbox 218 1701 1644 1751; baseline 0.001 -14"><span class='ocrx_word' id='word_1_174' title='bbox 218 1702 256 1738; x_wconf 87' lang='lat' dir='ltr'>in</span> <span class='ocrx_word' id='word_1_175' title='bbox 286 1702 483 1738; x_wconf 89' lang='lat' dir='ltr'>honoris</span> <span class='ocrx_word' id='word_1_176' title='bbox 514 1701 669 1737; x_wconf 89' lang='lat' dir='ltr'>nomine</span> <span class='ocrx_word' id='word_1_177' title='bbox 699 1702 746 1737; x_wconf 85' lang='lat' dir='ltr'>do</span> <span class='ocrx_word' id='word_1_178' title='bbox 777 1703 849 1739; x_wconf 87' lang='grc' dir='ltr'>11υο</span> <span class='ocrx_word' id='word_1_179' title='bbox 870 1715 1010 1751; x_wconf 80' lang='lat' dir='ltr'>genere</span> <span class='ocrx_word' id='word_1_180' title='bbox 1043 1715 1169 1739; x_wconf 86' lang='lat' dir='ltr'>rerum</span> <span class='ocrx_word' id='word_1_181' title='bbox 1192 1702 1371 1750; x_wconf 83' lang='lat' dir='ltr'>ponendo</span> <span class='ocrx_word' id='word_1_182' title='bbox 1391 1702 1644 1746; x_wconf 69' lang='lat' dir='ltr'>consuetudo,</span> 
     </span>
     <span class='ocr_line' id='line_1_24' title="bbox 218 1772 1642 1822; baseline -0.001 -13"><span class='ocrx_word' id='word_1_183' title='bbox 218 1773 383 1822; x_wconf 78' lang='lat' dir='ltr'>perspici</span> <span class='ocrx_word' id='word_1_184' title='bbox 425 1772 567 1821; x_wconf 84' lang='lat' dir='ltr'>poterit</span> <span class='ocrx_word' id='word_1_185' title='bbox 609 1784 656 1806; x_wconf 83' lang='lat' dir='ltr'>ex</span> <span class='ocrx_word' id='word_1_186' title='bbox 697 1772 809 1807; x_wconf 89' lang='lat' dir='ltr'>huius</span> <span class='ocrx_word' id='word_1_187' title='bbox 856 1773 942 1808; x_wconf 82' lang='lat' dir='ltr'>libri</span> <span class='ocrx_word' id='word_1_188' title='bbox 977 1785 1008 1808; x_wconf 83' lang='grc'>0.</span> <span class='ocrx_word' id='word_1_189' title='bbox 1054 1775 1114 1817; x_wconf 88' lang='grc'>17,</span> <span class='ocrx_word' id='word_1_190' title='bbox 1157 1776 1193 1815; x_wconf 71' lang='lat'>3,</span> <span class='ocrx_word' id='word_1_191' title='bbox 1232 1785 1279 1808; x_wconf 83' lang='lat' dir='ltr'>ex</span> <span class='ocrx_word' id='word_1_192' title='bbox 1312 1772 1474 1814; x_wconf 75' lang='lat' dir='ltr'>XXVI,</span> <span class='ocrx_word' id='word_1_193' title='bbox 1509 1773 1572 1816; x_wconf 71' lang='lat'>21,</span> <span class='ocrx_word' id='word_1_194' title='bbox 1607 1775 1642 1816; x_wconf 82' lang='lat'>3,</span> 
     </span>
     <span class='ocr_line' id='line_1_25' title="bbox 219 1843 1644 1888; baseline 0 -10"><span class='ocrx_word' id='word_1_195' title='bbox 219 1843 424 1887; x_wconf 84' lang='lat' dir='ltr'>XXVIII,</span> <span class='ocrx_word' id='word_1_196' title='bbox 458 1844 494 1887; x_wconf 80' lang='grc'>9,</span> <span class='ocrx_word' id='word_1_197' title='bbox 529 1846 547 1878; x_wconf 87' lang='grc'>7</span> <span class='ocrx_word' id='word_1_198' title='bbox 591 1846 654 1888; x_wconf 85' lang='lat' dir='ltr'>(ut</span> <span class='ocrx_word' id='word_1_199' title='bbox 692 1843 761 1878; x_wconf 83' lang='lat' dir='ltr'>dis</span> <span class='ocrx_word' id='word_1_200' title='bbox 793 1843 1156 1879; x_wconf 81' lang='lat' dir='ltr'>immortalibus</span> <span class='ocrx_word' id='word_1_201' title='bbox 1199 1843 1461 1879; x_wconf 84' lang='lat' dir='ltr'>haberetur</span> <span class='ocrx_word' id='word_1_202' title='bbox 1490 1843 1644 1878; x_wconf 89' lang='lat' dir='ltr'>honos</span> 
     </span>
     <span class='ocr_line' id='line_1_26' title="bbox 219 1912 1643 1961; baseline 0 -13"><span class='ocrx_word' id='word_1_203' title='bbox 219 1919 262 1949; x_wconf 88' lang='lat' dir='ltr'>et</span> <span class='ocrx_word' id='word_1_204' title='bbox 291 1913 411 1961; x_wconf 92' lang='lat' dir='ltr'>ipsis</span> <span class='ocrx_word' id='word_1_205' title='bbox 433 1913 852 1961; x_wconf 81' lang='lat' dir='ltr'>triumphantibus</span> <span class='ocrx_word' id='word_1_206' title='bbox 875 1914 1037 1949; x_wconf 89' lang='lat' dir='ltr'>urbem</span> <span class='ocrx_word' id='word_1_207' title='bbox 1061 1913 1187 1949; x_wconf 89' lang='lat' dir='ltr'>inire</span> <span class='ocrx_word' id='word_1_208' title='bbox 1210 1912 1412 1960; x_wconf 77' lang='lat' dir='ltr'>liceret),</span> <span class='ocrx_word' id='word_1_209' title='bbox 1434 1912 1643 1956; x_wconf 78' lang='lat' dir='ltr'>XXXIII,</span> 
     </span>
     <span class='ocr_line' id='line_1_27' title="bbox 220 1983 1644 2031; baseline -0.001 -12"><span class='ocrx_word' id='word_1_210' title='bbox 220 1985 284 2028; x_wconf 76' lang='lat'>22,</span> <span class='ocrx_word' id='word_1_211' title='bbox 318 1987 338 2019; x_wconf 83' lang='lat'>5</span> <span class='ocrx_word' id='word_1_212' title='bbox 377 1986 488 2027; x_wconf 79' lang='lat' dir='ltr'>(non</span> <span class='ocrx_word' id='word_1_213' title='bbox 519 1984 670 2031; x_wconf 85' lang='lat' dir='ltr'>magis</span> <span class='ocrx_word' id='word_1_214' title='bbox 697 1984 750 2019; x_wconf 85' lang='lat' dir='ltr'>do</span> <span class='ocrx_word' id='word_1_215' title='bbox 780 1984 1028 2031; x_wconf 88' lang='lat' dir='ltr'>triumpho</span> <span class='ocrx_word' id='word_1_216' title='bbox 1059 1983 1159 2019; x_wconf 88' lang='lat' dir='ltr'>eius</span> <span class='ocrx_word' id='word_1_217' title='bbox 1192 1996 1331 2031; x_wconf 85' lang='lat' dir='ltr'>quam</span> <span class='ocrx_word' id='word_1_218' title='bbox 1373 1983 1426 2018; x_wconf 83' lang='lat' dir='ltr'>de</span> <span class='ocrx_word' id='word_1_219' title='bbox 1461 1983 1644 2019; x_wconf 86' lang='lat' dir='ltr'>honore</span> 
     </span>
     <span class='ocr_line' id='line_1_28' title="bbox 219 2053 1642 2099; baseline 0 -10"><span class='ocrx_word' id='word_1_220' title='bbox 219 2054 289 2089; x_wconf 84' lang='lat' dir='ltr'>dis</span> <span class='ocrx_word' id='word_1_221' title='bbox 328 2053 687 2090; x_wconf 84' lang='lat' dir='ltr'>immortalibus</span> <span class='ocrx_word' id='word_1_222' title='bbox 726 2054 950 2090; x_wconf 82' lang='lat' dir='ltr'>habendo</span> <span class='ocrx_word' id='word_1_223' title='bbox 994 2053 1256 2099; x_wconf 78' lang='lat' dir='ltr'>dubitari).</span> <span class='ocrx_word' id='word_1_224' title='bbox 1300 2054 1493 2097; x_wconf 84' lang='lat' dir='ltr'>XXXV,</span> <span class='ocrx_word' id='word_1_225' title='bbox 1534 2055 1578 2095; x_wconf 85' lang='grc'>8,</span> <span class='ocrx_word' id='word_1_226' title='bbox 1620 2053 1642 2089; x_wconf 85' lang='grc'><strong>3</strong></span> 
     </span>
     <span class='ocr_line' id='line_1_29' title="bbox 220 2122 1643 2171; baseline -0.001 -12"><span class='ocrx_word' id='word_1_227' title='bbox 220 2126 434 2171; x_wconf 86' lang='lat' dir='ltr'>(questus</span> <span class='ocrx_word' id='word_1_228' title='bbox 466 2130 536 2159; x_wconf 91' lang='lat' dir='ltr'>est</span> <span class='ocrx_word' id='word_1_229' title='bbox 584 2152 648 2168; x_wconf 83' lang='lat'>..,</span> <span class='ocrx_word' id='word_1_230' title='bbox 681 2124 806 2171; x_wconf 89' lang='lat' dir='ltr'>quod</span> <span class='ocrx_word' id='word_1_231' title='bbox 950 2135 1041 2158; x_wconf 93' lang='lat' dir='ltr'>non</span> <span class='ocrx_word' id='word_1_232' title='bbox 1074 2130 1201 2159; x_wconf 88' lang='lat' dir='ltr'>esset</span> <span class='ocrx_word' id='word_1_233' title='bbox 1232 2123 1427 2159; x_wconf 87' lang='lat' dir='ltr'>habitus</span> <span class='ocrx_word' id='word_1_234' title='bbox 1459 2123 1535 2158; x_wconf 88' lang='lat' dir='ltr'>dis</span> <span class='ocrx_word' id='word_1_235' title='bbox 1565 2122 1643 2158; x_wconf 88' lang='lat' dir='ltr'>im-</span> 
     </span>
     <span class='ocr_line' id='line_1_30' title="bbox 219 2192 1642 2243; baseline 0 -15"><span class='ocrx_word' id='word_1_236' title='bbox 219 2193 510 2229; x_wconf 77' lang='lat' dir='ltr'>mortalibus</span> <span class='ocrx_word' id='word_1_237' title='bbox 541 2194 713 2239; x_wconf 68' lang='lat' dir='ltr'>honos,</span> <span class='ocrx_word' id='word_1_238' title='bbox 754 2194 1032 2243; x_wconf 83' lang='lat' dir='ltr'>postulavit</span> <span class='ocrx_word' id='word_1_239' title='bbox 1063 2194 1258 2238; x_wconf 87' lang='lat' dir='ltr'>deinde,</span> <span class='ocrx_word' id='word_1_240' title='bbox 1304 2201 1353 2230; x_wconf 89' lang='lat' dir='ltr'>ut</span> <span class='ocrx_word' id='word_1_241' title='bbox 1392 2192 1642 2241; x_wconf 85' lang='lat' dir='ltr'>supplica-</span> 
     </span>
     <span class='ocr_line' id='line_1_31' title="bbox 218 2262 1643 2312; baseline -0.001 -14"><span class='ocrx_word' id='word_1_242' title='bbox 218 2264 392 2299; x_wconf 85' lang='lat' dir='ltr'>tionem</span> <span class='ocrx_word' id='word_1_243' title='bbox 423 2264 569 2299; x_wconf 88' lang='lat' dir='ltr'>simul</span> <span class='ocrx_word' id='word_1_244' title='bbox 600 2264 992 2312; x_wconf 87' lang='lat' dir='ltr'>triumphumque</span> <span class='ocrx_word' id='word_1_245' title='bbox 1021 2263 1372 2312; x_wconf 69' lang='lat' dir='ltr'>decernerent),</span> <span class='ocrx_word' id='word_1_246' title='bbox 1393 2262 1643 2305; x_wconf 83' lang='lat' dir='ltr'>XXXVIII,</span> 
     </span>
     <span class='ocr_line' id='line_1_32' title="bbox 220 2333 1643 2380; baseline 0 -11"><span class='ocrx_word' id='word_1_247' title='bbox 220 2336 284 2375; x_wconf 70' lang='lat'>44,</span> <span class='ocrx_word' id='word_1_248' title='bbox 323 2336 382 2373; x_wconf 70' lang='lat'>10,</span> <span class='ocrx_word' id='word_1_249' title='bbox 412 2334 490 2370; x_wconf 85' lang='lat' dir='ltr'>ibd.</span> <span class='ocrx_word' id='word_1_250' title='bbox 524 2336 587 2378; x_wconf 68' lang='lat'>48,</span> <span class='ocrx_word' id='word_1_251' title='bbox 627 2338 694 2379; x_wconf 80' lang='grc'>16,</span> <span class='ocrx_word' id='word_1_252' title='bbox 740 2334 948 2377; x_wconf 85' lang='lat' dir='ltr'>XXXIX,</span> <span class='ocrx_word' id='word_1_253' title='bbox 986 2336 1022 2377; x_wconf 73' lang='lat'>4,</span> <span class='ocrx_word' id='word_1_254' title='bbox 1055 2335 1075 2368; x_wconf 79' lang='lat'>2</span> <span class='ocrx_word' id='word_1_255' title='bbox 1110 2340 1146 2369; x_wconf 87' lang='lat' dir='ltr'>et</span> <span class='ocrx_word' id='word_1_256' title='bbox 1181 2335 1217 2378; x_wconf 89' lang='grc'>6,</span> <span class='ocrx_word' id='word_1_257' title='bbox 1248 2333 1325 2372; x_wconf 87' lang='lat' dir='ltr'>ibd.</span> <span class='ocrx_word' id='word_1_258' title='bbox 1360 2335 1423 2378; x_wconf 63' lang='lat'>38,</span> <span class='ocrx_word' id='word_1_259' title='bbox 1457 2336 1493 2369; x_wconf 81' lang='lat'>5.</span> <span class='ocrx_word' id='word_1_260' title='bbox 1557 2334 1643 2380; x_wconf 88' lang='lat' dir='ltr'>Ap-</span> 
     </span>
     <span class='ocr_line' id='line_1_33' title="bbox 218 2402 1641 2452; baseline -0.001 -14"><span class='ocrx_word' id='word_1_261' title='bbox 218 2404 367 2451; x_wconf 82' lang='lat' dir='ltr'>parebit</span> <span class='ocrx_word' id='word_1_262' title='bbox 404 2404 474 2438; x_wconf 89' lang='lat' dir='ltr'>hos</span> <span class='ocrx_word' id='word_1_263' title='bbox 526 2403 631 2439; x_wconf 83' lang='lat' dir='ltr'>locos</span> <span class='ocrx_word' id='word_1_264' title='bbox 677 2404 946 2452; x_wconf 80' lang='lat' dir='ltr'>perlustranti,</span> <span class='ocrx_word' id='word_1_265' title='bbox 1001 2403 1159 2439; x_wconf 85' lang='lat' dir='ltr'>honoris</span> <span class='ocrx_word' id='word_1_266' title='bbox 1203 2403 1369 2438; x_wconf 85' lang='lat' dir='ltr'>habendi</span> <span class='ocrx_word' id='word_1_267' title='bbox 1410 2402 1641 2438; x_wconf 81' lang='lat' dir='ltr'>mentionem</span> 
     </span>
     <span class='ocr_line' id='line_1_34' title="bbox 219 2472 1643 2522; baseline -0.001 -14"><span class='ocrx_word' id='word_1_268' title='bbox 219 2485 370 2520; x_wconf 82' lang='lat' dir='ltr'>semper</span> <span class='ocrx_word' id='word_1_269' title='bbox 400 2473 450 2508; x_wconf 87' lang='lat' dir='ltr'>ad</span> <span class='ocrx_word' id='word_1_270' title='bbox 480 2472 572 2509; x_wconf 86' lang='lat' dir='ltr'>deos</span> <span class='ocrx_word' id='word_1_271' title='bbox 607 2481 643 2510; x_wconf 86' lang='lat' dir='ltr'>et</span> <span class='ocrx_word' id='word_1_272' title='bbox 675 2475 723 2510; x_wconf 85' lang='lat' dir='ltr'>ad</span> <span class='ocrx_word' id='word_1_273' title='bbox 755 2473 1074 2522; x_wconf 76' lang='lat' dir='ltr'>supplicationem</span> <span class='ocrx_word' id='word_1_274' title='bbox 1105 2473 1307 2521; x_wconf 83' lang='lat' dir='ltr'>pertinere,</span> <span class='ocrx_word' id='word_1_275' title='bbox 1340 2472 1406 2508; x_wconf 87' lang='lat' dir='ltr'>ubi</span> <span class='ocrx_word' id='word_1_276' title='bbox 1437 2478 1564 2507; x_wconf 86' lang='lat' dir='ltr'>autem</span> <span class='ocrx_word' id='word_1_277' title='bbox 1596 2472 1643 2507; x_wconf 89' lang='lat' dir='ltr'>de</span> 
     </span>
     <span class='ocr_line' id='line_1_35' title="bbox 219 2542 1642 2592; baseline -0.001 -14"><span class='ocrx_word' id='word_1_278' title='bbox 219 2543 410 2590; x_wconf 89' lang='lat' dir='ltr'>triumpho</span> <span class='ocrx_word' id='word_1_279' title='bbox 443 2550 593 2589; x_wconf 79' lang='lat' dir='ltr'>agatur,</span> <span class='ocrx_word' id='word_1_280' title='bbox 625 2556 710 2579; x_wconf 85' lang='lat' dir='ltr'>eam</span> <span class='ocrx_word' id='word_1_281' title='bbox 738 2544 842 2592; x_wconf 83' lang='lat' dir='ltr'>poni,</span> <span class='ocrx_word' id='word_1_282' title='bbox 887 2544 989 2590; x_wconf 86' lang='lat' dir='ltr'>quod</span> <span class='ocrx_word' id='word_1_283' title='bbox 1019 2543 1056 2578; x_wconf 87' lang='lat' dir='ltr'>in</span> <span class='ocrx_word' id='word_1_284' title='bbox 1089 2543 1284 2590; x_wconf 88' lang='lat' dir='ltr'>triumpho</span> <span class='ocrx_word' id='word_1_285' title='bbox 1316 2542 1431 2577; x_wconf 86' lang='lat' dir='ltr'>etiam</span> <span class='ocrx_word' id='word_1_286' title='bbox 1463 2542 1520 2577; x_wconf 89' lang='lat' dir='ltr'>dis</span> <span class='ocrx_word' id='word_1_287' title='bbox 1553 2554 1642 2590; x_wconf 88' lang='lat' dir='ltr'>sup-</span> 
     </span>
    </p>
   </div>
   <div class='ocr_carea' id='block_1_3' title="bbox 219 2611 1642 2661">
    <p class='ocr_par' dir='ltr' id='par_1_4' title="bbox 219 2611 1642 2661">
     <span class='ocr_line' id='line_1_36' title="bbox 219 2611 1642 2661; baseline -0.001 -13"><span class='ocrx_word' id='word_1_288' title='bbox 219 2613 449 2661; x_wconf 79' lang='lat' dir='ltr'>plicaretur,</span> <span class='ocrx_word' id='word_1_289' title='bbox 508 2611 629 2647; x_wconf 83' lang='lat' dir='ltr'>altero</span> <span class='ocrx_word' id='word_1_290' title='bbox 684 2612 770 2648; x_wconf 88' lang='lat' dir='ltr'>loco</span> <span class='ocrx_word' id='word_1_291' title='bbox 825 2612 931 2661; x_wconf 82' lang='lat' dir='ltr'>ipsus</span> <span class='ocrx_word' id='word_1_292' title='bbox 976 2612 1158 2660; x_wconf 87' lang='lat' dir='ltr'>triumphi</span> <span class='ocrx_word' id='word_1_293' title='bbox 1202 2612 1425 2660; x_wconf 82' lang='lat' dir='ltr'>petitionem</span> <span class='ocrx_word' id='word_1_294' title='bbox 1473 2611 1642 2659; x_wconf 85' lang='lat' dir='ltr'>adiungi.</span> 
     </span>
    </p>
   </div>
  </div>
 </body>
</html>
