1811 2925
836 133 857 165 4
864 131 886 165 9
893 133 913 166 5
1395 128 1470 159 Lib.
1496 127 1587 160 XLI.

167 250 291 286 Paulo
325 262 443 298 supra
474 253 511 295 (ἓ
545 252 586 291 3)
618 250 777 286 ridicule
811 250 1028 299 appellatur
1070 251 1214 286 turba
1256 251 1386 287 inter
1426 256 1590 286 castra

165 327 210 357 et
239 333 370 356 mare
413 321 750 364 mercantium,
788 321 863 357 loci
902 321 1095 357 mentione
1135 321 1264 369 inepte
1306 321 1355 357 ad
1395 320 1590 356 mercandi

165 391 324 427 verbum
357 391 557 435 adiuncta3
590 404 659 427 nec
690 392 744 427 sic
775 396 1052 427 mercantes
1091 391 1267 427 absolute
1298 391 1494 434 dicuntur,
1525 390 1590 437 qui

166 467 296 497 emunt
328 462 586 510 venduntque.
658 463 802 498 Forum
843 461 969 510 ipsum
1009 462 1057 497 ad
1089 474 1195 498 mare
1221 462 1267 498 in
1296 467 1442 509 portu
1473 459 1590 496 fuisse

166 532 300 568 Livius
330 532 426 568 dixit
460 544 490 569 c,
530 537 560 575 1,
596 536 631 571 6.
699 532 806 568 Inter
850 545 957 568 mare
995 539 1032 568 et
1073 538 1202 569 castra
1232 532 1346 568 turba
1376 537 1459 566 erat
1489 530 1590 566 ultro

165 603 339 650 citroque
379 603 766 640 commeantium.
855 603 900 639 Id
940 603 1099 638 verbum
1142 601 1345 639 Gronovio
1386 601 1424 637 in
1465 601 1590 649 prima

166 679 344 709 notarum
387 673 551 709 editione
593 679 814 710 occurrerat
851 673 1112 720 debueratque
1155 674 1287 712 teneri.
1347 672 1472 708 Paulo
1502 677 1590 720 post

169 742 203 791 (ξ
236 744 277 791 9)
323 744 376 780 Μ.
408 744 595 780 Licinium
640 744 837 781 Stolonem
869 756 946 780 non
976 750 1071 792 puto
1105 755 1190 779 cum
1232 743 1353 779 tribus
1384 742 1503 791 signis
1533 743 1590 778 ab

166 813 362 861 legione
400 826 485 851 sua
515 816 616 863 (quae
645 815 730 862 ipsa
761 827 792 851 c.
830 818 861 858 1,
896 817 915 851 7
949 814 1033 858 via,
1064 826 1149 862 quae
1178 814 1401 862 Aquileiam
1430 813 1590 858 ferebat,

167 884 305 920 educta
335 884 530 931 narratur)
564 884 738 921 relictum
772 898 795 921 a
813 885 924 921 Livio
957 885 1099 920 dictum
1129 897 1225 929 esse,
1256 885 1322 920 sed
1354 897 1439 921 cum
1469 884 1590 921 tribus

166 955 286 1003 signis
318 969 336 990 e
367 955 562 1003 legione
599 968 698 993 sua.

281 1025 375 1074 Cap.
410 1028 445 1070 3,
478 1030 499 1061 4
533 1025 596 1073 (de
627 1026 761 1062 eadem
794 1026 922 1075 fuga):
965 1033 1128 1062 cetera
1160 1025 1397 1062 deformis
1428 1025 1591 1067 turba,

167 1096 297 1132 velut
328 1096 534 1133 lixarum
567 1097 907 1145 calonumque,
953 1098 1113 1145 praeda
1155 1110 1267 1133 vere
1315 1095 1503 1142 futura,
1552 1094 1591 1130 si

169 1166 284 1203 belli
314 1167 480 1203 hostes
515 1167 858 1203 meminissent
927 1168 1066 1215 Neque
1094 1168 1235 1216 speciei
1265 1174 1300 1203 et
1331 1166 1504 1203 veritatis
1531 1165 1592 1202 hio

170 1237 247 1273 ulla
301 1243 359 1274 est
403 1237 595 1274 distinctio
641 1250 765 1285 neque
817 1251 928 1274 vere
972 1251 1042 1286 pro
1089 1238 1213 1274 haud
1258 1237 1401 1273 dubie
1445 1236 1591 1274 dicitur.

171 1307 307 1356 (Recte
329 1307 467 1344 dicitur
495 1308 656 1356 praeda
685 1309 850 1344 verius
883 1321 1019 1356 quam
1056 1309 1336 1357 praesidium
1368 1314 1405 1344 et
1425 1306 1592 1353 similia.)

171 1378 423 1416 Seribendum
460 1385 536 1416 est:
576 1380 737 1427 praeda
774 1379 879 1415 fere
915 1378 1092 1416 futura.
1163 1379 1318 1414 Paucos
1357 1378 1489 1414 Livius
1529 1383 1595 1413 aut

169 1455 408 1498 pugnaturos
440 1456 505 1485 aut
536 1462 722 1485 evasuros
752 1448 871 1485 fuisse
902 1446 1148 1497 significat.¹)
1210 1449 1336 1485 Paulo
1365 1455 1454 1497 post
1485 1448 1520 1494 (ξ
1554 1449 1593 1496 6)

170 1520 345 1568 suspicor
374 1520 526 1556 Livium
559 1520 780 1568 scripsisse:
820 1519 1028 1556 Tribuni
1068 1520 1254 1556 milites
1291 1518 1450 1555 tertiae
1479 1518 1594 1566 legi-

172 1590 277 1626 onis
321 1590 549 1638 pabulum
590 1591 824 1638 lignaque
869 1591 1118 1638 proiicere
1157 1590 1345 1634 iubent3
1385 1588 1595 1625 centuri-

171 1661 344 1697 onibus
375 1661 621 1709 imperant
652 1667 722 1699 cet.
770 1661 900 1708 Vulgo
933 1660 1357 1697 scribitur:Tribuni
1387 1660 1594 1696 militum

171 1731 329 1766 tertiae
368 1730 603 1779 legioniS,
647 1732 892 1777 accusativo,
948 1732 1012 1780 qui
1048 1731 1262 1780 praesertim
1303 1731 1517 1767 contrarius
1548 1730 1597 1766 sit

171 1800 513 1836 centurionum
544 1801 711 1847 nomini,
753 1802 846 1838 dure
880 1802 1035 1841 omisso.
1103 1802 1286 1850 Sequitur
1320 1803 1354 1849 (ξ
1388 1805 1423 1841 7,
1454 1802 1500 1837 de
1530 1801 1597 1836 tri—

170 1871 281 1907 bunis
327 1871 461 1907 iisdem
500 1872 638 1908 milites
676 1872 961 1921 hortantibus):
1007 1873 1268 1921 Egregiam
1299 1872 1505 1921 gloriam
1536 1870 1597 1906 le-

171 1940 337 1988 gionis
367 1940 492 1986 fore,
523 1942 560 1978 si
592 1948 774 1987 castra,
815 1949 939 1979 metu
971 1944 1365 1980 secundanorum
1397 1941 1597 1985 amissa,

172 2023 258 2047 sua
298 2011 483 2049 virtute
523 2013 794 2061 recipiant3
834 2020 878 2049 et
918 2014 1074 2062 recipi
1115 2014 1268 2050 facile
1307 2024 1432 2056 esse,
1473 2011 1512 2048 si
1552 2011 1596 2047 in

172 2082 334 2130 praeda
365 2083 597 2131 occupati
635 2084 834 2120 barbari
866 2084 1031 2120 subito
1070 2084 1432 2132 opprimantur;
1472 2081 1598 2118 sicut

173 2153 412 2200 ceperint,
442 2166 584 2202 posse
616 2155 735 2202 capi.
793 2154 908 2190 Adeo
926 2153 1065 2202 frigide
1088 2153 1298 2202 separatim
1328 2151 1599 2200 superadditur

175 2221 432 2270 epiphonema
461 2223 573 2260 illud:
605 2225 731 2261 sicut
762 2224 1010 2272 ceperint,
1040 2236 1185 2273 posse
1217 2223 1340 2272 capi,
1373 2235 1489 2271 quum
1520 2222 1597 2258 iam

175 2292 318 2328 dictum
349 2292 409 2337 sit,
443 2291 557 2329 facile
588 2294 707 2341 recipi
738 2300 868 2330 castra
889 2306 1016 2342 posse,
1049 2301 1091 2330 ut
1116 2294 1267 2331 Livium
1290 2294 1445 2330 brevius
1475 2293 1598 2341 scrip-

173 2362 270 2398 sisse
302 2368 449 2410 putem:
492 2369 537 2399 et
565 2362 737 2408 facile,
776 2364 816 2400 si
858 2364 904 2400 in
942 2364 1105 2412 praeda
1137 2364 1368 2412 occupati
1398 2363 1599 2400 barbari

199 2525 232 2568 ¹)
265 2528 395 2559 Eadem
437 2528 601 2559 correctio
640 2528 836 2559 adhibenda
882 2529 971 2569 apud
1010 2529 1174 2561 Senecam
1217 2539 1268 2570 ep.
1307 2533 1391 2567 120,
1434 2533 1494 2567 21,
1540 2528 1598 2559 ubi

269 2591 395 2622 editur:
416 2590 539 2621 modo
566 2590 759 2621 subsidit
786 2596 825 2621 et
853 2591 1136 2621 contrahitur
1162 2590 1277 2621 infra
1302 2591 1597 2622 humilitatem

267 2661 363 2682 vere
393 2652 645 2684 iacentium.
