1811 2925
807 129 879 165 321
1289 127 1364 158 Lib.
1382 126 1533 160 xxvn.

139 249 321 298 postulat,
371 262 393 285 a
424 248 580 284 consule
625 248 759 293 habiti.
791 250 857 286 sed
892 250 1013 286 habiti
1047 251 1096 286 ad
1135 250 1410 286 exsolvendam
1445 250 1559 286 fidem

141 320 320 356 consulis.
398 317 648 354 Manifestum
692 327 761 364 est,
811 319 999 357 excidisse
1047 321 1205 356 datam
1251 326 1338 355 ante
1387 320 1558 356 habiti.

141 391 193 427 Et
223 396 264 427 ut
296 390 450 426 omnino
480 387 518 423 in
549 387 607 424 his
649 388 779 424 decem
822 389 930 426 libris
973 390 1173 438 permultis
1203 390 1297 427 locis
1331 390 1447 426 verba
1479 390 1561 427 sine

142 458 232 504 ulla,
271 471 355 507 quae
384 466 583 506 appareat.
612 459 764 495 errandi
796 472 914 496 causa
945 460 1090 497 omissa
1119 468 1208 497 sunt
1241 460 1347 507 (vid,
1381 473 1465 508 quae
1494 473 1559 497 ex-

140 528 269 576 posita
297 534 386 564 sunt
414 542 451 577 p.
472 529 582 575 208)‚
612 529 666 565 sic
696 529 732 565 in
765 531 838 566 hac
872 530 957 579 ipsa
987 532 1128 568 vicinia
1156 531 1445 579 pet-frequentia
1474 538 1560 567 sunt

142 598 222 635 eius
266 598 321 634 rei
364 599 560 647 exempla3
603 612 692 635 nam
735 607 771 636 et
814 613 845 636 c.
879 603 914 644 7,
965 605 1004 637 l:
1053 602 1186 638 exitu
1217 602 1318 638 eius
1353 602 1464 638 anni
1497 601 1559 652 [C.

143 668 295 716 Laelius]
326 669 399 704 die
431 676 610 717 quarto
645 678 681 706 et
712 671 846 707 eodem
879 672 1004 719 capite
1036 675 1116 717 {42
1155 673 1204 708 ob
1235 684 1311 708 res
1344 671 1562 709 feliciter

143 750 166 774 a
197 739 245 778 P.
279 738 507 787 Scipione
537 747 702 789 gestas
736 740 1092 791 [supplicationem]
1124 742 1170 778 in
1202 755 1343 779 unum
1374 743 1492 780 diem
1526 750 1561 780 et

142 812 161 853 ξ
197 812 264 846 10;
297 808 339 845 C.
386 808 684 858 Calpurnius
732 810 974 860 [praefuisset,
1005 813 1179 849 decretae.
1250 813 1452 862 Urbanus]
1486 827 1562 850 ex-

143 879 326 915 ercitus
357 887 394 916 et
424 884 441 925 ξ
478 884 545 917 14ε
595 881 862 930 additaque
894 883 1043 931 ea[de1n
1074 882 1316 931 ignominia}
1349 885 1433 920 sub
1472 898 1560 933 qua

143 956 180 985 et
210 962 239 987 c.
277 953 336 986 11.
369 952 410 986 9:
441 958 489 986 ut
522 951 626 999 [qui]
660 952 841 1000 primus
873 965 1046 989 censor
1076 960 1112 989 et
1143 954 1276 990 eodem
1308 955 1433 1002 capite
1455 958 1471 1000 ξ
1494 958 1562 992 12:

142 1026 252 1068 post
269 1019 566 1057 Cannensem
591 1020 788 1071 [cladem]
828 1023 881 1058 In
913 1024 1226 1071 equestribus
1245 1036 1291 1060 ea
1313 1026 1445 1063 verba.
1480 1039 1564 1074 quae

143 1090 249 1127 uncis
279 1091 427 1135 inclusi,
460 1106 482 1127 a
513 1091 709 1128 codicibus
740 1093 890 1129 absunt.
935 1094 983 1129 ab
1015 1094 1224 1130 editoribus
1255 1106 1442 1130 consensu
1474 1108 1563 1144 sup·

143 1160 308 1209 plentur.
375 1160 454 1197 Cur
481 1162 598 1210 igitur
626 1162 664 1197 in
697 1175 773 1199 nno
813 1163 899 1199 loco
930 1163 1169 1200 incredibilia
1208 1164 1336 1213 potius
1370 1166 1565 1214 finguntur

145 1244 259 1280 quam
291 1232 392 1268 idem
424 1232 622 1269 accidisse.
664 1234 852 1269 sententia
883 1240 919 1269 et
951 1234 1126 1270 oratione
1156 1234 1456 1279 demonstrante,
1487 1243 1563 1272 sta-

143 1301 300 1338 tuatur?
360 1301 480 1348 Quid,
524 1301 626 1349 quod
656 1301 695 1337 in
727 1303 800 1339 hoc
830 1303 916 1351 ipso
950 1304 1075 1352 capite
1106 1305 1270 1341 alterum
1301 1305 1453 1342 videtur
1483 1319 1566 1342 esse

145 1373 276 1409 omissi
310 1386 331 1408 a
369 1371 526 1408 librario
571 1372 679 1408 verbi
714 1373 959 1421 exemplum?
1018 1374 1122 1410 Nam
1167 1376 1269 1422 quod
1301 1379 1318 1420 ξ
1363 1378 1384 1412 9
1427 1389 1447 1411 e
1486 1378 1563 1413 PM

144 1441 306 1490 aliisque
337 1442 533 1478 codicibus
574 1454 697 1489 nuper
735 1442 876 1478 editum
917 1450 992 1479 est:
1048 1445 1106 1480 ad
1146 1445 1368 1482 Siciliam
1411 1453 1563 1483 trans-

144 1512 296 1556 misit,
329 1512 475 1548 tertio
507 1512 691 1548 decimo
723 1512 818 1557 die,
861 1525 996 1561 quam
1042 1514 1298 1562 profectus
1328 1517 1462 1561 inde,
1495 1518 1564 1553 Li-

145 1582 345 1631 lybaeum
378 1590 619 1627 revectus,
661 1595 798 1630 parum
830 1582 1023 1620 credibilis
1057 1584 1213 1632 fingitur
1241 1585 1279 1622 in
1310 1587 1383 1622 hoc
1415 1593 1564 1623 senten—

144 1652 206 1688 tiae
235 1664 375 1701 genere
405 1653 512 1689 verbi
546 1651 777 1689 substantivi
808 1651 985 1696 omissi0‚
1031 1655 1243 1701 praesertim
1273 1656 1310 1692 in
1342 1657 1408 1693 illa
1444 1659 1565 1706 parti-

145 1722 331 1770 cipiorum
362 1722 559 1758 vicinitate
608 1721 885 1771 (profectus
925 1721 1054 1767 inde,
1106 1724 1362 1773 Lilybaeum
1407 1741 1566 1764 revec-

145 1789 304 1841 tus).²)
378 1793 518 1840 Itaque
558 1800 624 1829 aut
664 1799 736 1828 est
765 1791 983 1827 addendum
1031 1793 1247 1842 (indest),
1280 1798 1383 1843 quod
1417 1797 1566 1834 facilius

146 1862 324 1898 excidere
369 1863 514 1911 potuit.
562 1869 650 1906 aut,
696 1861 799 1910 quod
845 1862 1064 1909 superiores
1110 1864 1276 1901 editores
1327 1867 1568 1907 addiderant.

147 1939 269 1975 erat,
315 1933 600 1969 convenientius
639 1934 713 1969 hoc
751 1931 852 1967 Livii
887 1933 1165 1969 consuetudini.
1244 1936 1347 1973 Nam
1394 1944 1435 1973 nt
1478 1949 1568 1973 con-

145 2002 380 2038 stantissime
410 2003 567 2039 dicitur:
610 2003 793 2040 Tribus
825 2001 1016 2047 diebus,
1048 2004 1222 2051 quibus
1260 2004 1406 2042 Caius
1437 2007 1568 2042 venit

146 2072 234 2122 (qu.
259 2079 451 2108 ventum
474 2078 579 2118 est)7
610 2074 774 2109 urbem
806 2073 952 2120 cepit,
983 2073 1050 2118 ita,
1080 2074 1208 2122 posito
1230 2075 1374 2112 ordinis
1395 2089 1568 2117 numero,

148 2142 280 2179 Livius
323 2147 360 2178 et
400 2141 604 2179 Sallustius
647 2143 701 2179 sic
731 2143 857 2178 dicere
888 2142 1034 2179 solent:
1075 2144 1150 2180 die
1193 2145 1383 2193 quinto.
1432 2159 1567 2194 quani

146 2210 291 2248 Caius
331 2219 552 2257 venerat,
597 2214 746 2262 cepit,
793 2219 834 2247 ut
881 2212 948 2247 vix
988 2212 1087 2249 inter
1129 2222 1313 2262 quattuor
1353 2216 1569 2264 quinqueve

147 2282 253 2318 locos
294 2294 412 2318 unum
454 2280 615 2329 perfecti
658 2281 877 2330 exemplum
916 2283 1098 2329 reperias.
1162 2286 1283 2333 Apud
1316 2286 1467 2322 Livium
1498 2287 1569 2323 his.

173 2449 202 2493 ¹)
237 2452 351 2484 Unum
370 2460 420 2484 est
437 2460 599 2495 praeterea
611 2455 645 2485 in
663 2456 726 2486 hoc
740 2465 874 2495 genere,
892 2457 982 2496 quod
998 2455 1308 2495 frequentissimum
1326 2459 1415 2499 apud
1435 2458 1567 2489 Livium

243 2519 304 2550 est,
327 2514 440 2546 omissi
466 2516 560 2546 verbi
589 2516 783 2556 exemplum
812 2516 844 2546 in
864 2516 922 2548 lib.
945 2517 1044 2555 XXI,
1074 2520 1127 2555 15,
1154 2521 1191 2548 3:
1220 2517 1388 2549 Octavo
1415 2528 1568 2557 mense,

245 2584 365 2614 quam
396 2581 598 2616 coeptum
626 2578 888 2621 oppugnari,
925 2585 1096 2618 captum
1131 2579 1372 2619 Saguntum
1401 2581 1569 2620 quidam

245 2636 478 2677 scripsere.

188 2705 331 2728 nAbvtult
344 2706 468 2728 Eunum.
483 2706 555 2729 [ιη.
1260 2704 1299 2731 21
