1811 2925
804 160 881 196 293
1289 159 1362 190 Lib.
1391 159 1506 191 XXV.

128 295 216 331 quae
247 282 326 331 igni
357 287 586 330 consumpta
616 286 715 323 sunt,
752 281 884 317 Livius
915 281 1015 318 dixit
1045 281 1186 327 XXX,
1220 283 1256 326 6,
1289 284 1325 320 6.
1385 281 1553 318 Deiec-

128 359 178 389 ta
206 365 277 401 pro
312 352 473 388 deleta
498 352 623 400 (urbs)
659 352 697 388 in
729 351 813 389 cod.
845 351 1124 400 Bambergensi
1168 352 1347 388 scribitur
1389 353 1553 397 XXXI,

132 424 197 468 29,
233 425 294 459 11.

243 491 339 541 Cap.
377 494 438 537 15,
473 493 541 528 20:
584 491 806 529 Ceterum
839 491 1017 540 (Fulvius
1061 498 1098 528 et
1128 490 1314 529 Claudius
1347 492 1554 541 consules),

128 575 185 599 ne
214 563 539 599 Beneventum
583 562 685 598 sine
713 562 944 610 praesidio
978 568 1111 598 esset
1153 568 1197 598 et
1226 568 1276 599 ut
1307 563 1363 599 ad
1394 563 1556 600 subita

131 633 276 678 belli,
307 633 345 669 si
367 633 630 678 Hannibal,
664 631 788 681 quod
820 630 1064 667 facturum
1093 632 1220 669 haud
1247 633 1555 678 dubitabant,

130 703 190 740 ad
222 716 355 752 opem
389 704 638 740 ferendam
678 702 830 739 sociis
876 700 1092 750 Capuam
1139 704 1379 748 venisset,
1426 704 1555 752 equi-

128 780 201 810 tes
227 774 321 810 vim
351 775 597 811 sustinere
626 779 850 823 possent,
891 772 962 810 Ti.
995 772 1268 810 Gracchum
1317 787 1372 810 ex
1402 774 1556 810 Luca-

130 844 203 880 nis
258 856 356 880 eum
403 845 632 893 equitatu
674 855 726 880 ac
779 843 877 879 levi
921 850 1170 880 armatura
1226 845 1555 881 Beneventum

130 914 299 950 venire
328 914 507 951 iubent.
584 915 677 951 Non
716 918 797 949 tam
835 913 874 949 id
916 914 1092 950 consules
1127 913 1375 963 prospexisse
1405 913 1556 962 opinor,

132 991 174 1020 ut
204 985 349 1033 equites
379 985 468 1030 (sui,
500 985 604 1033 quod
635 985 729 1021 dure
760 985 885 1031 abest)
917 983 994 1019 vim
1025 984 1214 1021 sustinere
1243 989 1403 1034 possent
1433 983 1555 1032 (quod

130 1056 255 1104 ipsum
295 1055 406 1092 nimis
435 1055 581 1091 infinite
611 1055 693 1091 sine
725 1054 896 1103 genitivo
927 1053 1108 1103 dicitur),
1149 1067 1268 1103 quam
1300 1060 1340 1090 ut
1368 1054 1443 1103 ipsi
1475 1066 1557 1090 om-

130 1125 220 1162 nino
253 1126 443 1174 equitatus
494 1125 656 1171 Punici,
698 1137 774 1173 quo
811 1124 980 1161 maxime
1011 1125 1210 1161 Hannibal
1251 1125 1428 1174 superior
1459 1130 1555 1169 erat,

130 1196 208 1232 vim
239 1196 491 1242 sustinerent,
531 1202 567 1232 et
598 1196 685 1232 ideo
716 1194 940 1233 Gracchum
978 1207 1065 1231 cum
1108 1196 1282 1244 equitatu
1324 1201 1361 1231 et
1389 1194 1465 1231 levi
1496 1206 1558 1230 ar-

130 1272 284 1302 matura
310 1267 568 1306 arcessivisse.
626 1267 766 1314 Itaque
806 1266 982 1315 suspicor
1011 1278 1120 1314 paene
1151 1266 1306 1302 Livium
1338 1265 1557 1314 scripsisse:

130 1337 313 1385 equitis
346 1336 660 1386 (equitum)vim
686 1335 933 1372 sustinere
963 1345 1177 1384 possent.
1222 1336 1402 1374 Ceterum
1419 1347 1557 1384 parum

131 1414 311 1444 accurate
355 1409 436 1445 haec
481 1413 780 1457 componuntur:
831 1412 875 1442 et
929 1414 978 1443 ut
1023 1407 1079 1443 ad
1124 1408 1287 1444 subita
1338 1406 1457 1443 belli
1513 1433 1550 1445 ..

131 1479 319 1526 equitis
361 1478 459 1526 (sive
497 1478 703 1527 equites)
743 1476 836 1512 vim
880 1477 1126 1514 sustinere
1166 1484 1391 1527 possent3
1438 1475 1558 1512 multo

129 1549 272 1585 rectius
302 1548 472 1585 futurum
504 1555 604 1585 erat:
649 1554 692 1584 et·
722 1548 777 1584 ad
804 1547 970 1584 subita
1000 1549 1139 1590 belli,
1186 1555 1254 1594 ut,
1296 1547 1335 1583 si
1366 1552 1450 1591 cet.,
1479 1545 1559 1594 pri-

133 1632 238 1655 mum
270 1619 448 1655 universo
483 1619 656 1664 consilio,
702 1618 840 1654 deinde
868 1619 1064 1668 praecipua
1094 1627 1203 1668 parte
1234 1615 1471 1663 indicata.¹)

252 1688 349 1738 Cap.
388 1692 447 1734 16,
480 1691 501 1726 8
544 1689 591 1725 de
629 1688 754 1724 Flavo
786 1689 946 1726 Lucano
986 1703 1073 1727 cum
1103 1691 1274 1739 Magone
1302 1689 1462 1726 insidias
1494 1688 1557 1727 Ti.

135 1759 316 1797 Graccho
347 1765 518 1796 struente
547 1759 587 1795 in
616 1759 747 1795 codice
779 1760 812 1796 P
843 1760 897 1796 sic
928 1761 1119 1806 scribitur,
1150 1761 1299 1806 ceteris,
1330 1767 1371 1796 ut
1397 1759 1559 1808 quisque

133 1829 288 1866 minime
318 1836 520 1878 corruptus
552 1836 634 1875 est,
676 1830 854 1878 proxime
885 1831 1174 1868 accedentibus:
1206 1831 1420 1868 Deducit
1451 1830 1559 1877 (Fla-

132 1902 221 1947 vus)
263 1901 474 1937 Poenum
513 1901 558 1937 in
598 1900 753 1937 locum
795 1902 966 1949 paucis
1012 1902 1285 1939 Gracchum
1331 1901 1560 1937 adductu-

133 1983 414 2019 rumamago
444 1971 512 2008 ibi
544 1972 742 2020 pedites
773 1971 1064 2020 equitesque
1087 1978 1359 2008 armareset
1387 1983 1561 2019 capere

136 2054 218 2077 eas
248 2041 454 2078 latebrae
495 2042 575 2078 ubi
617 2042 862 2091 ingentem
902 2055 1148 2079 numerum
1191 2042 1454 2078 occuleret.
1514 2042 1561 2078 In

133 2112 272 2148 horum
302 2112 509 2148 verborum
538 2112 664 2161 prima
693 2120 804 2161 parte
837 2126 914 2150 non
956 2114 1184 2150 mutandum
1223 2125 1310 2149 cum
1356 2112 1561 2150 Gronovio

134 2180 387 2227 inlocum,
432 2183 499 2219 sed
529 2183 833 2231 intelligendum,
879 2184 940 2220 hic
983 2196 1150 2232 quoque,
1196 2189 1237 2219 ut
1280 2195 1380 2232 saepe
1422 2183 1461 2219 in
1503 2183 1562 2219 his

136 2251 256 2296 libris,
286 2252 434 2289 litteras
465 2253 614 2302 aliquot
652 2255 702 2291 ob
745 2254 1031 2292 similitudinem
1069 2254 1274 2299 excidisse3
1317 2254 1561 2291 scribendum

136 2328 196 2358 est
228 2322 346 2358 enim:
395 2323 440 2359 in
470 2324 650 2369 locum,
699 2338 791 2377 quo
821 2339 918 2367 cum
962 2325 1132 2375 paucis
1178 2324 1455 2362 Gracchum
1487 2324 1562 2360 ad-

136 2391 394 2430 ducturum
439 2394 519 2430 ait.
565 2394 813 2439 (Gronovius
858 2397 925 2432 ait
975 2396 1250 2436 ducturum,
1297 2394 1472 2443 neglecto
1523 2407 1563 2439 a,

166 2617 199 2662 ¹)
237 2623 257 2661 ἓ
286 2626 327 2654 10
362 2623 464 2655 miror
495 2624 629 2656 Livium
668 2626 843 2667 scripsisse
878 2631 1025 2657 tectus
1058 2625 1257 2657 collibus
1291 2630 1391 2666 apte
1425 2626 1476 2656 ad
1509 2631 1564 2656 te-

236 2684 402 2724 gendas
427 2685 613 2717 insidias
639 2687 879 2727 oppositis,
916 2687 1093 2718 invenuste
1119 2687 1257 2727 tegendi
1282 2686 1387 2717 verbo
1412 2687 1565 2728 repetito.
