1811 2925
246 124 319 155 Lib.
332 124 467 156 XXIII.
872 125 950 160 258

198 247 384 284 infinitivo
415 247 598 284 historico
630 248 679 283 ad
709 246 922 296 perfectum
952 247 1137 283 transitur
1168 247 1341 295 (actum
1378 246 1483 296 est),
1519 260 1618 295 quo-

199 319 301 354 niam
365 331 440 354 non
505 318 753 367 descriptioni
811 317 999 353 universae
1062 329 1187 352 rerum
1248 317 1482 353 condicionis
1541 330 1620 353 una

199 388 329 436 aliqua
359 400 419 424 res
450 389 569 425 semel
604 395 691 426 acta
725 387 968 435 subiungitur
988 414 997 431 a
1035 387 1101 422 sed
1141 388 1226 436 ipsa
1258 388 1465 436 descriptio
1497 387 1620 423 conti-

198 464 338 494 nuatur
382 458 689 507 transferturque
735 472 758 494 a
802 457 956 506 privata
998 457 1078 493 vita
1119 466 1155 494 et
1192 458 1341 494 iudiciis
1384 459 1432 494 ad
1465 464 1620 494 senatus

199 529 380 567 actiones,
455 530 500 565 In
528 529 595 566 PC
628 529 716 577 (nisi
749 529 852 577 quod
886 529 923 564 in
955 527 985 564 C
1017 528 1138 563 altera
1168 541 1304 565 manus
1340 536 1496 565 actum
1530 530 1620 565 sub-

199 600 334 647 stituit)
366 600 563 636 scribitur:
595 601 719 637 nihil
748 601 793 636 in
825 607 999 635 senatu
1031 598 1290 644 actaliter,
1321 601 1394 636 hoc
1425 606 1499 636 est:
1543 600 1621 648 agi

200 670 359 709 aliter.
419 671 465 707 In
500 671 534 707 P
565 683 666 719 saepe
697 684 723 720 g
743 671 780 706 in
813 683 844 713 c,
878 682 948 706 nec
978 682 1067 706 raro
1102 670 1114 705 i
1144 670 1182 705 in
1212 676 1227 705 t
1257 671 1419 707 transiit.

312 740 408 790 Cap.
442 744 484 782 7‚
529 744 541 777 l
579 740 647 792 (de
676 742 814 791 legatis
842 739 1052 789 Campanis
1085 741 1133 776 ad
1165 741 1424 778 Hannibalem
1458 740 1621 789 missis):

200 813 478 860 Pacemque
523 825 622 848 cum
667 825 717 848 eo
762 811 1144 849 condicionibus
1182 810 1406 847 fecerunt
1447 817 1533 848 cett.
1568 811 1622 858 (in

202 882 339 930 quibus
370 888 643 918 enumerantur
674 883 951 925 condiciones).
1015 881 1287 919 Scribendum:
1319 881 1623 918 condicioni-

200 955 285 990 bus
316 953 379 989 iis
413 953 653 990 fecerunt.
715 955 950 998 Pronomen7
973 953 1076 1001 quod
1094 959 1180 1001 post
1210 965 1261 988 us
1289 953 1441 997 excidita
1473 959 1622 989 veteres

204 1025 368 1061 editores
399 1030 501 1060 recte
532 1024 799 1060 desiderarant
831 1025 923 1070 (his
956 1024 1178 1070 condio).
1253 1023 1388 1060 Omnis
1418 1036 1498 1072 pax
1531 1036 1623 1060 con-

204 1095 417 1132 dicionibus
450 1096 513 1139 fit,
560 1096 640 1131 haec
689 1096 750 1131 vel
793 1096 859 1131 illa
895 1108 974 1144 pax
1014 1095 1072 1131 his
1115 1094 1175 1130 vel
1205 1095 1279 1130 illis
1321 1094 1622 1131 condicionibus.

163 1198 165 1201 ⁴
204 1168 332 1204 Prave
363 1167 411 1202 ad
444 1164 725 1202 defendendam
748 1166 987 1215 pronominis
1008 1165 1254 1202 omissionem
1274 1165 1460 1201 eiusmodi
1479 1166 1624 1202 adscri-

201 1239 342 1274 buntur
371 1237 458 1281 loci,
489 1236 527 1272 in
545 1236 683 1284 quibus
714 1238 805 1273 addi
835 1251 911 1274 non
941 1237 1078 1286 potuitq
1110 1236 1213 1284 quod
1243 1249 1319 1271 non
1351 1243 1462 1272 certae
1493 1236 1625 1272 condi-

207 1309 335 1344 ciones
367 1307 645 1355 significantur,
677 1308 744 1343 sed
776 1308 952 1343 universe
969 1306 1113 1354 aliquid
1141 1313 1268 1342 actum
1302 1314 1402 1349 (suc.
1434 1307 1524 1342 urbs
1560 1307 1626 1343 de·

207 1379 309 1424 dita]
342 1377 632 1414 condicionibus
664 1384 829 1426 pactove
860 1377 1009 1421 ᾶίρίῐω·Ἴ
1040 1376 1399 1413 nonviconfectum
1419 1377 1627 1413 victorisve

202 1449 361 1486 arbitrio
400 1448 641 1497 permissum.

315 1519 413 1569 Cap.
451 1521 487 1568 8,
522 1523 540 1556 7
576 1520 629 1566 (in
662 1519 917 1567 descriptione
952 1518 1117 1554 convivii
1146 1519 1249 1567 apud
1281 1519 1446 1556 Ninnios
1461 1517 1628 1563 Celeres,

203 1592 305 1640 apud
351 1604 448 1639 quos
480 1591 681 1627 Hannibal
724 1589 868 1638 Capuae
899 1589 1212 1635 deversabatui·):
1260 1591 1399 1628 Unus
1431 1602 1513 1626 nec
1545 1590 1629 1626 do-

203 1663 435 1698 minorum
470 1661 769 1697 invitatione
800 1673 882 1696 nec
910 1660 1064 1708 ipsius
1096 1660 1338 1697 interdum
1370 1661 1628 1697 Hanniba-

202 1733 262 1769 lis
294 1733 344 1780 (P
376 1732 707 1773 Ha.nnibieus‚
766 1744 788 1767 a
819 1744 936 1767 manu
968 1732 988 1766 2
1022 1730 1156 1766 litterae
1188 1730 1325 1766 bicus
1355 1731 1519 1767 inductae
1550 1738 1587 1768 et-
1617 1731 1630 1770 Ι

204 1817 321 1853 supra
352 1803 555 1852 scriptum)
589 1802 827 1839 Calavius
859 1802 909 1850 (P
942 1814 1044 1837 man.
1079 1802 1100 1836 2
1134 1807 1171 1836 et
1202 1800 1233 1837 C
1265 1800 1452 1849 Calavi)
1484 1801 1629 1838 filius

204 1875 408 1924 perhola
447 1874 497 1921 (P
528 1887 577 1909 m.
613 1875 634 1909 2
671 1880 709 1910 et
739 1872 770 1910 C
801 1869 1053 1920 perholla)
1086 1871 1244 1906 vinum
1275 1872 1411 1919 potui
1442 1872 1545 1920 ipse
1577 1871 1628 1919 (C

204 1946 305 1982 vini
339 1944 553 1994 impotui
583 1944 712 1992 ipse,
744 1956 792 1978 m.
826 1943 847 1977 2
881 1941 980 1977 vini
1011 1941 1194 1989 impotu
1226 1942 1344 1989 ipse)
1389 1942 1630 1978 valetudi-

206 2031 308 2053 nem
344 2028 600 2060 excusati&
631 2020 772 2063 patre
801 2013 850 2060 (P
875 2011 1080 2060 patrem)
1115 2012 1260 2048 animi
1292 2025 1481 2060 quoque
1503 2014 1630 2050 haud

207 2087 482 2124 mirabilem
504 2084 934 2134 perturbationem
967 2084 1018 2130 (P
1036 2083 1129 2118 iter
1151 2082 1497 2132 turbationem)
1519 2096 1631 2120 cau-

210 2165 369 2194 sante.
432 2157 551 2193 Posui
584 2156 725 2194 locum,
758 2153 1083 2202 quemadmodum
1116 2153 1152 2188 in
1173 2153 1206 2189 P
1225 2153 1414 2197 scribitur,
1446 2154 1632 2190 adnotata

212 2229 400 2265 varietate
430 2227 574 2264 codicis
607 2225 651 2270 C,
683 2232 724 2261 ut
753 2230 972 2273 appareret,
1003 2224 1064 2260 hic
1096 2236 1248 2271 quoque
1289 2238 1373 2260 eum
1407 2237 1429 2260 a
1459 2237 1575 2260 manu
1608 2225 1629 2260 2

214 2298 401 2336 Puteanei
431 2298 623 2346 pendere,
655 2308 745 2332 suos
778 2307 927 2331 errores
959 2301 994 2330 et
1025 2302 1185 2330 conatus
1217 2295 1377 2339 addet-<33
1416 2302 1630 2331 ceterorum

213 2369 410 2417 scripturae
445 2373 617 2403 monstra
647 2367 735 2402 hinc
766 2372 864 2410 orta.v
897 2364 1049 2401 etiamsi
1071 2363 1414 2401 Drakenborchius
1436 2378 1513 2401 non
1535 2364 1627 2401 omi·

210 2440 342 2484 sisset7
373 2438 464 2474 nihi]
500 2444 629 2473 tamen
672 2437 721 2473 ad
765 2449 843 2472 rem
877 2436 1121 2484 pertinerent.
1159 2435 1359 2471 Edebatur
1381 2435 1429 2471 ad
1458 2441 1631 2471 nostrum

212 2518 378 2558 tempus:
426 2508 629 2545 Calavii
691 2506 836 2543 filius
881 2505 1079 2543 Perolla
1139 2504 1270 2541 vinci
1314 2518 1404 2542 non
1452 2505 1630 2554 potuit.

211 2582 389 2626 Nomen,
436 2579 538 2628 quod
576 2577 780 2614 infeliciter
808 2578 938 2613 fictum
970 2574 1120 2612 Calavii
1166 2576 1244 2612 filio
1284 2576 1505 2624 impositum
1537 2582 1632 2622 erat,

213 2658 315 2687 recte
346 2649 683 2686 Weissenbornius
722 2648 890 2692 sustulit3
934 2647 1026 2684 satis
1066 2646 1098 2682 is
1128 2647 1259 2694 gentili
1304 2646 1456 2683 nomine
1487 2647 1632 2695 signifi-
