1811 2925
821 146 898 182 519
1362 147 1438 178 Lib.
1457 147 1573 178 XLII.

261 264 357 313 Cap.
395 266 458 307 24„
499 269 539 302 l:
571 267 887 315 Interrogari
918 266 1183 304 Gulussam
1217 269 1430 317 placuit,
1462 270 1573 318 quid

150 336 207 371 ad
253 348 307 372 ea
345 337 457 383 (quae
498 336 615 384 legati
657 335 1003 386 Carthagenienses
1042 338 1166 387 questi
1210 341 1335 386 erant)
1377 353 1572 389 respon-

150 406 311 451 deret,
343 412 444 450 aut,
480 407 518 442 si
555 407 691 455 prius
724 408 914 454 mallet,
946 415 1273 456 expromeret,
1305 422 1450 458 super
1481 423 1572 458 qua

148 489 195 512 re
224 477 425 513 Romam
458 477 689 513 venisset.
765 476 918 514 Codex:
969 490 1112 526 super
1151 492 1244 527 qua
1274 493 1325 515 re
1361 493 1454 528 prx
1484 482 1572 518 Ro-

149 560 263 584 mam
307 548 542 584 venisset.
609 547 790 584 Potuitne
825 548 878 584 sic
917 549 1057 585 mutari
1098 549 1205 598 ipsc
1247 551 1391 596 (Rom.
1423 550 1572 598 ven.)?

148 619 343 655 Praeterea
388 618 515 666 potius
565 618 763 654 librarium
811 627 1129 668 expromeret
1170 633 1240 669 pro
1285 633 1571 669 expromere

147 688 345 737 scripsisse
375 695 504 736 putem
537 699 696 738 propter
725 690 1055 738 responderet
1086 697 1122 726 et
1153 692 1326 728 mallet
1358 705 1473 740 quam
1505 693 1570 730 Li—

146 759 251 795 vium
280 759 318 795 in
348 760 421 795 hac
453 760 648 796 sententiae
679 760 986 796 conformatione
1020 762 1100 798 liaec
1122 762 1319 799 variasse:
1351 763 1570 801 Interro-

146 830 254 877 gari
295 830 344 868 G.
391 830 581 879 placuit
728 837 807 867 aut
949 840 1281 880 expromeret,
1312 835 1472 871 moleste
1503 837 1570 872 ob-

145 901 313 937 litterato
373 901 568 937 sententiae
630 901 822 949 primariae
888 908 923 938 et
973 903 1289 940 secundariarum
1339 905 1570 942 discrimine.

144 971 304 1007 Minime
334 984 424 1007 raro
454 971 492 1007 in
528 972 612 1008 cod.
637 971 932 1008 Vindobouensi
957 979 994 1008 et
1014 985 1135 1020 prave
1156 974 1345 1011 infinitivo
1368 977 1528 1013 adhaesit
1544 982 1570 1018 t,

144 1042 253 1078 utin
284 1043 357 1078 hoc
401 1042 498 1078 libro
537 1054 569 1078 c.
607 1043 680 1087 25,
732 1044 770 1078 ll
809 1043 1066 1089 (deberet),
1116 1056 1148 1083 c.
1180 1045 1254 1090 29,
1298 1047 1319 1081 3
1361 1047 1570 1096 (exspec-

144 1113 304 1159 taret),
336 1126 368 1151 c.
401 1114 475 1157 37,
506 1114 527 1148 2
562 1114 796 1159 (tentaret
941 1114 1252 1162 perliceret),
1284 1114 1447 1163 aliisque
1475 1115 1570 1152 locis

143 1184 208 1230 (-—
248 1196 278 1219 c.
302 1185 365 1229 62,
390 1187 411 1220 4
445 1184 717 1231 imponeret
748 1191 784 1219 et
815 1190 945 1220 esset
975 1184 1166 1230 scribitur,
1197 1185 1382 1221 retinetur
1402 1186 1569 1222 medium

141 1254 341 1291 credere
373 1255 457 1300 ——),
489 1261 526 1290 et
553 1254 796 1290 coniunctivo
828 1254 1041 1291 detractum
1075 1262 1151 1299 est;
1184 1256 1274 1292 alibi
1304 1263 1354 1292 nt
1384 1257 1569 1300 additum,

141 1332 183 1360 ut
213 1338 244 1361 c.
277 1326 341 1365 24,
375 1326 396 1361 8
428 1331 711 1361 statuerent
741 1337 811 1373 pro
840 1325 1246 1373 statuereqefr.ad
1268 1327 1420 1372 XLIV,
1453 1329 1488 1372 2,
1515 1326 1569 1377 5).

140 1395 202 1431 Ne
233 1408 264 1432 c.
298 1397 370 1439 39,
410 1397 432 1431 6
466 1396 618 1443 quidem
651 1395 809 1438 dubito,
843 1395 934 1443 quin
964 1396 1189 1433 Gronovius
1220 1405 1324 1434 recte
1354 1399 1470 1435 scribi
1499 1411 1568 1435 vo-

139 1466 268 1502 luerit:
309 1467 461 1515 legati
503 1467 581 1502 vel
626 1479 730 1502 eum
774 1466 933 1502 tribus
978 1467 1150 1503 venire
1199 1467 1435 1504 iubebant
1478 1468 1568 1512 vel,

140 1536 178 1572 si
220 1543 407 1573 tanturn
440 1550 613 1586 agmen
658 1537 974 1583 traduceret,
1021 1538 1216 1574 obsides
1247 1539 1362 1575 dare
1395 1537 1500 1587 (cod.
1533 1547 1569 1575 et

140 1607 226 1643 edd.
257 1608 436 1654 daret),
480 1607 600 1643 nihil
642 1607 840 1643 fraudis
871 1607 979 1643 fore
1009 1608 1058 1644 in
1090 1609 1359 1657 colloquio.
1441 1609 1567 1646 Nimis

139 1690 240 1726 Saepe
271 1678 470 1726 elegantiae
500 1677 601 1714 falsa
631 1678 777 1727 species
819 1678 1039 1715 obtenditur
1082 1679 1326 1716 librariorum
1361 1680 1567 1725 erroribus«,

138 1755 179 1784 ut
209 1749 338 1785 statim
373 1762 405 1788 c.
440 1750 510 1792 24,
543 1750 586 1793 9,
631 1756 791 1798 excepto
823 1748 1027 1795 Bekkero,
1075 1762 1208 1786 omnes
1250 1756 1409 1798 propter
1450 1749 1566 1785 talem

138 1820 303 1868 speciem
342 1826 571 1868 spreverunt
600 1820 857 1856 necessariam
887 1819 1080 1857 Gronovii
1118 1819 1443 1856 emendationem:
1485 1832 1567 1856 nec

139 1903 297 1927 novos
339 1897 561 1927 statuere
615 1890 741 1926 fines
787 1891 869 1926 sed
918 1897 1116 1926 veteres
1160 1890 1433 1926 observare
1480 1891 1565 1939 (pro

137 1961 413 2008 observari)
445 1961 490 1996 in
521 1961 685 1997 animo
716 1961 909 1999 habere.
969 1962 1027 1997 In
1049 1961 1213 1997 animo
1245 1961 1403 1997 habeo
1434 1959 1565 1997 fines

137 2032 397 2068 observari
458 2044 528 2080 pro
575 2046 642 2076 eo,
694 2032 799 2079 quod
851 2039 908 2068 est
958 2032 1099 2077 volo,
1167 2032 1330 2076 iubeo,
1383 2031 1563 2067 Latinum

138 2115 214 2138 non
248 2109 317 2140 est.

249 2171 347 2221 Cap.
380 2175 451 2217 2³0,
500 2176 522 2209 4
555 2173 609 2219 (in
640 2173 816 2209 oratione
847 2174 959 2209 trium
991 2173 1231 2221 legatorum,
1264 2173 1328 2222 qui
1359 2173 1397 2209 in
1430 2173 1563 2209 Mace-

135 2243 293 2279 doniam
323 2245 373 2280 ad
402 2256 463 2280 res
494 2243 721 2291 repetendas
756 2244 860 2280 missi
893 2244 1066 2288 fuerant,
1110 2244 1149 2279 in
1180 2244 1332 2290 senatu)
1362 2243 1400 2279 in
1433 2244 1563 2281 codiee

136 2312 335 2348 scribitur:
368 2313 475 2350 Suae
506 2313 755 2350 orationis
786 2327 1007 2351 summam
1040 2313 1218 2359 fuisse,
1250 2314 1430 2350 foedus
1462 2327 1562 2351 cum

136 2382 373 2430 Philippo
404 2383 551 2419 ictum
584 2396 635 2419 se
666 2396 766 2421 cum
799 2385 907 2434 ipso
940 2399 993 2422 eo
1025 2391 1134 2434 post
1164 2392 1366 2421 mortem
1398 2386 1562 2434 patris

135 2459 435 2491 renovatum.
497 2454 622 2490 Scribi
668 2455 807 2491 debet:
846 2455 1026 2492 foedus
1064 2468 1096 2493 c.
1138 2457 1220 2492 Ph.
1263 2456 1412 2492 ictum
1443 2469 1561 2501 esse,

135 2536 235 2559 cum
267 2524 372 2572 ipso
404 2537 456 2560 eo
579 2532 880 2561 renovatum.
971 2526 1088 2573 (Edd.
1119 2527 1319 2571 foedus,
1352 2541 1449 2565 cum
1482 2529 1561 2566 Ph.

133 2594 291 2639 ictum,
323 2607 423 2630 cum
454 2594 562 2643 ipso
594 2608 646 2631 eo
678 2603 764 2632 cett.
796 2596 964 2641 XLIII,
1004 2600 1040 2642 l,
1084 2600 1102 2634 7
1148 2599 1232 2634 cod.
1260 2599 1309 2634 in
1340 2600 1560 2636 Macedo-

132 2664 259 2701 niam
289 2677 336 2701 se
366 2678 437 2713 pro
470 2666 514 2701 in
548 2666 888 2703 Macedoniam
923 2669 1057 2715 esse.)
1119 2669 1195 2706 Sed
1218 2669 1398 2717 graviore
1422 2672 1559 2707 mendo
