1811 2925
243 137 440 170 Lib.XLV.
912 140 987 175 622

357 260 452 310 Cap.
486 261 550 299 39,
582 261 603 295 2
638 260 692 305 (in
725 261 856 297 eadem
889 261 1099 307 oratione):
1130 259 1266 306 Quod
1296 259 1335 295 si
1375 291 1412 300 .,
1455 264 1500 302 L,
1528 264 1656 300 Pau-

246 332 320 368 lus
360 360 397 370 ..
439 332 733 378 interroget:
766 332 810 371 L,
842 331 997 368 Anici.
1028 330 1103 367 Cn.
1138 329 1340 375 Octavi,
1382 341 1540 371 utrum
1571 347 1656 371 vos

246 403 498 451 digniores
525 401 775 450 triumpho
807 413 911 437 esse
942 414 997 437 an
1027 414 1095 437 me
1132 402 1369 440 censetis?
1401 417 1588 442 currum
1617 407 1657 442 ei

252 473 437 509 cessuri
462 479 503 508 et
534 485 628 520 prae
658 472 840 520 pudore
861 473 1090 508 videntur
1110 473 1324 520 insignia
1344 474 1437 523 ipsi
1460 488 1545 512 sua
1565 483 1658 512 tra-

252 544 414 580 dituri.
489 541 681 579 Cedere
713 544 865 580 alicui
907 556 1000 579 rem
1032 556 1103 591 pro
1137 545 1404 581 concedere
1446 546 1511 582 vix
1543 547 1657 583 credo

248 614 360 650 huius
391 613 512 649 aetatis
545 625 652 654 esse,
701 626 935 662 quamquam
977 614 1079 662 apud
1110 614 1297 650 Velleium
1328 616 1397 658 II..
1433 618 1478 653 81
1519 617 1660 654 editur:

248 696 443 720 cessere
486 684 757 724 victoriam.
829 685 1026 722 Ciceronis
1077 685 1171 721 illud
1200 684 1294 731 (Off.
1325 687 1392 731 II,
1448 689 1518 727 18,
1567 688 1660 733 64):

250 756 400 791 multa
430 755 594 791 multis
625 755 681 791 de
728 769 811 792 suo
846 757 946 793 iure
977 757 1241 801 cedentem,
1276 757 1307 792 si
1337 764 1439 794 recte
1469 758 1659 801 scribitur,

252 826 348 862 alius
378 832 506 861 tamen
543 832 599 861 est
639 828 789 874 generis
834 834 992 876 propter
1029 828 1289 863 accusativum
1329 828 1508 864 adiectivi
1537 829 1662 865 neutri

251 897 414 945 generis.
487 895 641 934 Codicis
691 899 881 947 scriptura
920 898 974 934 sic
1019 898 1110 933 mihi
1139 904 1274 934 notata
1308 905 1382 934 est:
1427 900 1662 936 currumi

252 966 468 1004 cessuri?

251 1022 469 1060 censuri?
541 1022 805 1070 Scripseratne
848 1024 1000 1060 Livius:
1046 1037 1188 1059 curru
1232 1023 1547 1061 descensuri?
1592 1039 1662 1061 an:

252 1107 442 1131 currum
474 1094 515 1130 ei
549 1094 861 1130 concessuri?
934 1093 1090 1131 Certum
1122 1101 1178 1130 est
1221 1095 1398 1130 mendum
1431 1098 1449 1140 ξ
1483 1099 1529 1132 4:
1568 1097 1662 1133 Ma-

252 1166 496 1202 cedonicae
526 1163 749 1212 legiones
781 1177 864 1200 suo
898 1166 1138 1212 abrogato
1169 1165 1438 1214 triumphos
1472 1166 1662 1203 alienos

254 1238 356 1285 (cod.
401 1237 878 1283 abrogatutnuinpos
928 1235 1131 1281 alienos)
1182 1236 1504 1284 spectabunt?
1563 1237 1664 1273 Viti-

253 1321 319 1344 ose
351 1308 446 1344 enim
490 1306 768 1342 substantivum
805 1319 827 1341 a
857 1306 985 1354 priore
1015 1307 1211 1347 membro,
1255 1307 1320 1342 ubi
1366 1307 1490 1343 audiri
1520 1307 1664 1355 nequit,

257 1378 486 1415 transfertur
512 1377 560 1413 ad
591 1377 765 1421 alterum,
781 1377 845 1413 ubi
860 1383 1003 1425 potest3
1026 1378 1269 1413 scribendum
1302 1377 1438 1413 saltem
1469 1383 1549 1413 tum
1564 1384 1664 1414 erat:

252 1462 336 1486 suo
369 1450 607 1497 abrogato
640 1447 826 1483 alienos
859 1448 1144 1496 triumphos.
1206 1448 1664 1497 SedLiviusscripserat:

254 1533 338 1556 suo
387 1521 630 1567 abrogato
676 1519 919 1567 triumpho
969 1519 1161 1555 alienos
1195 1518 1509 1567 spectabunt?
1581 1519 1666 1556 Ali-

255 1598 397 1639 quanto
428 1590 529 1626 infra
576 1593 614 1634 (ξ
648 1591 686 1636 9>
737 1591 817 1626 haec
845 1590 1078 1625 scribuntur:
1129 1589 1218 1627 Cui
1247 1590 1429 1626 sortito
1463 1589 1666 1637 provin-

254 1662 375 1698 ciam
436 1692 470 1699 ..
528 1661 938 1709 1'›raesagientibus
988 1660 1161 1696 animis
1206 1660 1465 1696 victoriam
1496 1660 1666 1696 trium-

253 1733 498 1781 phumque
530 1731 905 1776 destinavimus,
929 1731 966 1767 ei
997 1731 1173 1767 victori
1204 1731 1496 1779 triumphum
1525 1742 1666 1778 nega—

254 1802 375 1839 turi?
407 1812 449 1838 et
482 1803 674 1849 quidem
723 1802 824 1850 (cod.
863 1802 1090 1850 negaturi
1121 1800 1357 1849 equidem)
1399 1814 1489 1837 non
1521 1801 1666 1837 homi-

255 1886 335 1910 nes
368 1880 564 1913 tantuni,
596 1873 679 1909 sed
713 1873 828 1907 deos
860 1873 1003 1909 etiam
1035 1885 1122 1908 suo
1147 1873 1329 1908 honore
1354 1869 1667 1906 fraudaturi?

256 1929 346 1981 Non
376 1950 502 1993 potcst-
547 1945 584 1980 in
633 1943 853 1979 huiusmodi
897 1943 1199 1992 interrogatione
1231 1942 1354 1979 omitti
1383 1942 1541 1977 verbum
1577 1942 1666 1977 sub-

255 2016 476 2052 stantivum.
507 2015 639 2063 priinae
669 2014 879 2062 praesertixn
926 2021 991 2050 aut
1040 2015 1214 2050 secundm
1258 2025 1444 2061 personae.
1517 2013 1667 2059 Itaque,

256 2088 328 2123 nisi
371 2087 461 2134 quid
493 2092 681 2134 praeterea.
724 2085 851 2120 mendi
897 2091 972 2129 est,
1018 2085 1158 2121 excidit
1203 2096 1372 2120 sumus.
1492 2082 1668 2131 Excipit,

256 2158 388 2206 paucis
418 2156 645 2195 interiectis,
689 2157 769 2192 haec
813 2156 1000 2192 sententia
1049 2156 1083 2203 (ξ
1129 2156 1211 2200 ll):
1255 2154 1441 2192 Consul
1469 2152 1668 2202 profici-

257 2240 396 2264 scens
435 2256 472 2266 ..
523 2227 568 2262 in
599 2226 904 2275 provinciam
937 2233 980 2262 et
1011 2226 1066 2262 ad
1093 2225 1274 2261 bellum
1306 2230 1419 2261 vota
1448 2225 1494 2260 in
1525 2223 1669 2272 Capi-

258 2298 380 2334 tolio
410 2304 678 2346 nuncupat3
709 2298 881 2342 victor,
912 2303 1197 2345 perpetrato
1233 2296 1412 2339 eodem,
1442 2295 1488 2331 in
1520 2293 1668 2342 Capi-

257 2367 380 2403 tolio
411 2368 720 2417 triumphans
753 2368 809 2403 ad
845 2368 1035 2403 eosdem
1071 2366 1392 2413 deos,quibus
1422 2371 1535 2402 vota.
1557 2377 1669 2400 nun-

261 2439 480 2486 cupavit,
530 2439 701 2475 merita
746 2439 871 2474 dona
912 2437 1079 2486 populi
1109 2436 1312 2474 Romani
1342 2435 1669 2472 transvehens

256 2509 396 2547 redit.
472 2510 534 2547 Sic
562 2510 659 2545 enim
686 2509 933 2557 Kreyssigius
965 2508 1139 2556 scripsitq
1165 2520 1279 2555 quum
1313 2507 1351 2542 in
1382 2505 1514 2542 codice
1552 2509 1668 2540 esset:

260 2580 433 2615 merita
464 2581 683 2627 donaque
713 2592 777 2627 pr.
810 2579 1108 2623 transi-edit,
1142 2591 1161 2613 e
1191 2590 1265 2625 quo
1285 2576 1474 2625 Grynaeus
1505 2574 1668 2611 fecerat:

255 2651 431 2687 merita
465 2652 588 2687 dona
617 2650 787 2698 populi
820 2650 1027 2687 Romani
1065 2647 1294 2685 traducit.
1360 2646 1437 2683 Sed
1467 2657 1590 2692 neque
1621 2643 1671 2680 ad
