1811 2925
793 124 866 158 311
1278 119 1350 150 Lib.
1365 119 1497 151 xxvx.

129 249 337 297 quisque
368 246 596 296 patriam,
631 244 712 281 sed
743 250 891 280 totam
924 242 1144 281 Siciliam
1174 242 1442 280 relicturos
1475 249 1544 279 cet.

132 320 208 355 Pro
239 318 444 367 quisque
477 328 593 364 quum
627 314 756 358 Valla,
785 313 1032 358 Gronovius,
1064 312 1269 350 Creverius
1314 324 1545 360 quemque

129 389 243 427 scribi
274 387 495 431 voluissent,
525 385 649 422 exorti
680 397 801 433 nuper
813 391 913 430 sunt,
944 384 1009 433 qui
1022 383 1261 420 nominativo
1282 381 1542 419 defensionem

129 465 311 509 pararent
352 471 400 494 ex
438 457 531 494 locis
569 468 727 505 prorsus
772 454 1043 500 dissimilibus,
1085 454 1122 490 in
1163 454 1301 502 quibus
1331 464 1543 501 pronomen

129 532 215 578 (aut
243 528 508 578 participium)
548 526 736 563 sententia
773 531 810 563 et
851 525 937 562 loco
974 525 1023 561 ad
1052 524 1278 574 gerundium
1311 529 1377 560 aut
1406 522 1544 559 ablati-

129 612 198 637 vos
228 598 425 636 absolutos
454 598 647 647 pertinens
678 604 817 640 tamen,
849 596 1031 644 quoniam
1060 595 1118 632 his
1148 593 1399 644 grammatice
1421 592 1544 642 appli-

129 671 208 708 cari
239 669 382 718 nequit,
415 681 506 705 casu
537 667 853 704 accommodatur
884 666 932 702 ad
963 666 1013 712 id,
1045 667 1094 703 ad
1126 665 1230 714 quod
1260 677 1374 700 unum
1405 669 1543 712 potest,

128 741 324 779 sententiae
354 739 469 776 finitae
485 739 697 775 subiectum
730 740 789 782 (ut
813 737 894 781 IV,
926 738 991 781 31,
1022 738 1064 773 2:
1095 735 1338 773 tendendo
1367 734 1424 771 ad
1455 746 1543 770 sua

130 812 337 861 quisque
367 810 579 846 consilia
618 839 626 846 .
647 840 654 847 .
674 838 682 846 .
723 814 1023 856 aperuerunt
1047 814 1084 843 et
1115 807 1187 851 IV,
1211 808 1544 851 44,10:causa

128 882 233 931 ipse
262 893 350 930 pro
391 892 439 917 se
469 881 597 917 dieta
636 909 670 917 ..
715 879 991 923 damnatur,
1025 879 1099 915 hoc
1131 884 1205 914 est:
1237 890 1354 925 quum
1387 888 1543 913 causam

132 953 214 1002 ipse
243 964 313 1001 pro
354 963 394 987 se
435 950 611 993 dixisset3
657 948 834 997 exempla
871 948 1004 985 formae
1046 961 1069 984 a
1103 961 1163 984 me
1194 947 1265 986 Gr.
1297 948 1382 985 Lat.
1414 950 1432 991 ἓ
1465 947 1542 983 428

129 1026 206 1056 not.
238 1023 259 1055 4
304 1019 529 1057 brevissime
565 1019 788 1067 significatae
829 1019 983 1067 collegit
1022 1018 1359 1055 Weissenbornius
1390 1018 1440 1054 ad
1471 1017 1543 1061 IV,

129 1092 193 1135 44,
232 1092 290 1134 10,
321 1089 457 1137 quibus
488 1088 577 1124 addi
607 1089 687 1124 haec
716 1096 894 1138 possunt:
944 1089 1031 1128 Liv.
1061 1089 1183 1134 XLI,
1221 1092 1286 1134 10,
1324 1090 1388 1126 13:
1420 1087 1543 1125 Con-

129 1160 266 1196 tione
297 1159 569 1196 adveniens
609 1188 645 1198 ..
683 1160 864 1205 habita,
898 1159 977 1199 Cic.
1010 1173 1081 1209 pro
1116 1160 1226 1197 Sulla
1263 1163 1320 1205 10,
1350 1161 1413 1204 30,
1444 1159 1542 1198 Tac.

128 1230 230 1267 Hist.
259 1231 315 1279 ΙΙ,
344 1233 405 1275 7);
436 1230 497 1267 hic
531 1230 733 1278 quisque
764 1231 891 1276 habet,
910 1243 985 1279 quo
1007 1232 1223 1268 necessario
1255 1230 1455 1275 referatur,
1483 1242 1543 1275 se,

128 1300 249 1337 tribus
279 1307 367 1337 ante
396 1301 524 1337 verbis
553 1301 784 1350 praecedens.
828 1301 932 1338 Nam
950 1302 1221 1350 quodquidam
1242 1301 1444 1350 quisque
1473 1312 1543 1349 pro

127 1371 385 1408 indeclinabili
407 1371 586 1408 ablativis
616 1371 802 1408 absolutis
831 1371 1021 1420 interponi
1050 1384 1164 1422 posse
1195 1378 1380 1421 putarunt
1411 1371 1543 1418 (debe-

129 1443 222 1478 bant
251 1442 355 1490 ipse
386 1441 634 1490 adiungere),
665 1448 847 1490 apparet,
886 1454 1001 1490 quam
1043 1442 1285 1491 perspicuam
1316 1441 1543 1478 nominativi

129 1512 317 1548 rationem
348 1512 385 1548 in
416 1511 480 1556 iis,
513 1524 608 1560 quos
640 1512 743 1555 dixi,
783 1511 876 1548 locis
913 1525 989 1548 non
1020 1512 1294 1557 intellexerint,
1324 1512 1455 1560 itaque
1484 1525 1543 1547 re-

129 1582 324 1630 linquitur,
356 1594 431 1630 quo
463 1582 646 1619 mirabilis
676 1582 741 1619 illa
773 1582 946 1618 doctrina
977 1584 1132 1628 nitatur,
1162 1595 1259 1619 unus
1281 1583 1343 1619 ille
1373 1583 1492 1627 locus,
1523 1596 1543 1618 e

130 1665 206 1700 quo
236 1659 328 1688 nata
359 1659 396 1688 et
426 1653 474 1689 ad
509 1666 620 1700 quem
653 1654 829 1701 exposita
846 1660 902 1689 est
921 1653 1114 1697 (traducta
1136 1653 1287 1690 etiama
1308 1653 1487 1701 Zumptio
1505 1653 1541 1688 in

128 1722 454 1771 grammaticam),
488 1724 710 1761 Sallustiiin
727 1724 816 1772 Jug.
842 1725 898 1768 18,
918 1723 1031 1767 3‚ulu‘
1045 1729 1110 1759 aut
1124 1723 1328 1771 quisque
1344 1736 1414 1772 pro
1447 1723 1542 1771 qui-

130 1795 311 1842 busque
345 1793 512 1842 positum
548 1794 718 1830 ablativo
749 1806 839 1830 casu
866 1794 1129 1843 accipiendum
1168 1802 1235 1831 aut
1268 1794 1543 1842 quibusque

129 1864 370 1901 scribendum
389 1875 486 1909 esse,
508 1864 692 1900 vidissent
709 1871 963 1907 enarratores,
980 1865 1011 1901 si
1039 1865 1301 1910 attendissent,
1318 1877 1393 1900 non
1410 1864 1543 1912 singu-

128 1934 185 1970 los
215 1934 267 1970 ibi
297 1933 504 1982 significari
534 1935 708 1971 homines
739 1935 785 1971 de
815 1935 976 1983 imperio
999 1935 1283 1980 contendentes,
1314 1935 1381 1971 sed
1409 1941 1541 1983 gentes

127 2010 165 2040 et
193 2004 378 2053 popuIOS,
417 2017 465 2040 ex
498 2005 635 2053 quibus
667 2006 902 2054 compositus
936 2005 1117 2042 Herculis
1160 2005 1350 2042 exercitus
1389 2004 1541 2048 fuisset;

127 2075 258 2122 itaque
278 2074 419 2122 plurali
448 2087 606 2112 numero
637 2075 734 2112 sibi
768 2076 952 2124 quique
970 2075 1170 2124 imperium
1188 2075 1330 2124 petisse
1353 2076 1540 2114 dicuntur.

127 2143 284 2194 (Iustini
313 2144 420 2181 locus
454 2146 617 2191 XXIX,
655 2149 686 2189 1,
719 2147 741 2183 8
771 2146 810 2182 in
840 2146 1060 2183 melioribus
1091 2146 1286 2182 codicibus
1307 2146 1419 2182 aliter
1450 2147 1541 2183 scri·

127 2214 230 2251 bitur
259 2215 362 2264 apud
392 2215 597 2263 Ieepium.)
677 2217 811 2264 Atque
841 2217 975 2253 eadem
1016 2228 1174 2265 prorsus
1206 2223 1263 2252 est
1294 2216 1471 2262 Liviani,
1504 2217 1541 2252 in

127 2297 203 2333 quo
218 2297 429 2330 versamur,
449 2285 523 2321 loci
543 2285 667 2330 rati03
698 2299 820 2335 nequ-e
842 2287 941 2324 enim
963 2287 1101 2336 singuli
1121 2286 1357 2335 singularum
1390 2286 1541 2323 urbium

129 2355 246 2404 legati
268 2356 354 2403 (etsi
384 2355 512 2404 plures
543 2356 780 2404 singularum
803 2357 951 2393 urbium
983 2356 1150 2394 fortasse
1180 2356 1363 2405 suerunt),
1381 2370 1421 2393 se
1438 2357 1542 2393 solos

126 2426 298 2462 abituros
329 2439 376 2462 ex
411 2426 543 2464 Sicilia
573 2426 761 2471 dicebant,
792 2426 858 2462 sed
889 2427 1029 2464 civium
1064 2440 1220 2464 suorum
1251 2427 1379 2464 verbis
1408 2427 1540 2475 loque-

125 2496 276 2540 bantur,
308 2504 349 2533 ut
378 2510 439 2543 se,
469 2497 791 2545 quemadmodum
825 2497 1034 2545 saepissime
1058 2499 1161 2547 apud
1177 2498 1330 2535 Livium
1343 2498 1540 2546 inlegato-

125 2578 209 2603 rum
240 2567 415 2603 oratione
443 2567 652 2611 reddenda,
668 2567 717 2603 ad
749 2568 851 2603 cives
882 2567 1072 2604 referatur
1102 2566 1219 2618 (nos,
1236 2569 1275 2604 id
1292 2574 1465 2617 est‚ego
1498 2574 1541 2604 et

125 2636 257 2673 cives
283 2638 385 2675 mei.
426 2637 573 2674 Eodem
596 2638 711 2674 modo
732 2638 874 2683 XXX,
889 2639 953 2683 42,
970 2640 990 2675 3
1010 2639 1110 2675 sein
1131 2639 1345 2688 legatorum
1356 2639 1540 2676 Macedo-

125 2719 215 2743 num
236 2707 409 2744 oratione
428 2708 477 2744 ad
497 2707 718 2756 Philippum
742 2707 935 2756 refertur).
988 2709 1127 2757 Itaque
1143 2710 1192 2746 ad
1209 2710 1280 2746 hos
1303 2709 1540 2758 singularum
