1811 2925
259 132 473 165 Lib.XXV1.
879 134 956 171 308

205 255 387 305 distingui
418 261 462 291 et
490 255 705 303 geminato:
737 261 781 291 et
810 255 971 291 redire
1009 284 1047 295 ..
1087 262 1132 292 et
1162 256 1462 301 meminisse,
1491 268 1626 304 quam-

208 339 325 374 quam
354 325 454 361 idem
486 330 568 361 erat
601 325 737 362 vitium
768 325 807 361 in
840 325 914 360 hac
945 324 1194 362 diiunctione:
1226 332 1269 362 et
1300 326 1460 362 redire
1498 326 1627 363 iube-

209 402 278 433 ret
308 401 352 432 et
376 395 692 433 meminisset.
754 394 1007 432 Scribendum
1037 401 1111 432 est:
1142 396 1373 445 proinde,
1421 396 1460 432 si
1490 396 1626 433 vide-

207 472 341 503 retur
373 466 430 511 ei,
460 466 623 502 redire
652 466 699 502 in
730 464 1026 514 suffragium
1170 466 1360 503 iuberet
1399 471 1443 502 et
1472 466 1625 502 memi-

207 536 335 573 nisse
366 542 436 573 cet.
503 536 692 585 Legitime
721 536 760 572 in
791 536 864 572 hac
895 535 1054 572 comiter
1070 537 1233 585 rogandi
1252 536 1484 584 iubendique
1500 535 1626 572 forma

206 606 379 643 dativum
411 606 514 651 addi,
545 607 747 656 apparebit
775 606 990 656 inspicienti
1019 607 1074 652 II,
1109 608 1174 652 26,
1212 609 1271 653 12,
1302 606 1462 651 XXVI,
1499 608 1556 651 16,
1588 609 1626 651 4,

210 677 372 721 XXXI,
405 679 441 722 4,
475 678 511 722 2,
541 678 746 723 XXXIV,
779 678 844 722 46,
877 678 899 713 5
931 677 1149 724 multosque
1180 677 1277 713 alios
1294 676 1395 714 Livii
1417 682 1453 713 et
1469 675 1626 713 Cicero-

207 747 264 784 nis
293 746 412 793 locos,
445 747 509 796 qni
538 748 577 785 in
606 748 740 785 lexicis
774 748 826 798 (v.
858 746 1032 793 videri)
1065 754 1101 783 et
1132 748 1223 784 alibi
1255 748 1375 795 (velut
1405 747 1508 795 apud
1526 747 1626 783 Bec-

207 818 339 854 kerum
373 818 535 866 Antiqq.
570 819 683 859 Rom,
726 819 792 864 II,
835 818 856 853 2
889 830 927 866 p.
970 818 1066 865 444)
1098 818 1247 855 collecti
1291 823 1389 855 sunt.
1476 817 1625 854 Eadem

207 889 440 937 permutatio
472 892 540 933 (—
570 895 628 925 est
657 889 756 926 enim
785 893 1000 938 pervagata
1030 888 1100 934 —)
1150 887 1256 924 facta
1300 893 1357 924 est
1389 887 1556 937 proximi
1582 886 1628 923 li-

207 958 264 995 bri
295 958 500 1008 (XXVII)
533 972 564 996 c.
596 961 632 1005 S,
665 961 701 1004 S,
733 958 797 995 ubi
828 957 1028 994 scribitur:
1059 964 1301 995 vetustum
1346 958 1421 995 ius
1462 970 1625 994 sacer-

207 1029 333 1065 dotii
377 1028 440 1075 (C.
472 1028 654 1066 Valerius
686 1030 826 1066 flamen
863 1025 1004 1075 Dialis)
1048 1029 1332 1076 repetebat3
1379 1029 1541 1065 datum
1581 1028 1626 1064 id

208 1111 309 1135 cum
343 1106 461 1148 toga
493 1106 741 1148 praetexta
772 1106 817 1135 et
846 1098 970 1134 sella
1001 1097 1158 1133 curuli
1191 1104 1235 1134 et
1264 1098 1486 1135 flaminio
1509 1111 1625 1135 esse.

207 1169 359 1206 Vitiose
389 1182 474 1206 cum
506 1170 712 1207 sacerdotii
746 1167 980 1206 ornamentis
1011 1167 1123 1203 tertio
1154 1168 1240 1204 loco
1272 1170 1472 1217 copulatur
1500 1169 1625 1218 ipsum

208 1240 488 1285 sacerdotium3
532 1241 659 1289 agitur
699 1240 746 1276 de
775 1238 895 1287 ipsius
928 1238 1133 1274 sacerdotii
1161 1239 1261 1283 iure3
1299 1240 1540 1276 scribendum
1571 1247 1630 1275 est>

209 1310 342 1359 igitur:
391 1311 553 1348 datum
608 1311 653 1347 id
702 1322 802 1347 cum
851 1314 876 1345 t.
909 1321 974 1357 pr.
1007 1314 1044 1344 et
1083 1319 1112 1344 s,
1144 1309 1299 1345 curuli
1334 1310 1375 1349 ei
1406 1307 1627 1347 flaminio

207 1393 328 1418 esse.
410 1381 555 1427 (Plura
598 1381 696 1417 enim
749 1385 858 1416 erant
915 1378 1114 1427 flaminia)
1194 1379 1333 1427 Neque
1374 1379 1498 1416 minus
1541 1393 1627 1429 per-

209 1452 383 1500 spicuum
425 1457 483 1488 est
513 1451 682 1488 eiusdem
714 1450 801 1487 libri
830 1462 860 1488 c.
901 1452 960 1495 ll,
998 1451 1040 1485 ll
1089 1455 1191 1485 recte
1239 1450 1466 1486 Rhenanum
1513 1450 1627 1487 scribi

210 1522 396 1558 voluisse:
428 1522 502 1559 cui
532 1522 578 1558 di
608 1527 788 1558 sortem
822 1519 1015 1569 legendi
1047 1519 1319 1564 dedissent,
1361 1521 1405 1560 ei
1447 1521 1534 1570 (pro
1566 1520 1626 1568 et)

209 1592 283 1629 ius
313 1592 520 1629 liberum
551 1592 748 1629 eosdem
782 1592 896 1628 deos
927 1586 1174 1638 dedisse.¹)

320 1662 416 1712 Cap.
450 1665 514 1709 25,
547 1663 569 1700 8
603 1662 666 1712 (de
695 1661 880 1710 Philippo
898 1660 1114 1697 Macedone
1153 1667 1189 1697 et
1219 1661 1369 1697 Maedis
1399 1660 1437 1697 in
1466 1673 1627 1709 regnum

208 1732 288 1769 eius
318 1733 524 1780 incurrere,
556 1746 673 1782 quum
707 1733 798 1770 alibi
829 1736 1039 1780 occupatus
1070 1736 1180 1775 esset,
1199 1731 1355 1779 solitis):
1386 1732 1627 1779 Frangen-

209 1803 296 1839 das
334 1803 489 1851 igitur
519 1810 720 1840 vastare
762 1815 905 1852 agros
946 1808 990 1838 et
1018 1801 1178 1837 urbem
1213 1802 1628 1851 Tamphorynam,

210 1880 354 1922 caput
398 1887 653 1922 arcemque
695 1873 952 1917 Maedicae,
993 1884 1275 1920 oppugnare
1316 1872 1483 1921 coepit.
1543 1871 1626 1909 Sic.

210 1944 382 1992 exceptis
415 1944 619 1981 levissimis
650 1944 845 1981 erroribus
877 1943 914 1978 in
945 1941 1125 1979 extremis
1145 1940 1272 1977 verbis
1290 1942 1414 1984 (velut
1446 1954 1625 1990 argem-

211 2013 313 2062 que)
346 2015 380 2050 P
412 2015 604 2063 ceterique
635 2015 786 2051 codices
817 2013 933 2062 paulo
964 2012 1153 2049 melioreS.
1230 2011 1343 2058 Quod
1373 2024 1494 2060 nuper
1523 2011 1626 2060 posi-

208 2091 287 2120 tum
318 2089 375 2119 est
407 2084 460 2131 (et
489 2085 565 2121 iam
598 2085 701 2133 apud
733 2083 1096 2121 Drakenborchium
1129 2094 1148 2117 e
1187 2082 1306 2118 tribus
1341 2082 1536 2118 codicibus
1566 2094 1624 2118 re—

207 2154 379 2191 centibus
410 2154 658 2201 adnotatu1·):
692 2154 765 2191 Ad
797 2152 1099 2200 frangendos
1129 2151 1298 2200 igitur,
1342 2165 1387 2189 eo
1418 2152 1541 2188 minus
1572 2151 1627 2187 sic

207 2223 280 2260 dici
315 2224 457 2260 omisso
489 2225 717 2271 pronomine
751 2225 873 2270 (eos)
903 2223 1039 2271 potnit,
1072 2223 1172 2271 quod
1204 2235 1317 2271 gens
1348 2235 1399 2259 ea
1420 2221 1625 2271 praecessit.

231 2407 259 2450 ¹)
293 2412 453 2442 Pioximc
480 2413 511 2452 (ξ
539 2412 574 2455 8)
599 2414 656 2444 ubi
685 2415 717 2444 in
746 2415 772 2445 P
799 2419 866 2445 cst:
895 2415 1094 2445 asserint
1126 2422 1258 2454 prope
1285 2413 1450 2444 moenia
1476 2413 1627 2442 Romu-

302 2483 374 2513 na,
396 2482 511 2504 verum
538 2485 606 2505 non
635 2479 685 2505 cst
709 2475 918 2505 arserint.
970 2474 1060 2506 Urbs
1087 2474 1204 2505 ardere
1222 2480 1334 2515 potest
1351 2474 1508 2511 tumultu,
1535 2482 1624 2503 moc-

299 2535 355 2565 nia
379 2544 447 2565 non
471 2541 630 2576 possunt3
669 2545 804 2577 prope
836 2535 990 2566 ardere
1032 2535 1218 2567 tumultu
1254 2536 1337 2566 nihil
1373 2541 1502 2577 potcst;
1546 2544 1623 2564 nam

299 2596 413 2636 imago
439 2595 577 2634 tollitur,
605 2597 723 2628 addito
749 2606 896 2637 prope.
948 2596 1086 2628 Fuitne:
1114 2597 1212 2637 quoi
1240 2598 1319 2638 (pro
1346 2600 1445 2637 quo)
1541 2604 1624 2626 ecs-

301 2657 443 2689 serint
469 2667 605 2697 prope
636 2659 809 2690 moenia
834 2658 1053 2690 Romana?
