1811 2925
835 109 878 144 13

142 233 210 278 tis,
245 244 328 281 quae
358 231 416 268 bis
447 231 561 268 scribi
591 231 795 273 debebant.v
826 230 941 266 etiam
974 231 1020 267 de
1052 232 1246 268 erroribus
1279 245 1328 269 ex
1357 233 1567 270 vetustiore

143 305 349 341 verborum
388 302 515 339 forma
562 302 682 338 ortis.
725 302 795 338 etsi
834 302 860 338 ii
900 313 977 338 non
1015 303 1124 339 multi
1161 310 1249 340 sunt
1292 304 1385 347 (IV,
1421 306 1481 350 13,
1520 307 1564 342 13

143 374 356 412 consilia
386 387 434 410 cx
464 372 679 422 consili).
767 373 926 410 Nullum
966 381 1022 410 est
1053 375 1151 411 enim
1185 376 1338 412 errandi
1367 389 1487 425 genus
1518 390 1568 414 ex

142 447 201 492 iis,
233 458 316 494 quae
346 445 383 481 in
405 443 583 492 antiquiS,
616 443 680 492 qui
708 452 924 492 supersunt,
959 445 1156 483 codicibus
1176 447 1430 495 reperiuntur,
1463 451 1567 498 quod

143 530 220 554 non
264 517 341 553 iam
391 516 428 552 in
476 515 586 551 huius
633 515 788 552 decadis
826 517 958 553 codiCe
1001 518 1211 566 archetypo
1252 526 1449 556 versatum
1495 522 1566 567 sit;

142 590 273 638 itaque
307 588 420 625 facile
459 594 556 623 esset
587 599 671 622 cum
709 587 788 623 his.
838 600 922 635 quae
962 589 1096 637 posui,
1137 589 1323 638 exemplis
1361 592 1500 629 similia
1547 607 1567 630 e

143 660 339 697 'codicibus
369 658 552 703 Puteani.v
583 658 876 707 Bambergensi,
909 659 1204 697 Vindobonensi
1232 662 1373 708 tertiae,
1408 672 1566 712 quartae,

144 732 285 780 quintae
315 731 471 767 decadis
500 742 740 778 comparare.
820 732 952 778 Atque
983 741 1038 768 est
1069 732 1205 777 etiama
1247 734 1312 770 ubi
1342 748 1419 772 non
1446 737 1567 785 negli-

141 803 273 853 gentia
313 804 378 840 sed
420 814 541 851 pravo
573 801 735 845 iudicio,
782 813 898 848 quum
929 815 953 838 a,
983 804 1172 839 sententia
1202 805 1421 843 aberratum
1454 815 1567 854 esset,

144 881 211 911 aut
246 875 329 923 ipse
372 873 511 910 codicis
552 872 749 921 archetypi
791 872 971 909 librarius
1015 881 1081 910 aut.
1118 875 1195 911 iam
1235 876 1332 913 alius
1364 878 1430 915 illo
1470 881 1567 917 anti-

144 947 256 994 quior
285 947 404 981 verba
437 943 654 981 mutaverit.
683 950 725 979 ut
759 944 864 983 VII,
897 947 961 981 41.
995 948 1030 986 6.,
1062 946 1138 991 ubi,
1172 947 1304 984 addito
1337 950 1416 997 qui
1449 965 1567 1001 prop-

142 1024 200 1053 ter
229 1030 339 1053 eoru
352 1030 388 1053 m
419 1015 518 1052 male
541 1014 786 1059 intellectum.v
814 1015 950 1051 deinde
980 1015 1227 1065 fugissent
1252 1032 1324 1067 pro
1356 1020 1567 1070 fugisset

142 1089 326 1138 scripturn
358 1095 425 1124 est.
457 1094 491 1123 et
521 1086 616 1130 VIL
649 1088 713 1131 30,
750 1088 795 1122 10
829 1086 1061 1133 (iubeatis
1088 1101 1158 1137 pro
1189 1090 1394 1141 iubetis)
1427 1101 1463 1130 et
1493 1096 1566 1142 IV,

144 1162 214 1205 31,
265 1162 285 1197 3
337 1158 541 1207 (magnis
587 1157 764 1193 animis
810 1165 962 1206 atque
1009 1159 1225 1208 ingeniis
1268 1175 1359 1211 pro:
1400 1167 1567 1214 magni

143 1231 289 1267 animi
320 1237 474 1278 atque
503 1228 733 1277 ingenii),
779 1228 826 1264 de
869 1229 1007 1277 quibus
1048 1231 1142 1268 locis
1173 1233 1211 1268 in
1244 1234 1377 1271 ordine
1408 1236 1566 1276 dicetur.

143 1302 269 1350 Quam
301 1301 448 1349 antiqui
476 1299 693 1337 huiusmodi
724 1299 799 1336 sint
827 1300 866 1336 in
896 1301 1025 1338 verbis
1048 1303 1323 1353 coniungendis
1353 1308 1569 1345 sententiis-

141 1386 216 1421 que
245 1372 501 1422 percipiendis
532 1384 701 1416 erroreS,
749 1383 845 1419 quos
877 1373 1066 1421 scriptura
1104 1375 1185 1412 sine
1231 1377 1309 1413 ulla
1348 1377 1568 1427 interpunc-

139 1443 243 1479 tione
274 1444 482 1480 decurrens
513 1443 727 1487 obiiciebat,
759 1449 795 1479 et
823 1443 913 1479 inde
944 1445 1142 1494 scripturae
1165 1448 1475 1496 depravationes,
1502 1450 1565 1486 vel

141 1528 160 1552 e
193 1514 311 1552 Gellii
341 1515 487 1563 aliquot
517 1514 609 1551 locis
643 1513 802 1562 intelligi
831 1521 979 1563 potest‚
1018 1517 1122 1554 velut
1157 1532 1205 1555 ex
1241 1519 1307 1564 iis,
1354 1533 1438 1569 quae
1469 1521 1562 1568 VII„

143 1587 164 1622 2
197 1587 244 1622 de
274 1585 448 1622 Caesellio
479 1585 641 1621 Vindice
670 1592 825 1630 narrat,
871 1586 1033 1634 aliisque
1075 1590 1261 1639 exemplis
1303 1592 1564 1632 declarabitur

142 1658 191 1693 ad
221 1657 433 1701 XXVIII,
465 1658 538 1701 40,
582 1651 658 1703 5²).
739 1656 903 1705 Aliquot
931 1657 1026 1695 locis
1056 1661 1236 1698 mendum
1268 1676 1397 1701 errore
1427 1673 1561 1703 natum

140 1729 217 1766 iam
258 1729 296 1765 in
335 1728 466 1764 codice
504 1727 709 1775 archetypo
740 1727 1009 1777 interpolando
1042 1732 1275 1770 occultatum
1308 1742 1410 1782 erat,
1454 1738 1560 1775 cuius

139 1801 195 1837 rei
224 1799 468 1837 manifestum
502 1797 716 1846 exemplum
747 1807 803 1835 est
832 1800 871 1836 in
892 1801 926 1846 Ι,
959 1804 1022 1847 56,
1060 1805 1120 1848 11,
1151 1805 1216 1840 ubi
1240 1818 1356 1853 quum
1380 1820 1429 1844 ex
1447 1809 1560 1846 Tar-

233 2015 446 2056 schcfski0)3
473 2021 505 2046 et
530 2021 639 2046 tamen
665 2015 709 2053 Π,
738 2019 768 2053 2,
801 2020 813 2047 1
835 2027 939 2058 quum
961 2019 1097 2049 tandem
1125 2029 1168 2050 ex
1192 2023 1436 2054 necubiubi
1463 2027 1560 2057 resti-

232 2085 340 2109 tutum
374 2083 461 2109 esset
492 2087 604 2107 verum
634 2078 804 2115 necubi,
840 2079 997 2111 Hertzius
1030 2081 1130 2113 rediit
1161 2083 1203 2113 ad
1239 2084 1361 2116 infelix
1396 2085 1559 2120 Gronovii

232 2141 404 2172 inventum
436 2149 484 2170 nc
510 2140 677 2178 ubiubi,
714 2141 809 2181 quasi
835 2152 896 2182 pro
926 2152 984 2180 eo,
1028 2145 1118 2183 quod
1145 2151 1197 2176 est
1228 2156 1276 2177 ne
1304 2149 1400 2189 quis
1427 2156 1484 2181 aut
1510 2161 1560 2182 ne

233 2203 484 2244 quisquam,
518 2203 606 2233 dieas
631 2212 679 2233 ne
706 2204 920 2245 quisquis.

163 2285 197 2329 ¹)
230 2287 272 2318 In
298 2288 415 2319 eodem
441 2297 564 2328 genere
589 2298 696 2330 pravae
721 2290 918 2321 mutationis
943 2294 1138 2333 ponendum
1157 2295 1191 2325 id
1206 2300 1266 2332 est,
1295 2305 1311 2326 c
1338 2306 1403 2336 quo
1430 2296 1477 2338 ΙΙ,
1502 2302 1556 2335 40,

233 2353 251 2380 8
279 2349 404 2380 frustra
429 2351 625 2381 sententian
652 2350 785 2382 efficere
812 2359 998 2385 conantur:
1024 2365 1099 2387 nec
1124 2357 1207 2388 tibi
1233 2359 1404 2399 turpius
1433 2370 1558 2400 quam

231 2411 336 2442 mihi
364 2411 584 2450 miserius,
618 2412 674 2443 ubi
707 2419 797 2444 recte
822 2414 1001 2448 Bekkerus
1028 2424 1164 2450 secutus
1199 2425 1249 2451 est
1283 2422 1555 2453 emendationem

231 2474 297 2505 iam
325 2474 360 2505 in
387 2474 503 2505 codice
519 2472 759 2507 Gaermeriano
784 2475 913 2509 factam
938 2489 1014 2510 nec
1039 2481 1122 2512 tibi
1148 2482 1320 2524 turpius
1346 2493 1422 2516 nec
1449 2485 1557 2516 mihi

231 2536 454 2569 miserius.
497 2535 716 2575 Quaerebatur
740 2539 883 2571 alterum
906 2543 1171 2582 comparationis
1193 2544 1394 2576 membrum.
1437 2544 1558 2586 (Quod

230 2608 337 2639 nuper
375 2609 493 2640 quam
530 2600 693 2631 sublatum
726 2611 788 2631 nec
813 2607 925 2635 tamen
957 2613 1032 2635 nec
1059 2605 1210 2636 additum
1238 2612 1308 2640 est.
1346 2606 1427 2638 ferri
1461 2608 1557 2639 nullo

231 2661 331 2692 modo
356 2662 497 2702 potest.)
