1811 2925
849 125 926 161 463
1434 123 1510 154 Lib.
1528 123 1604 154 XL.

173 248 370 293 tollere,
414 246 569 291 volui,
617 259 762 294 quum
811 246 1129 283 comissatum
1175 245 1365 295 gladiis
1396 246 1607 283 accincti

174 332 248 356 me
295 319 452 355 secuti
489 324 616 363 sunt,
660 317 793 354 ferro
838 317 1145 353 interficere.
1222 317 1438 367 Descriptis
1484 318 1605 355 tribus

173 390 284 427 unius
315 390 389 426 diei
419 389 680 438 temporibus,
733 388 971 437 ineptissime
1019 388 1059 424 in
1100 388 1227 437 primo
1269 389 1444 425 membro
1479 390 1606 437 (post

171 461 547 503 lustrationem,
603 472 743 508 quum
793 458 1147 504 concurrimus)
1197 459 1371 506 additur,
1418 467 1606 509 tanquam

170 533 359 569 notabile:
401 539 444 568 et
476 531 690 580 quidem,
722 530 759 567 si
797 530 870 566 dis
901 529 1094 578 placet,
1125 530 1479 568 lustrationum
1510 532 1604 578 die,

172 603 283 651 quasi
319 605 393 640 hoc
439 602 552 639 huius
591 602 755 639 membri
788 601 989 650 proprium
1021 600 1071 637 sit
1101 614 1146 638 ac
1177 615 1255 638 non
1285 615 1394 651 aeque
1428 603 1477 640 ad
1509 603 1603 640 alte-

168 688 254 711 rum
287 681 324 711 et
353 675 508 711 tertium
540 674 731 723 pertineat
762 678 799 709 et
829 672 941 720 quasi
963 677 1051 720 post
1080 672 1347 710 lustrationem
1378 675 1501 711 caedes
1522 673 1604 711 fieri

170 746 351 795 potuerit,
382 746 455 782 nisi
486 758 531 782 eo
567 745 640 789 die,
672 756 749 792 quo
779 743 958 779 lustratio
991 743 1148 780 omnino
1180 750 1292 781 esset.
1349 745 1602 795 Perspicuum

170 823 227 853 est
255 824 464 866 praeterea,
514 829 630 864 quam
672 815 812 851 vitiose
850 815 1098 864 perturbetur
1133 816 1220 865 ipsa
1250 816 1452 865 aequalitas
1484 830 1602 854 mem-

168 889 325 925 brorum
343 887 514 924 studiose
550 887 712 934 quaesita
730 886 770 922 in
800 887 973 922 notando
1004 886 1146 935 triplici
1168 887 1283 924 caedis
1311 894 1452 924 conatu
1476 890 1603 937 (post

167 960 529 1003 lustrationem,
563 971 701 1005 quum
740 957 1090 1002 concurrimus,
1118 957 1343 994 occidere
1369 988 1376 996 .
1397 986 1432 996 ..
1462 971 1601 1007 quum

168 1030 225 1066 ad
256 1042 457 1066 coenam
489 1029 730 1070 invitavi,
764 1041 950 1064 veneno
982 1029 1086 1065 scil.
1138 1029 1318 1065 tollere
1462 1042 1600 1078 quum

167 1100 490 1137 comissatum
536 1101 596 1150 gl.
627 1113 723 1137 acc.
774 1113 845 1135 me
877 1100 1036 1136 secuti
1067 1107 1197 1144 sunt,
1228 1100 1361 1137 ferro
1399 1100 1600 1138 interfi-

167 1183 286 1217 cere,
320 1171 393 1207 nisi
428 1172 532 1219 quod
563 1172 601 1207 in
631 1171 758 1220 primo
791 1172 964 1208 membro
996 1171 1197 1208 occidendi
1237 1172 1374 1208 modus
1405 1172 1600 1220 significa-

166 1250 228 1278 tur
258 1242 344 1291 ipso
375 1249 548 1293 tempore
579 1256 624 1280 ac
656 1249 874 1279 momento:
918 1255 1056 1290 quum
1096 1244 1462 1291 concurrimus).
1524 1242 1600 1281 Sed

164 1326 251 1362 quae
282 1313 370 1350 hinc
401 1313 639 1350 alienissima
672 1320 762 1350 sunt
796 1315 935 1350 verba:
975 1320 1020 1350 et
1051 1314 1261 1361 quidem,
1294 1314 1391 1351 s.'d.
1422 1314 1503 1363 pL,
1535 1314 1600 1351 lu-

165 1384 463 1422 strationum
494 1384 596 1430 die,
628 1397 700 1430 ea,
735 1397 813 1420 una
845 1385 979 1420 addita
1008 1385 1151 1421 lineola
1183 1384 1365 1434 (diem),
1399 1386 1600 1435 aptissima

168 1461 278 1492 erunt
307 1455 426 1504 paulo
458 1462 558 1499 ante,
592 1463 631 1492 ut
662 1457 700 1493 in
733 1469 851 1493 unum
884 1456 984 1493 diem
1016 1462 1054 1492 et
1083 1456 1121 1492 in
1153 1456 1253 1492 diem
1286 1456 1381 1493 mire
1412 1457 1601 1494 delectum

167 1533 243 1562 tres
275 1534 436 1563 conatus
474 1527 605 1564 collati
651 1529 847 1565 dicantur:
886 1539 1052 1563 omnes
1090 1527 1385 1564 insidiarum
1417 1527 1523 1564 vias
1555 1527 1601 1564 in

166 1610 306 1633 unum
339 1598 555 1635 contulit
586 1599 727 1643 diem,
775 1599 1065 1647 etquidem,
1118 1598 1263 1635 siclis
1293 1597 1482 1646 placet,
1529 1598 1600 1635 lu-

166 1669 463 1705 strationum
494 1669 631 1706 diem.
700 1670 849 1706 Volui
879 1670 1093 1707 interdiu
1137 1683 1237 1706 eum
1278 1675 1392 1718 post
1422 1669 1602 1706 lustra-

167 1739 366 1785 tionem,
413 1753 552 1788 quum
592 1741 955 1787 concurrimus,
991 1742 1237 1787 occidere3
1271 1740 1430 1785 volui,
1462 1753 1600 1784 ouum

166 1810 222 1845 ad
253 1823 447 1847 coenam
479 1818 551 1848 cet.
617 1810 941 1862 Coniungenslum
972 1820 1030 1850 est
1059 1813 1176 1862 igitur
1205 1813 1280 1849 hoc
1301 1812 1508 1849 verborum
1531 1813 1600 1850 ali-

166 1886 261 1929 quot
289 1894 359 1918 suo
389 1882 476 1919 loco
508 1889 701 1920 motorum
734 1891 771 1920 et
814 1891 904 1933 post
948 1885 1075 1921 alieno
1113 1885 1346 1921 insertorum
1379 1885 1598 1934 exemplum

163 1951 278 2000 plane
309 1960 454 1990 certum
485 1967 572 1990 cum
604 1967 674 1999 e0,
718 1956 822 2003 quod
860 1956 900 1992 in
939 1957 1014 1993 hac
1052 1956 1198 1992 decade
1228 1955 1363 1991 notavi
1393 1955 1598 2002 XXXVI,

165 2025 236 2069 34,
269 2026 290 2061 9
324 2030 361 2061 et
399 2028 444 2061 10
480 2038 518 2074 p.
552 2027 631 2063 423
651 2055 660 2072 ,
691 2033 728 2063 et
758 2028 1067 2076 comparandum
1097 2040 1184 2064 cum
1214 2026 1273 2071 iis,
1324 2038 1409 2074 quae
1439 2027 1532 2064 alibi
1560 2028 1597 2064 in

163 2094 299 2130 ceteris
314 2095 524 2133 decadibus
544 2104 681 2134 notata
699 2104 800 2136 sunt.
850 2098 1000 2135 Eodem
1017 2098 1144 2146 capite
1163 2099 1229 2143 §S,
1248 2098 1311 2134 ubi
1329 2097 1383 2134 sic
1399 2098 1599 2135 scribitur:

165 2171 341 2211 utrum,
376 2173 428 2203 ut
458 2167 709 2216 placarem
742 2176 805 2214 te,
838 2169 996 2206 danda
1030 2181 1181 2218 opera
1211 2168 1323 2213 fuit,
1372 2175 1422 2205 ut
1453 2169 1596 2207 aliam

164 2248 428 2284 quaererem
488 2239 823 2285 occasionem,
884 2241 1112 2288 quoniam
1163 2240 1313 2277 semel
1364 2253 1597 2278 venenum

161 2320 454 2355 paraveram
476 2337 485 2344 .
515 2322 570 2346 an
603 2311 660 2347 ab
686 2310 779 2347 illo
802 2311 1014 2348 consilio
1045 2312 1184 2348 velut
1209 2311 1597 2349 transiliendum

163 2378 218 2414 ad
257 2379 389 2415 aliud
428 2379 547 2425 fuit,
602 2387 656 2417 ut
685 2381 824 2418 ferro
860 2390 929 2427 te,
978 2389 1022 2419 et
1053 2383 1247 2431 quidem
1284 2394 1336 2418 eo
1369 2382 1468 2428 die,
1513 2395 1598 2432 per

163 2450 371 2499 speciem
406 2451 788 2489 comissationis
834 2453 1140 2491 occiderem?
1176 2454 1396 2491 necessario
1427 2454 1596 2491 scriben-

163 2521 252 2557 dum
283 2521 453 2558 videtur:
486 2529 529 2559 et
561 2522 752 2571 quidem
785 2525 950 2565 eodem
981 2523 1074 2568 die3
1119 2536 1166 2559 ea
1196 2523 1297 2560 enim
1328 2525 1596 2574 improbabilis

160 2592 313 2629 videtur
341 2592 537 2631 festinatio
569 2595 706 2631 eodem
733 2595 866 2643 utique
897 2595 958 2631 die
987 2607 1081 2640 rem,
1113 2595 1164 2631 ad
1193 2595 1300 2632 aliud
1328 2608 1449 2645 genus
1482 2597 1596 2633 caedis

160 2663 413 2700 translatam.
446 2665 684 2713 peragendi,
716 2678 792 2702 non
828 2666 931 2714 quod
964 2679 1016 2702 eo
1053 2666 1296 2715 potissimum
1328 2666 1389 2703 die
1419 2667 1595 2704 tentaba-
