1811 2925
792 191 870 228 263
1276 190 1350 221 Lib.
1363 191 1495 222 xxm.

238 311 335 362 Cap.
373 315 433 357 18,
454 316 474 350 5
506 314 572 357 (de
603 314 892 362 oppugnatione
909 312 1102 361 Casilini):
1135 314 1390 351 Postremo
1410 315 1542 352 Han-

124 384 269 429 nibal,
301 385 484 420 eastris
516 392 626 421 ante
656 385 765 434 ipsa
807 385 999 421 moenia
1039 385 1313 433 oppositis,
1344 398 1542 434 parvam

127 456 287 491 urbem
318 486 325 493 .
344 484 353 494 .
385 467 675 503 oppugnare
704 461 862 504 parat.
903 453 1043 491 Castra
1072 468 1149 491 non
1182 462 1440 504 opponuntur,
1470 457 1542 493 nisi

125 537 209 573 quae
244 525 345 561 hosti
376 526 556 574 progredi
579 527 732 563 conanti
767 526 1013 569 obiicinntur;
1045 526 1084 562 in
1119 527 1187 563 tali
1217 540 1277 571 re,
1315 527 1439 575 qualis
1478 528 1539 564 hic

122 603 314 637 narratur,
346 596 448 640 alibi,
480 596 518 632 ni
548 595 674 641 fallor,
694 610 845 646 semper
875 602 1041 633 castra
1073 604 1181 633 ante
1214 598 1320 646 ipsa
1350 599 1543 635 moenia

122 666 286 716 posita
316 666 503 705 dicuntur.
576 667 747 713 Vereor,
789 681 835 704 ne
866 680 921 716 op
952 674 1078 704 ortum
1124 667 1172 703 sit
1203 681 1251 704 ex
1284 669 1543 717 geminatione

123 738 257 774 litterae
288 751 310 789 p
340 744 375 773 et
405 737 634 786 praecedenti
667 735 747 788 a.¹)

233 807 360 857 *Cap
409 809 480 853 20,
526 811 546 844 6
601 810 755 855 (Patres
811 809 979 846 Romani
1026 808 1239 857 Petelinos)
1286 810 1543 847 consulere

122 879 459 927 sibimetipsos
509 879 556 916 in
600 880 836 928 reliquum
882 879 1112 929 praesenti
1157 879 1357 917 fortuna
1386 881 1542 918 iusse-

121 957 243 988 runt.
324 950 426 997 Quid
470 950 516 986 sit
563 951 819 987 consulere
864 951 959 987 sibi
1007 949 1236 999 praesenti
1274 949 1476 988 fortuna
1506 960 1542 989 et

122 1021 224 1069 qnod
255 1021 328 1057 hoc
359 1021 518 1057 ablativi
549 1034 680 1070 genus,
715 1021 843 1058 doceri
873 1021 1002 1059 velim.
1076 1020 1164 1056 Nisi
1194 1020 1232 1055 id
1263 1021 1329 1065 fit,
1363 1022 1447 1071 (nee
1478 1022 1540 1059 fu-

120 1098 245 1128 turum
278 1091 416 1140 opinor
444 1092 511 1137 ita,
543 1099 584 1128 ut
614 1091 789 1128 assentiri
807 1091 982 1140 possim.)
997 1091 1148 1127 Livium
1165 1091 1290 1128 dicam
1321 1093 1540 1141 scripsisse:

118 1174 204 1210 pro
235 1163 465 1210 praesenti
496 1162 716 1207 fortuna,
747 1164 820 1199 hoe
862 1170 937 1199 est.
976 1169 1017 1199 ut
1053 1175 1224 1211 praesens
1257 1163 1412 1200 iol-tuna
1439 1164 1540 1200 sine-

119 1228 232 1281 νεῖ-,9)

239 1302 335 1351 Cap.
369 1304 445 1349 25,
478 1306 519 1340 3:
558 1305 674 1341 Tum
710 1304 766 1340 Ti
810 1304 1123 1353 Sempronius
1267 1311 1434 1353 patres
1466 1312 1541 1341 est

119 1374 427 1417 adhortatus„
461 1388 528 1420 ne,
561 1375 643 1422 qui
674 1374 921 1411 Cannensi
951 1374 1097 1412 ruinae
1128 1387 1219 1410 non
1255 1376 1539 1412 succubuis-

117 1450 234 1488 sent,
267 1445 322 1480 ad
353 1445 562 1481 minores
595 1445 909 1482 calamitates
948 1445 1133 1482 animos
1172 1446 1537 1492 submitterent·;

119 1516 245 1564 quod
292 1516 348 1552 ad
401 1516 848 1565 Carthaginienses
898 1518 1065 1552 hostes
1113 1517 1540 1566 Hannibalemque

119 1586 363 1632 attineret,
394 1600 635 1636 prospera
667 1586 807 1622 modo
840 1593 1024 1632 essent,
1055 1587 1181 1623 sicut
1212 1594 1435 1636 speraret
1465 1588 1538 1624 fu-

119 1662 246 1705 tura,
296 1657 542 1695 Gallicum
587 1657 762 1694 bellum
813 1665 857 1693 et
907 1659 1068 1695 omitti
1112 1665 1218 1695 tuto
1266 1665 1309 1695 et
1339 1658 1539 1694 differri

118 1739 271 1776 posse.
362 1729 453 1766 Non
492 1736 585 1778 puto
630 1735 732 1765 recte
770 1728 867 1774 dici,
912 1729 1016 1765 nullo
1056 1730 1248 1766 subiecto:
1299 1742 1539 1778 prospera

118 1805 239 1843 sunt,
274 1799 404 1847 quod
436 1799 491 1834 ad
523 1797 969 1848 Carthaginienses
1001 1801 1199 1846 attinet,
1231 1814 1302 1849 pro
1337 1814 1403 1846 eo,
1435 1801 1538 1849 quod

116 1874 174 1904 est
202 1882 444 1918 prospera
473 1882 560 1915 reS,
586 1882 824 1918 prospera
855 1871 1030 1916 omnia3
1062 1872 1267 1921 ipsumque
1283 1872 1538 1920 illud:quo‹l

119 1939 176 1975 ad
204 1938 364 1976 Carth.
396 1941 432 1978 h.
466 1941 896 1990 Hannibalemque
927 1942 1192 1988 attineret,
1234 1942 1265 1979 si
1297 1943 1471 1979 absolute
1503 1949 1539 1979 et

119 2017 229 2047 extra
259 2012 415 2060 reliquae
446 2012 632 2048 orationis
662 2025 803 2048 nexum
835 2012 1014 2061 ponitur,
1061 2013 1213 2050 videtur
1257 2014 1450 2062 pertinere
1488 2014 1538 2049 ad

209 2239 463 2272 Hannibale
490 2241 680 2285 vince[re
706 2241 1006 2285 disce]ntibus
1032 2244 1286 2277 difficilius
1308 2245 1395 2277 fuit
1414 2255 1535 2286 quam

209 2310 364 2342 postea
390 2304 578 2336 vincere.

142 2359 168 2399 ¹)
211 2363 262 2394 De
288 2374 314 2395 c.
345 2368 396 2403 19,
427 2370 467 2396 14
493 2366 636 2398 Vossius
669 2372 701 2398 et
727 2377 790 2407 ego
817 2368 1012 2399 erravimus.

140 2420 171 2461 ²)
210 2426 284 2456 Hoc
312 2426 367 2461 W.
397 2429 525 2469 recepit
587 2428 698 2467 Quam
726 2430 767 2460 de
794 2440 866 2471 cap.
896 2433 950 2468 22,
981 2433 998 2460 5
1027 2431 1256 2461 coniecturam
1286 2429 1434 2461 feceram
1462 2429 1536 2470 (bi-

209 2488 276 2519 nis
304 2491 601 2531 senatoribus,
629 2491 787 2531 quibus
814 2492 906 2531 cet.)⁷
937 2501 1013 2522 eam
1039 2491 1337 2524 Weissenbornius
1363 2503 1383 2523 a
1408 2491 1535 2522 Vossio

210 2557 378 2592 sumptam
405 2553 527 2593 posuit.
577 2553 751 2593 Fugerant
778 2563 829 2583 me
858 2553 924 2584 1⁴11ae
945 2554 1059 2586 Vossii
1087 2555 1352 2586 emendationes.
1402 2553 1532 2584 Eodem

208 2622 281 2653 cap.
309 2614 327 2652 ξ
355 2615 373 2643 8
411 2614 514 2644 miror
539 2620 681 2645 aetum
717 2613 868 2655 praeferri
896 2615 1093 2646 certissima}
1131 2613 1296 2646 Gronovii
1333 2616 1534 2646 coniecturae

209 2673 372 2705 iactum
397 2673 512 2715 (codd.
541 2681 659 2706 tactu
674 2675 732 2717 m).
789 2676 893 2707 Nulla
919 2677 991 2708 eius
1016 2677 1064 2707 rei
1089 2676 1200 2707 fuerat
1225 2676 1326 2713 actio,
1355 2677 1411 2707 sed
1439 2685 1535 2706 men-

210 2734 256 2766 tio
281 2735 528 2768 inconsiderate
554 2738 652 2769 iacta.
