1811 2925
767 125 812 160 21
828 126 839 160 l
1267 122 1341 154 Lib.
1371 121 1469 153 XXI.

103 247 318 296 plificandae
360 246 413 283 rei
469 258 586 283 causa
625 247 698 282 hae
744 246 904 282 deorum
953 246 1226 295 hominumque
1271 246 1516 295 copulatione

106 325 258 362 utatur,
300 331 418 367 cogor
461 324 588 354 tamen
635 317 731 354 tueri
776 316 1034 353 coniecturam
1074 325 1162 354 ante
1199 317 1355 366 triginta
1395 330 1516 354 annos

105 389 347 439 propositam
377 389 656 438 repetitamque
685 388 721 424 in
744 387 888 436 Opusc.
914 388 1044 424 alteris
1074 402 1110 437 p.
1142 390 1244 432 3003
1274 402 1361 425 nam
1393 402 1516 437 neque

107 461 296 498 obiectum
342 460 476 496 abesse
518 468 644 509 potest
673 472 796 507 neque
828 460 875 495 ab
908 458 1086 495 omnibus
1117 459 1271 496 omuino
1302 460 1393 497 victi
1424 458 1518 496 Car-

108 532 365 581 thaginienses
411 538 512 567 recte
557 531 754 576 dicuntia-3
806 530 1144 578 Carthaginienses
1177 543 1253 567 non
1293 544 1377 567 cum
1427 531 1518 567 solis

108 602 306 647 Romanis,
335 602 400 638 sed
434 615 518 638 cum
550 602 606 639 dis
637 603 752 638 ctiam
783 600 922 637 bellum
954 601 1146 646 habuisse,
1177 601 1287 638 aliter
1317 602 1518 639 dicendum

108 682 203 712 erat.
285 675 387 710 10010
418 674 594 710 dicuntur
623 674 660 710 di
693 673 859 709 foederis
888 672 991 721 rupti
1031 672 1172 708 ultores
1203 673 1375 710 homines
1407 672 1519 721 (Car-

108 744 383 793 thaginienses)
414 745 562 783 vicisse.
627 744 856 781 Tollendum
886 744 1002 792 igitur
1036 750 1093 779 est
1127 756 1228 792 que.

221 815 349 864 *Cap
388 818 447 861 13,
482 818 496 852 1
533 823 570 852 et,
601 817 621 852 2
672 815 733 861 (in
771 816 947 852 oratione
977 814 1133 860 Alorci‚
1176 815 1238 863 qui
1278 815 1521 864 permittente

111 887 331 923 Hannibale
362 886 410 922 ad
441 886 692 935 Saguntinos,
735 899 898 934 quorum
940 887 1091 935 publice
1132 886 1277 922 amicus
1311 894 1347 923 01
1381 887 1521 935 hospes

112 965 206 999 crat,
247 958 353 1006 pacis
397 957 638 993 condiciones
676 957 931 1006 perferebat.):
972 958 1020 994 Si
1052 957 1176 993 civis
1207 967 1371 993 vester
1398 958 1520 994 Alco

242 1057 249 1064 .
302 1028 436 1077 pacis
489 1028 804 1065 condiciones
861 1029 916 1065 ab
978 1028 1257 1065 Hannibale
1316 1028 1371 1063 ad
1436 1040 1522 1063 vos

112 1099 413 1144 rettulisset,
457 1112 871 1148 supervacaneum
912 1100 998 1136 hoc
1040 1100 1153 1136 mihi
1190 1099 1368 1136 fuisset
1411 1098 1521 1145 iter,

113 1184 202 1219 quo
244 1183 327 1207 nec
365 1177 531 1206 orator
572 1170 868 1207 Hannibalis
910 1183 993 1207 nec
1032 1170 1294 1219 transfuga
1339 1170 1396 1206 ad
1437 1183 1522 1207 vos

112 1241 372 1287 venissem3
404 1253 540 1289 quum
571 1240 658 1277 ille
689 1248 771 1278 aut
800 1248 966 1278 vestra
997 1248 1078 1278 aut
1107 1254 1194 1278 sua
1225 1242 1370 1290 culpa
1400 1255 1522 1278 man-

111 1313 231 1349 serit
262 1313 385 1361 apud
415 1313 599 1348 hostem
620 1340 704 1357 ...,
756 1326 843 1361 ego
891 1320 961 1349 etc.
1038 1313 1224 1357 Primurm
1257 1312 1322 1361 qui
1354 1312 1426 1348 iter
1455 1312 1524 1348 ali-

113 1385 216 1432 quod
259 1392 503 1433 suscepturus
543 1397 619 1420 non
660 1384 753 1429 fuit,
797 1384 924 1432 inepte
956 1384 1085 1429 addit,
1129 1396 1170 1420 se
1207 1384 1244 1420 in
1284 1384 1349 1420 illo
1390 1384 1524 1420 itinere

113 1457 205 1502 (non
238 1458 432 1504 suscepto)
464 1456 562 1492 hanc
592 1455 654 1491 vel
682 1455 786 1491 illam
817 1467 1022 1504 personam
1055 1468 1130 1490 non
1160 1463 1355 1503 gesturum
1387 1455 1523 1500 fuisse;

113 1527 250 1563 deinde
283 1527 348 1575 qui
377 1527 431 1563 sic
472 1526 572 1569 dicit„
613 1539 673 1571 se,
715 1527 747 1562 si
778 1526 868 1574 quid
903 1526 1006 1562 aliud
1038 1525 1250 1569 accidisset„
1282 1539 1406 1574 neque
1436 1539 1523 1563 ora·

114 1604 235 1633 torem
267 1598 496 1634 Hannibalis
526 1611 649 1646 neque
679 1597 920 1646 transfugam
963 1596 1132 1633 futurum
1164 1595 1293 1642 fuisse,
1332 1597 1363 1633 is
1393 1610 1523 1634 neces—

116 1669 217 1704 sario
252 1668 464 1716 significat,
509 1682 549 1705 se
586 1682 685 1706 nunc
726 1669 1017 1704 alterumutrum
1061 1680 1143 1704 esse
1184 1674 1220 1704 et
1250 1669 1348 1705 hanc
1379 1669 1522 1705 habere

115 1738 271 1784 itineris7
292 1740 394 1787 quod
412 1740 581 1788 alioquin
598 1752 927 1790 supervacaneum
944 1739 1089 1783 suisset,
1106 1751 1275 1777 causam.
1309 1740 1433 1788 Atqui
1449 1742 1522 1778 1100

115 1810 445 1847 vehementissime
458 1811 624 1848 Alorcus
640 1820 755 1860 negat
771 1818 820 1856 01,
836 1818 877 1847 ut
893 1809 1056 1847 orationi
1072 1809 1315 1858 consiliisque
1328 1812 1404 1848 suis
1422 1812 1525 1861 apud

116 1880 350 1929 Saguntinos
374 1882 487 1918 fidem
505 1882 633 1928 saciat,
660 1895 700 1919 se
717 1883 770 1920 ait
794 1896 918 1930 neque
942 1888 1134 1918 oratorem
1153 1881 1384 1919 Hannibalis
1400 1896 1524 1931 neque

115 1964 247 1988 rursus
265 1952 503 2001 transfugam
530 1954 672 1999 venire,
694 1954 940 1991 consiliorum
961 1952 1191 1988 Hannibalis
1216 1952 1391 2000 ignarum
1418 1960 1454 1989 01
1476 1954 1526 1990 ad

115 2035 249 2071 pacem
268 2024 547 2062 conciliandam
563 2025 745 2075 ineptum,
771 2025 837 2061 sed
858 2037 956 2066 eum,
976 2023 1040 2071 qui
1059 2030 1094 2059 et
1113 2024 1327 2060 consultum
1345 2024 1526 2073 Sagunti·

117 2094 174 2130 nis
194 2094 286 2130 velit
304 2102 340 2131 et
356 2096 461 2143 pacis
478 2109 589 2132 veras
607 2096 848 2132 condiciones
877 2094 1025 2131 afferat.
1070 2094 1209 2141 Itaque
1225 2096 1441 2132 necessario
1470 2095 1526 2132 in-

119 2165 289 2202 dicativa
315 2167 437 2203 oratio
465 2180 546 2203 esse
563 2168 687 2210 debet,
705 2168 845 2215 fietque
866 2164 1093 2212 rectissima,
1117 2178 1164 2200 cx
1183 2178 1256 2201 uno
1274 2167 1406 2212 verbo„
1424 2168 1527 2215 quod

119 2249 166 2272 ex
202 2237 351 2273 duobus
382 2237 534 2282 coaluit,
564 2250 641 2274 una
671 2238 797 2274 littera
826 2237 1010 2279 detracta,
1042 2242 1191 2272 mutata
1222 2247 1319 2274 una:
1355 2238 1443 2275 hoo
1475 2269 1483 2277 .
1518 2270 1526 2277 .

118 2308 230 2353 iter,
275 2320 364 2355 quo
405 2321 488 2345 nec
526 2315 691 2345 orator
720 2306 1017 2343 Hannibalis
1056 2319 1139 2343 1100
1177 2307 1439 2357 transfuga
1469 2311 1525 2346 ad

119 2391 204 2414 vos
236 2379 365 2423 veni3
409 2383 479 2419 set
524 2392 661 2428 quum
695 2379 777 2415 1110
807 2386 878 2418 cet.
944 2378 1007 2414 Ex
1037 2377 1147 2413 veni
1177 2385 1251 2414 set
1280 2379 1423 2416 factum
1456 2393 1529 2417 ve-

120 2449 295 2494 nisset,
334 2449 470 2485 deinde
517 2450 780 2495 venissem,
818 2449 1009 2499 frequenti
1040 2461 1179 2497 genere
1215 2450 1354 2496 mendi,
1394 2458 1434 2487 111
1465 2460 1530 2488 aut

121 2528 196 2556 set
227 2519 418 2556 coalescat
448 2532 532 2556 cum
566 2521 684 2557 verbo
714 2521 941 2569 praecedenti
973 2526 1040 2557 aut
1069 2532 1117 2555 ex
1157 2532 1202 2555 eo
1236 2520 1420 2557 distracto
1450 2523 1526 2559 ori-

123 2598 220 2629 atur.
281 2590 494 2638 (Vicisse
525 2604 572 2627 ex
602 2591 730 2628 vinci
759 2592 839 2633 sed
871 2599 998 2629 ortum
1028 2590 1066 2626 in
1091 2590 1249 2627 Catonis
1279 2594 1406 2630 verbis
1427 2595 1531 2642 apud

1203 2717 1266 2748 14*
