<?xml version="1.0" encoding="UTF-8"?>
<!DOCTYPE html PUBLIC "-//W3C//DTD XHTML 1.0 Transitional//EN"
    "http://www.w3.org/TR/xhtml1/DTD/xhtml1-transitional.dtd">
<html xmlns="http://www.w3.org/1999/xhtml" xml:lang="en" lang="en">
 <head>
  <title>
</title>
<meta http-equiv="Content-Type" content="text/html;charset=utf-8" />
  <meta name='ocr-system' content='tesseract 3.04.00' />
  <meta name='ocr-capabilities' content='ocr_page ocr_carea ocr_par ocr_line ocrx_word'/>
</head>
<body>
  <div class='ocr_page' id='page_1' title='image "./emendationeslivi00madvuoft_0311.png"; bbox 0 0 1811 2925; ppageno 0'>
   <div class='ocr_carea' id='block_1_1' title="bbox 746 144 1446 185">
    <p class='ocr_par' dir='ltr' id='par_1_1' title="bbox 746 144 1446 185">
     <span class='ocr_line' id='line_1_1' title="bbox 746 144 1446 185; baseline -0.014 0"><span class='ocrx_word' id='word_1_1' title='bbox 746 149 823 185; x_wconf 87' lang='lat'>305</span> <span class='ocrx_word' id='word_1_2' title='bbox 1226 145 1300 178; x_wconf 84' lang='lat' dir='ltr'>Lib.</span> <span class='ocrx_word' id='word_1_3' title='bbox 1313 144 1446 177; x_wconf 58' lang='lat' dir='ltr'>xxvi</span> 
     </span>
    </p>
   </div>
   <div class='ocr_carea' id='block_1_2' title="bbox 80 268 1500 2361">
    <p class='ocr_par' dir='ltr' id='par_1_2' title="bbox 80 268 1494 459">
     <span class='ocr_line' id='line_1_2' title="bbox 81 268 1494 323; baseline -0.006 -11"><span class='ocrx_word' id='word_1_4' title='bbox 81 287 131 312; x_wconf 77' lang='lat' dir='ltr'>an</span> <span class='ocrx_word' id='word_1_5' title='bbox 161 286 184 310; x_wconf 85' lang='lat' dir='ltr'>a</span> <span class='ocrx_word' id='word_1_6' title='bbox 214 271 378 323; x_wconf 84' lang='lat' dir='ltr'>coegit</span> <span class='ocrx_word' id='word_1_7' title='bbox 403 282 475 320; x_wconf 90' lang='lat' dir='ltr'>pro</span> <span class='ocrx_word' id='word_1_8' title='bbox 505 270 667 319; x_wconf 87' lang='lat' dir='ltr'>coepit</span> <span class='ocrx_word' id='word_1_9' title='bbox 697 269 840 318; x_wconf 83' lang='lat' dir='ltr'>scripto</span> <span class='ocrx_word' id='word_1_10' title='bbox 871 280 978 305; x_wconf 86' lang='lat' dir='ltr'>error</span> <span class='ocrx_word' id='word_1_11' title='bbox 1007 269 1188 317; x_wconf 85' lang='lat' dir='ltr'>coeperit,</span> <span class='ocrx_word' id='word_1_12' title='bbox 1217 281 1293 306; x_wconf 91' lang='lat' dir='ltr'>non</span> <span class='ocrx_word' id='word_1_13' title='bbox 1321 268 1494 305; x_wconf 84' lang='lat' dir='ltr'>dixerim.</span> 
     </span>
     <span class='ocr_line' id='line_1_3' title="bbox 80 339 1494 392; baseline -0.004 -11"><span class='ocrx_word' id='word_1_14' title='bbox 80 343 351 392; x_wconf 85' lang='lat' dir='ltr'>(Contrarium</span> <span class='ocrx_word' id='word_1_15' title='bbox 381 341 572 385; x_wconf 86' lang='lat' dir='ltr'>mendum,</span> <span class='ocrx_word' id='word_1_16' title='bbox 604 345 868 389; x_wconf 84' lang='lat' dir='ltr'>coeperunt.</span> <span class='ocrx_word' id='word_1_17' title='bbox 903 351 975 388; x_wconf 93' lang='lat' dir='ltr'>pro</span> <span class='ocrx_word' id='word_1_18' title='bbox 1014 345 1302 387; x_wconf 81' lang='lat' dir='ltr'>coegerunt,</span> <span class='ocrx_word' id='word_1_19' title='bbox 1345 339 1494 376; x_wconf 84' lang='lat' dir='ltr'>correxi</span> 
     </span>
     <span class='ocr_line' id='line_1_4' title="bbox 81 412 399 459; baseline -0.013 -7"><span class='ocrx_word' id='word_1_20' title='bbox 81 414 219 459; x_wconf 90' lang='lat' dir='ltr'>XXV,</span> <span class='ocrx_word' id='word_1_21' title='bbox 248 414 313 457; x_wconf 86' lang='lat'>35,</span> <span class='ocrx_word' id='word_1_22' title='bbox 343 412 399 458; x_wconf 91' lang='lat'>8.)</span> 
     </span>
    </p>

    <p class='ocr_par' dir='ltr' id='par_1_3' title="bbox 80 479 1498 1375">
     <span class='ocr_line' id='line_1_5' title="bbox 191 479 1494 532; baseline -0.003 -13"><span class='ocrx_word' id='word_1_23' title='bbox 191 481 288 532; x_wconf 87' lang='lat' dir='ltr'>Cap.</span> <span class='ocrx_word' id='word_1_24' title='bbox 322 483 370 526; x_wconf 86' lang='lat'>9,</span> <span class='ocrx_word' id='word_1_25' title='bbox 414 483 436 519; x_wconf 89' lang='grc'>6</span> <span class='ocrx_word' id='word_1_26' title='bbox 469 482 534 530; x_wconf 86' lang='lat' dir='ltr'>(de</span> <span class='ocrx_word' id='word_1_27' title='bbox 572 480 792 518; x_wconf 82' lang='lat' dir='ltr'>Hannibale</span> <span class='ocrx_word' id='word_1_28' title='bbox 822 480 871 517; x_wconf 84' lang='lat' dir='ltr'>ad</span> <span class='ocrx_word' id='word_1_29' title='bbox 901 481 1032 517; x_wconf 86' lang='lat' dir='ltr'>urbem</span> <span class='ocrx_word' id='word_1_30' title='bbox 1078 480 1242 517; x_wconf 85' lang='lat' dir='ltr'>Romam</span> <span class='ocrx_word' id='word_1_31' title='bbox 1285 479 1494 515; x_wconf 85' lang='lat' dir='ltr'>exercitum</span> 
     </span>
     <span class='ocr_line' id='line_1_6' title="bbox 81 550 1494 600; baseline -0.004 -10"><span class='ocrx_word' id='word_1_32' title='bbox 81 553 282 599; x_wconf 84' lang='lat' dir='ltr'>ducente):</span> <span class='ocrx_word' id='word_1_33' title='bbox 314 553 507 590; x_wconf 83' lang='lat' dir='ltr'>Romam</span> <span class='ocrx_word' id='word_1_34' title='bbox 534 551 859 600; x_wconf 83' lang='lat' dir='ltr'>Fregellanus</span> <span class='ocrx_word' id='word_1_35' title='bbox 889 550 1086 588; x_wconf 89' lang='lat' dir='ltr'>nuntius</span> <span class='ocrx_word' id='word_1_36' title='bbox 1120 550 1242 587; x_wconf 89' lang='lat' dir='ltr'>diem</span> <span class='ocrx_word' id='word_1_37' title='bbox 1274 555 1494 586; x_wconf 85' lang='lat' dir='ltr'>noctem-</span> 
     </span>
     <span class='ocr_line' id='line_1_7' title="bbox 81 620 1495 671; baseline -0.002 -12"><span class='ocrx_word' id='word_1_38' title='bbox 81 635 172 671; x_wconf 84' lang='lat' dir='ltr'>que</span> <span class='ocrx_word' id='word_1_39' title='bbox 200 622 377 659; x_wconf 82' lang='lat' dir='ltr'>itinere</span> <span class='ocrx_word' id='word_1_40' title='bbox 418 622 709 659; x_wconf 83' lang='lat' dir='ltr'>continuato</span> <span class='ocrx_word' id='word_1_41' title='bbox 751 621 993 670; x_wconf 84' lang='lat' dir='ltr'>ingentem</span> <span class='ocrx_word' id='word_1_42' title='bbox 1036 620 1205 659; x_wconf 84' lang='lat' dir='ltr'>attulit</span> <span class='ocrx_word' id='word_1_43' title='bbox 1243 627 1495 663; x_wconf 84' lang='lat' dir='ltr'>terrorem3</span> 
     </span>
     <span class='ocr_line' id='line_1_8' title="bbox 80 690 1494 741; baseline -0.003 -11"><span class='ocrx_word' id='word_1_44' title='bbox 80 692 456 738; x_wconf 79' lang='lat' dir='ltr'>tumultuosius,</span> <span class='ocrx_word' id='word_1_45' title='bbox 499 705 635 741; x_wconf 87' lang='lat' dir='ltr'>quam</span> <span class='ocrx_word' id='word_1_46' title='bbox 678 691 882 729; x_wconf 82' lang='lat' dir='ltr'>allatum</span> <span class='ocrx_word' id='word_1_47' title='bbox 919 699 1044 736; x_wconf 85' lang='lat' dir='ltr'>erat,</span> <span class='ocrx_word' id='word_1_48' title='bbox 1082 703 1223 728; x_wconf 89' lang='lat' dir='ltr'>cursu</span> <span class='ocrx_word' id='word_1_49' title='bbox 1253 690 1494 728; x_wconf 89' lang='lat' dir='ltr'>hominum</span> 
     </span>
     <span class='ocr_line' id='line_1_9' title="bbox 81 761 1496 812; baseline -0.003 -12"><span class='ocrx_word' id='word_1_50' title='bbox 81 762 436 812; x_wconf 79' lang='lat' dir='ltr'>adfingentium</span> <span class='ocrx_word' id='word_1_51' title='bbox 481 775 608 799; x_wconf 85' lang='lat' dir='ltr'>vana</span> <span class='ocrx_word' id='word_1_52' title='bbox 643 762 823 799; x_wconf 88' lang='lat' dir='ltr'>auditis</span> <span class='ocrx_word' id='word_1_53' title='bbox 856 769 1006 800; x_wconf 84' lang='lat' dir='ltr'>totam</span> <span class='ocrx_word' id='word_1_54' title='bbox 1030 763 1183 799; x_wconf 89' lang='lat' dir='ltr'>urbem</span> <span class='ocrx_word' id='word_1_55' title='bbox 1211 761 1496 798; x_wconf 85' lang='lat' dir='ltr'>conciverat</span> 
     </span>
     <span class='ocr_line' id='line_1_10' title="bbox 81 831 1495 882; baseline -0.003 -11"><span class='ocrx_word' id='word_1_56' title='bbox 81 833 213 877; x_wconf 86' lang='lat' dir='ltr'><strong>(codd.</strong></span> <span class='ocrx_word' id='word_1_57' title='bbox 245 832 515 882; x_wconf 83' lang='lat' dir='ltr'>conciliat).</span> <span class='ocrx_word' id='word_1_58' title='bbox 574 833 668 870; x_wconf 90' lang='lat' dir='ltr'>Haec</span> <span class='ocrx_word' id='word_1_59' title='bbox 699 846 795 870; x_wconf 83' lang='lat' dir='ltr'>sana</span> <span class='ocrx_word' id='word_1_60' title='bbox 824 846 900 870; x_wconf 89' lang='lat' dir='ltr'>non</span> <span class='ocrx_word' id='word_1_61' title='bbox 932 846 1028 878; x_wconf 84' lang='lat' dir='ltr'>esse,</span> <span class='ocrx_word' id='word_1_62' title='bbox 1050 831 1399 876; x_wconf 73' lang='lat' dir='ltr'>Weissenbornius,</span> <span class='ocrx_word' id='word_1_63' title='bbox 1432 831 1495 880; x_wconf 91' lang='lat' dir='ltr'>qui</span> 
     </span>
     <span class='ocr_line' id='line_1_11' title="bbox 81 902 1497 952; baseline -0.002 -12"><span class='ocrx_word' id='word_1_64' title='bbox 81 916 261 940; x_wconf 86' lang='lat' dir='ltr'>enarrare</span> <span class='ocrx_word' id='word_1_65' title='bbox 292 911 451 941; x_wconf 84' lang='lat' dir='ltr'>conatus</span> <span class='ocrx_word' id='word_1_66' title='bbox 484 910 552 947; x_wconf 87' lang='lat' dir='ltr'>est,</span> <span class='ocrx_word' id='word_1_67' title='bbox 583 903 712 940; x_wconf 84' lang='lat' dir='ltr'>sensit.</span> <span class='ocrx_word' id='word_1_68' title='bbox 789 904 928 952; x_wconf 86' lang='lat' dir='ltr'>Neque</span> <span class='ocrx_word' id='word_1_69' title='bbox 972 903 1126 940; x_wconf 87' lang='lat' dir='ltr'>nuntius</span> <span class='ocrx_word' id='word_1_70' title='bbox 1166 903 1298 939; x_wconf 79' lang='lat' dir='ltr'>urbem</span> <span class='ocrx_word' id='word_1_71' title='bbox 1330 902 1497 938; x_wconf 88' lang='lat' dir='ltr'>concitat</span> 
     </span>
     <span class='ocr_line' id='line_1_12' title="bbox 81 972 1496 1022; baseline -0.001 -12"><span class='ocrx_word' id='word_1_72' title='bbox 81 974 243 1011; x_wconf 81' lang='lat' dir='ltr'>aliorum</span> <span class='ocrx_word' id='word_1_73' title='bbox 275 974 576 1019; x_wconf 85' lang='lat' dir='ltr'>concursatione,</span> <span class='ocrx_word' id='word_1_74' title='bbox 605 986 729 1022; x_wconf 84' lang='lat' dir='ltr'>neque</span> <span class='ocrx_word' id='word_1_75' title='bbox 758 986 828 1022; x_wconf 91' lang='lat' dir='ltr'>pro</span> <span class='ocrx_word' id='word_1_76' title='bbox 860 974 1152 1012; x_wconf 81' lang='lat' dir='ltr'>concursatione</span> <span class='ocrx_word' id='word_1_77' title='bbox 1182 985 1314 1010; x_wconf 86' lang='lat' dir='ltr'>cursus</span> <span class='ocrx_word' id='word_1_78' title='bbox 1347 972 1496 1015; x_wconf 89' lang='lat' dir='ltr'>dicitur,</span> 
     </span>
     <span class='ocr_line' id='line_1_13' title="bbox 82 1043 1494 1093; baseline -0.001 -12"><span class='ocrx_word' id='word_1_79' title='bbox 82 1057 206 1093; x_wconf 88' lang='lat' dir='ltr'>neque</span> <span class='ocrx_word' id='word_1_80' title='bbox 226 1052 326 1082; x_wconf 88' lang='lat' dir='ltr'>recte</span> <span class='ocrx_word' id='word_1_81' title='bbox 347 1044 501 1081; x_wconf 82' lang='lat' dir='ltr'>nuntius</span> <span class='ocrx_word' id='word_1_82' title='bbox 518 1045 672 1089; x_wconf 77' lang='lat' dir='ltr'>(homo)</span> <span class='ocrx_word' id='word_1_83' title='bbox 687 1050 724 1080; x_wconf 92' lang='lat' dir='ltr'>et</span> <span class='ocrx_word' id='word_1_84' title='bbox 740 1056 800 1080; x_wconf 86' lang='lat' dir='ltr'>res</span> <span class='ocrx_word' id='word_1_85' title='bbox 817 1050 1093 1092; x_wconf 84' lang='lat' dir='ltr'>comparantur</span> <span class='ocrx_word' id='word_1_86' title='bbox 1118 1047 1274 1092; x_wconf 83' lang='lat' dir='ltr'>(quam</span> <span class='ocrx_word' id='word_1_87' title='bbox 1296 1043 1494 1079; x_wconf 87' lang='lat' dir='ltr'>allatum</span> 
     </span>
     <span class='ocr_line' id='line_1_14' title="bbox 82 1113 1496 1163; baseline -0.002 -11"><span class='ocrx_word' id='word_1_88' title='bbox 82 1117 218 1162; x_wconf 85' lang='lat' dir='ltr'>erat).</span> <span class='ocrx_word' id='word_1_89' title='bbox 279 1114 433 1152; x_wconf 83' lang='lat' dir='ltr'>Excidit</span> <span class='ocrx_word' id='word_1_90' title='bbox 477 1114 621 1163; x_wconf 87' lang='lat' dir='ltr'>aliquid</span> <span class='ocrx_word' id='word_1_91' title='bbox 638 1142 647 1159; x_wconf 92' lang='lat'>,</span> <span class='ocrx_word' id='word_1_92' title='bbox 671 1126 787 1162; x_wconf 87' lang='lat' dir='ltr'>quum</span> <span class='ocrx_word' id='word_1_93' title='bbox 810 1114 847 1151; x_wconf 90' lang='lat' dir='ltr'>in</span> <span class='ocrx_word' id='word_1_94' title='bbox 864 1115 964 1151; x_wconf 83' lang='lat' dir='ltr'>hanc</span> <span class='ocrx_word' id='word_1_95' title='bbox 986 1113 1106 1151; x_wconf 87' lang='lat' dir='ltr'>ferme</span> <span class='ocrx_word' id='word_1_96' title='bbox 1130 1114 1295 1150; x_wconf 88' lang='lat' dir='ltr'>formam</span> <span class='ocrx_word' id='word_1_97' title='bbox 1313 1114 1496 1162; x_wconf 84' lang='lat' dir='ltr'>scriptum</span> 
     </span>
     <span class='ocr_line' id='line_1_15' title="bbox 81 1183 1496 1232; baseline -0.002 -10"><span class='ocrx_word' id='word_1_98' title='bbox 81 1185 215 1222; x_wconf 82' lang='lat' dir='ltr'>fuisset</span> <span class='ocrx_word' id='word_1_99' title='bbox 237 1217 244 1224; x_wconf 93' lang='lat'><strong><em>.</em></strong></span> <span class='ocrx_word' id='word_1_100' title='bbox 264 1216 272 1224; x_wconf 94' lang='lat'>.</span> <span class='ocrx_word' id='word_1_101' title='bbox 293 1217 300 1224; x_wconf 92' lang='lat'><strong>.</strong></span> <span class='ocrx_word' id='word_1_102' title='bbox 320 1185 487 1222; x_wconf 84' lang='lat' dir='ltr'>attulit</span> <span class='ocrx_word' id='word_1_103' title='bbox 508 1191 758 1223; x_wconf 87' lang='lat' dir='ltr'>terrorem.</span> <span class='ocrx_word' id='word_1_104' title='bbox 797 1184 1179 1229; x_wconf 80' lang='lat' dir='ltr'>Tumultuosius,</span> <span class='ocrx_word' id='word_1_105' title='bbox 1203 1196 1342 1232; x_wconf 89' lang='lat' dir='ltr'>quam</span> <span class='ocrx_word' id='word_1_106' title='bbox 1375 1183 1496 1220; x_wconf 83' lang='lat' dir='ltr'>alla-</span> 
     </span>
     <span class='ocr_line' id='line_1_16' title="bbox 81 1253 1498 1305; baseline -0.001 -13"><span class='ocrx_word' id='word_1_107' title='bbox 81 1261 176 1292; x_wconf 83' lang='lat' dir='ltr'>tum</span> <span class='ocrx_word' id='word_1_108' title='bbox 215 1264 332 1301; x_wconf 87' lang='lat' dir='ltr'>erat,</span> <span class='ocrx_word' id='word_1_109' title='bbox 373 1253 717 1305; x_wconf 88' lang='lat' dir='ltr'>[propagatum</span> <span class='ocrx_word' id='word_1_110' title='bbox 764 1253 1010 1305; x_wconf 84' lang='lat' dir='ltr'>dis]cursu</span> <span class='ocrx_word' id='word_1_111' title='bbox 1053 1255 1294 1292; x_wconf 90' lang='lat' dir='ltr'>hominum</span> <span class='ocrx_word' id='word_1_112' title='bbox 1339 1253 1498 1291; x_wconf 84' lang='lat' dir='ltr'>adfin-</span> 
     </span>
     <span class='ocr_line' id='line_1_17' title="bbox 81 1325 1380 1375; baseline 0.002 -13"><span class='ocrx_word' id='word_1_113' title='bbox 81 1325 304 1375; x_wconf 86' lang='lat' dir='ltr'>gentium</span> <span class='ocrx_word' id='word_1_114' title='bbox 339 1338 465 1362; x_wconf 87' lang='lat' dir='ltr'>vana</span> <span class='ocrx_word' id='word_1_115' title='bbox 495 1325 676 1362; x_wconf 86' lang='lat' dir='ltr'>auditis</span> <span class='ocrx_word' id='word_1_116' title='bbox 706 1332 854 1362; x_wconf 84' lang='lat' dir='ltr'>totam</span> <span class='ocrx_word' id='word_1_117' title='bbox 886 1326 1048 1362; x_wconf 87' lang='lat' dir='ltr'>urbem</span> <span class='ocrx_word' id='word_1_118' title='bbox 1080 1325 1380 1365; x_wconf 84' lang='lat' dir='ltr'>conciverat.</span> 
     </span>
    </p>

    <p class='ocr_par' dir='ltr' id='par_1_4' title="bbox 83 1394 1500 2074">
     <span class='ocr_line' id='line_1_18' title="bbox 192 1394 1495 1445; baseline -0.001 -13"><span class='ocrx_word' id='word_1_119' title='bbox 192 1394 287 1445; x_wconf 86' lang='lat' dir='ltr'>Cap.</span> <span class='ocrx_word' id='word_1_120' title='bbox 324 1398 391 1442; x_wconf 85' lang='lat'>11,</span> <span class='ocrx_word' id='word_1_121' title='bbox 425 1399 465 1433; x_wconf 83' lang='lat'>5:</span> <span class='ocrx_word' id='word_1_122' title='bbox 498 1396 715 1433; x_wconf 88' lang='lat' dir='ltr'>Minuere</span> <span class='ocrx_word' id='word_1_123' title='bbox 753 1396 894 1433; x_wconf 89' lang='lat' dir='ltr'>etiam</span> <span class='ocrx_word' id='word_1_124' title='bbox 927 1408 1054 1445; x_wconf 86' lang='lat' dir='ltr'>spem</span> <span class='ocrx_word' id='word_1_125' title='bbox 1098 1397 1199 1433; x_wconf 91' lang='lat' dir='ltr'>eius</span> <span class='ocrx_word' id='word_1_126' title='bbox 1231 1395 1495 1443; x_wconf 82' lang='lat' dir='ltr'>(Hannibalis)</span> 
     </span>
     <span class='ocr_line' id='line_1_19' title="bbox 83 1465 1496 1515; baseline 0.001 -14"><span class='ocrx_word' id='word_1_127' title='bbox 83 1471 130 1501; x_wconf 83' lang='lat' dir='ltr'>et</span> <span class='ocrx_word' id='word_1_128' title='bbox 162 1465 280 1511; x_wconf 85' lang='lat' dir='ltr'>aliae,</span> <span class='ocrx_word' id='word_1_129' title='bbox 309 1479 469 1515; x_wconf 84' lang='lat' dir='ltr'>parva</span> <span class='ocrx_word' id='word_1_130' title='bbox 498 1478 778 1515; x_wconf 87' lang='lat' dir='ltr'>magnaque,</span> <span class='ocrx_word' id='word_1_131' title='bbox 809 1478 908 1510; x_wconf 83' lang='lat' dir='ltr'>res3</span> <span class='ocrx_word' id='word_1_132' title='bbox 940 1478 1109 1515; x_wconf 87' lang='lat' dir='ltr'>magna</span> <span class='ocrx_word' id='word_1_133' title='bbox 1139 1467 1241 1512; x_wconf 89' lang='lat' dir='ltr'>illa,</span> <span class='ocrx_word' id='word_1_134' title='bbox 1276 1466 1406 1514; x_wconf 86' lang='lat' dir='ltr'>quod</span> <span class='ocrx_word' id='word_1_135' title='bbox 1427 1474 1496 1503; x_wconf 89' lang='lat' dir='ltr'>cet.</span> 
     </span>
     <span class='ocr_line' id='line_1_20' title="bbox 83 1534 1496 1584; baseline 0.001 -13"><span class='ocrx_word' id='word_1_136' title='bbox 83 1534 213 1572; x_wconf 85' lang='lat' dir='ltr'>Prave</span> <span class='ocrx_word' id='word_1_137' title='bbox 239 1536 456 1584; x_wconf 84' lang='lat' dir='ltr'>geminatur</span> <span class='ocrx_word' id='word_1_138' title='bbox 483 1537 523 1573; x_wconf 84' lang='lat' dir='ltr'>in</span> <span class='ocrx_word' id='word_1_139' title='bbox 553 1537 685 1573; x_wconf 87' lang='lat' dir='ltr'>eadem</span> <span class='ocrx_word' id='word_1_140' title='bbox 713 1549 755 1572; x_wconf 90' lang='lat' dir='ltr'>re</span> <span class='ocrx_word' id='word_1_141' title='bbox 786 1536 932 1572; x_wconf 88' lang='lat' dir='ltr'>etiam</span> <span class='ocrx_word' id='word_1_142' title='bbox 953 1556 995 1562; x_wconf 92' lang='lat'>——</span> <span class='ocrx_word' id='word_1_143' title='bbox 1031 1543 1098 1581; x_wconf 82' lang='lat' dir='ltr'>et3</span> <span class='ocrx_word' id='word_1_144' title='bbox 1127 1537 1240 1573; x_wconf 89' lang='lat' dir='ltr'>nimis</span> <span class='ocrx_word' id='word_1_145' title='bbox 1274 1536 1417 1573; x_wconf 87' lang='lat' dir='ltr'>infinite</span> <span class='ocrx_word' id='word_1_146' title='bbox 1441 1536 1496 1572; x_wconf 91' lang='lat' dir='ltr'>di-</span> 
     </span>
     <span class='ocr_line' id='line_1_21' title="bbox 84 1604 1500 1656; baseline 0.001 -15"><span class='ocrx_word' id='word_1_147' title='bbox 84 1604 183 1641; x_wconf 84' lang='lat' dir='ltr'>citur</span> <span class='ocrx_word' id='word_1_148' title='bbox 211 1605 330 1646; x_wconf 75' lang='lat' dir='ltr'>aliae,</span> <span class='ocrx_word' id='word_1_149' title='bbox 358 1606 530 1643; x_wconf 86' lang='lat' dir='ltr'>subiecta</span> <span class='ocrx_word' id='word_1_150' title='bbox 558 1607 625 1643; x_wconf 87' lang='lat' dir='ltr'>illa</span> <span class='ocrx_word' id='word_1_151' title='bbox 655 1606 862 1642; x_wconf 85' lang='lat' dir='ltr'>divisione:</span> <span class='ocrx_word' id='word_1_152' title='bbox 894 1618 1047 1655; x_wconf 83' lang='lat' dir='ltr'>parva</span> <span class='ocrx_word' id='word_1_153' title='bbox 1069 1619 1353 1656; x_wconf 83' lang='lat' dir='ltr'>magnaque.</span> <span class='ocrx_word' id='word_1_154' title='bbox 1395 1607 1500 1644; x_wconf 80' lang='lat' dir='ltr'>Scri-</span> 
     </span>
     <span class='ocr_line' id='line_1_22' title="bbox 83 1674 1497 1727; baseline 0.003 -17"><span class='ocrx_word' id='word_1_155' title='bbox 83 1674 267 1711; x_wconf 81' lang='lat' dir='ltr'>bendum:</span> <span class='ocrx_word' id='word_1_156' title='bbox 297 1675 515 1713; x_wconf 84' lang='lat' dir='ltr'>Minuere</span> <span class='ocrx_word' id='word_1_157' title='bbox 546 1677 690 1713; x_wconf 87' lang='lat' dir='ltr'>etiam</span> <span class='ocrx_word' id='word_1_158' title='bbox 723 1688 856 1725; x_wconf 87' lang='lat' dir='ltr'>spem</span> <span class='ocrx_word' id='word_1_159' title='bbox 889 1675 1497 1727; x_wconf 79' lang='lat' dir='ltr'>eiusII(duae)aliae,parva</span> 
     </span>
     <span class='ocr_line' id='line_1_23' title="bbox 84 1746 1496 1796; baseline 0.003 -16"><span class='ocrx_word' id='word_1_160' title='bbox 84 1756 371 1794; x_wconf 82' lang='lat' dir='ltr'>magnaque,</span> <span class='ocrx_word' id='word_1_161' title='bbox 400 1758 495 1784; x_wconf 80' lang='lat' dir='ltr'>res,</span> <span class='ocrx_word' id='word_1_162' title='bbox 556 1746 670 1794; x_wconf 85' lang='lat' dir='ltr'>Quod</span> <span class='ocrx_word' id='word_1_163' title='bbox 703 1746 745 1782; x_wconf 88' lang='grc' dir='ltr'>ΙΙ</span> <span class='ocrx_word' id='word_1_164' title='bbox 770 1746 1012 1793; x_wconf 79' lang='lat' dir='ltr'>scriberetur,</span> <span class='ocrx_word' id='word_1_165' title='bbox 1043 1747 1247 1796; x_wconf 86' lang='lat' dir='ltr'>aliquoties</span> <span class='ocrx_word' id='word_1_166' title='bbox 1279 1761 1327 1785; x_wconf 84' lang='lat' dir='ltr'>ex</span> <span class='ocrx_word' id='word_1_167' title='bbox 1356 1748 1391 1784; x_wconf 90' lang='lat' dir='ltr'>ii</span> <span class='ocrx_word' id='word_1_168' title='bbox 1422 1748 1496 1795; x_wconf 92' lang='lat' dir='ltr'>(ei)</span> 
     </span>
     <span class='ocr_line' id='line_1_24' title="bbox 83 1813 1498 1866; baseline 0.004 -17"><span class='ocrx_word' id='word_1_169' title='bbox 83 1813 228 1851; x_wconf 82' lang='lat' dir='ltr'>factum</span> <span class='ocrx_word' id='word_1_170' title='bbox 258 1815 376 1854; x_wconf 87' lang='lat' dir='ltr'>duo.</span> <span class='ocrx_word' id='word_1_171' title='bbox 417 1817 602 1866; x_wconf 87' lang='lat' dir='ltr'>exemplis</span> <span class='ocrx_word' id='word_1_172' title='bbox 633 1816 799 1854; x_wconf 87' lang='lat' dir='ltr'>ostendit</span> <span class='ocrx_word' id='word_1_173' title='bbox 840 1817 1182 1855; x_wconf 86' lang='lat' dir='ltr'>Drakenborchius</span> <span class='ocrx_word' id='word_1_174' title='bbox 1214 1818 1262 1855; x_wconf 89' lang='lat' dir='ltr'>ad</span> <span class='ocrx_word' id='word_1_175' title='bbox 1293 1818 1498 1862; x_wconf 72' lang='lat' dir='ltr'>XXXVI,</span> 
     </span>
     <span class='ocr_line' id='line_1_25' title="bbox 85 1885 1500 1938; baseline 0.004 -18"><span class='ocrx_word' id='word_1_176' title='bbox 85 1885 149 1929; x_wconf 75' lang='lat'>43,</span> <span class='ocrx_word' id='word_1_177' title='bbox 183 1887 242 1921; x_wconf 87' lang='lat'>11.</span> <span class='ocrx_word' id='word_1_178' title='bbox 300 1886 345 1922; x_wconf 91' lang='lat' dir='ltr'>In</span> <span class='ocrx_word' id='word_1_179' title='bbox 375 1887 600 1932; x_wconf 83' lang='lat' dir='ltr'>XXXVII,</span> <span class='ocrx_word' id='word_1_180' title='bbox 632 1889 695 1932; x_wconf 76' lang='lat'>38,</span> <span class='ocrx_word' id='word_1_181' title='bbox 729 1890 746 1923; x_wconf 89' lang='lat'><strong>7</strong></span> <span class='ocrx_word' id='word_1_182' title='bbox 781 1900 852 1936; x_wconf 88' lang='lat' dir='ltr'>pro</span> <span class='ocrx_word' id='word_1_183' title='bbox 884 1894 929 1924; x_wconf 85' lang='lat' dir='ltr'>ct</span> <span class='ocrx_word' id='word_1_184' title='bbox 958 1895 1025 1925; x_wconf 82' lang='lat' dir='ltr'>aut</span> <span class='ocrx_word' id='word_1_185' title='bbox 1064 1888 1105 1925; x_wconf 84' lang='lat' dir='ltr'>ei</span> <span class='ocrx_word' id='word_1_186' title='bbox 1134 1887 1199 1938; x_wconf 86' lang='lat' dir='ltr'>(et</span> <span class='ocrx_word' id='word_1_187' title='bbox 1227 1895 1384 1927; x_wconf 85' lang='lat' dir='ltr'>tamen</span> <span class='ocrx_word' id='word_1_188' title='bbox 1415 1901 1500 1938; x_wconf 83' lang='lat' dir='ltr'>per</span> 
     </span>
     <span class='ocr_line' id='line_1_26' title="bbox 84 1952 1498 2007; baseline 0.004 -17"><span class='ocrx_word' id='word_1_189' title='bbox 84 1952 147 1999; x_wconf 85' lang='lat' dir='ltr'>se)</span> <span class='ocrx_word' id='word_1_190' title='bbox 177 1954 216 1990; x_wconf 90' lang='lat' dir='ltr'>in</span> <span class='ocrx_word' id='word_1_191' title='bbox 256 1955 383 1992; x_wconf 85' lang='lat' dir='ltr'>multis</span> <span class='ocrx_word' id='word_1_192' title='bbox 430 1957 736 2005; x_wconf 85' lang='lat' dir='ltr'>(recentioribus)</span> <span class='ocrx_word' id='word_1_193' title='bbox 769 1957 878 1996; x_wconf 86' lang='lat' dir='ltr'>codd.</span> <span class='ocrx_word' id='word_1_194' title='bbox 910 1958 1093 2007; x_wconf 87' lang='lat' dir='ltr'>scriptum</span> <span class='ocrx_word' id='word_1_195' title='bbox 1133 1960 1236 1996; x_wconf 91' lang='lat' dir='ltr'>duo.</span> <span class='ocrx_word' id='word_1_196' title='bbox 1303 1959 1378 1996; x_wconf 90' lang='lat' dir='ltr'>Hic</span> <span class='ocrx_word' id='word_1_197' title='bbox 1408 1971 1498 1996; x_wconf 89' lang='lat' dir='ltr'>con-</span> 
     </span>
     <span class='ocr_line' id='line_1_27' title="bbox 85 2024 896 2074; baseline 0.006 -15"><span class='ocrx_word' id='word_1_198' title='bbox 85 2024 204 2060; x_wconf 84' lang='lat' dir='ltr'>trario</span> <span class='ocrx_word' id='word_1_199' title='bbox 235 2037 365 2062; x_wconf 86' lang='lat' dir='ltr'>errore</span> <span class='ocrx_word' id='word_1_200' title='bbox 395 2039 443 2063; x_wconf 86' lang='lat' dir='ltr'>ex</span> <span class='ocrx_word' id='word_1_201' title='bbox 472 2028 514 2064; x_wconf 91' lang='lat'>11</span> <span class='ocrx_word' id='word_1_202' title='bbox 540 2027 684 2064; x_wconf 88' lang='lat' dir='ltr'>factum</span> <span class='ocrx_word' id='word_1_203' title='bbox 715 2028 769 2071; x_wconf 89' lang='lat' dir='ltr'>ei,</span> <span class='ocrx_word' id='word_1_204' title='bbox 800 2024 896 2074; x_wconf 87' lang='lat' dir='ltr'>et.¹)</span> 
     </span>
    </p>

    <p class='ocr_par' dir='ltr' id='par_1_5' title="bbox 85 2093 1500 2361">
     <span class='ocr_line' id='line_1_28' title="bbox 196 2093 1498 2148; baseline 0.005 -16"><span class='ocrx_word' id='word_1_205' title='bbox 196 2093 292 2144; x_wconf 87' lang='lat' dir='ltr'>Cap.</span> <span class='ocrx_word' id='word_1_206' title='bbox 332 2099 390 2141; x_wconf 81' lang='lat'>15,</span> <span class='ocrx_word' id='word_1_207' title='bbox 423 2098 458 2142; x_wconf 92' lang='lat'>3,</span> <span class='ocrx_word' id='word_1_208' title='bbox 491 2098 555 2134; x_wconf 91' lang='lat' dir='ltr'>ubi</span> <span class='ocrx_word' id='word_1_209' title='bbox 588 2098 627 2134; x_wconf 92' lang='lat' dir='ltr'>in</span> <span class='ocrx_word' id='word_1_210' title='bbox 658 2098 690 2134; x_wconf 80' lang='lat' dir='ltr'>P</span> <span class='ocrx_word' id='word_1_211' title='bbox 717 2097 772 2135; x_wconf 87' lang='lat' dir='ltr'>sic</span> <span class='ocrx_word' id='word_1_212' title='bbox 800 2097 979 2135; x_wconf 84' lang='lat' dir='ltr'>scribitur</span> <span class='ocrx_word' id='word_1_213' title='bbox 1011 2098 1300 2148; x_wconf 79' lang='lat' dir='ltr'>(simillimeque</span> <span class='ocrx_word' id='word_1_214' title='bbox 1330 2101 1368 2138; x_wconf 92' lang='lat' dir='ltr'>in</span> <span class='ocrx_word' id='word_1_215' title='bbox 1399 2107 1498 2138; x_wconf 83' lang='lat' dir='ltr'>cet-e-</span> 
     </span>
     <span class='ocr_line' id='line_1_29' title="bbox 85 2163 1498 2218; baseline 0.006 -19"><span class='ocrx_word' id='word_1_216' title='bbox 85 2163 177 2208; x_wconf 89' lang='lat' dir='ltr'>ris):</span> <span class='ocrx_word' id='word_1_217' title='bbox 198 2169 556 2213; x_wconf 88' lang='lat' dir='ltr'>percunctandi</span> <span class='ocrx_word' id='word_1_218' title='bbox 579 2169 724 2205; x_wconf 90' lang='lat' dir='ltr'>etiam</span> <span class='ocrx_word' id='word_1_219' title='bbox 740 2181 921 2216; x_wconf 88' lang='lat' dir='ltr'>aequum</span> <span class='ocrx_word' id='word_1_220' title='bbox 945 2181 1048 2205; x_wconf 81' lang='lat' dir='ltr'>esse</span> <span class='ocrx_word' id='word_1_221' title='bbox 1071 2177 1368 2218; x_wconf 87' lang='lat' dir='ltr'>potestatem</span> <span class='ocrx_word' id='word_1_222' title='bbox 1386 2171 1498 2209; x_wconf 88' lang='lat' dir='ltr'>fieri</span> 
     </span>
     <span class='ocr_line' id='line_1_30' title="bbox 85 2234 1498 2290; baseline 0.006 -20"><span class='ocrx_word' id='word_1_223' title='bbox 85 2234 338 2282; x_wconf 83' lang='lat' dir='ltr'>patribus,</span> <span class='ocrx_word' id='word_1_224' title='bbox 379 2249 483 2274; x_wconf 91' lang='lat' dir='ltr'>num</span> <span class='ocrx_word' id='word_1_225' title='bbox 531 2239 974 2275; x_wconf 83' lang='lat' dir='ltr'>communicassent</span> <span class='ocrx_word' id='word_1_226' title='bbox 1017 2238 1242 2290; x_wconf 84' lang='lat' dir='ltr'>(Campani)</span> <span class='ocrx_word' id='word_1_227' title='bbox 1288 2242 1498 2279; x_wconf 82' lang='lat' dir='ltr'>consilia</span> 
     </span>
     <span class='ocr_line' id='line_1_31' title="bbox 85 2305 1500 2361; baseline 0.007 -20"><span class='ocrx_word' id='word_1_228' title='bbox 85 2315 186 2340; x_wconf 85' lang='lat' dir='ltr'>curn</span> <span class='ocrx_word' id='word_1_229' title='bbox 217 2305 397 2354; x_wconf 87' lang='lat' dir='ltr'>aliquis</span> <span class='ocrx_word' id='word_1_230' title='bbox 427 2307 668 2345; x_wconf 84' lang='lat' dir='ltr'>sociorum</span> <span class='ocrx_word' id='word_1_231' title='bbox 688 2309 854 2346; x_wconf 87' lang='lat' dir='ltr'>Latini</span> <span class='ocrx_word' id='word_1_232' title='bbox 885 2308 1096 2348; x_wconf 82' lang='lat' dir='ltr'>nominis</span> <span class='ocrx_word' id='word_1_233' title='bbox 1124 2313 1500 2361; x_wconf 85' lang='lat' dir='ltr'>municipiorum</span> 
     </span>
    </p>
   </div>
   <div class='ocr_carea' id='block_1_3' title="bbox 109 2483 1499 2594">
    <p class='ocr_par' dir='ltr' id='par_1_6' title="bbox 109 2483 1499 2594">
     <span class='ocr_line' id='line_1_32' title="bbox 109 2483 1499 2530; baseline 0.009 -13"><span class='ocrx_word' id='word_1_234' title='bbox 109 2483 138 2527; x_wconf 88' lang='lat'>¹)</span> <span class='ocrx_word' id='word_1_235' title='bbox 181 2486 261 2528; x_wconf 80' lang='lat' dir='ltr'>Cap.</span> <span class='ocrx_word' id='word_1_236' title='bbox 292 2491 349 2526; x_wconf 82' lang='lat'>12,</span> <span class='ocrx_word' id='word_1_237' title='bbox 380 2491 417 2518; x_wconf 91' lang='grc'>15</span> <span class='ocrx_word' id='word_1_238' title='bbox 459 2498 534 2519; x_wconf 90' lang='lat' dir='ltr'>cum</span> <span class='ocrx_word' id='word_1_239' title='bbox 570 2488 713 2520; x_wconf 86' lang='lat' dir='ltr'>Dukero</span> <span class='ocrx_word' id='word_1_240' title='bbox 749 2490 964 2523; x_wconf 78' lang='lat' dir='ltr'>scribendum</span> <span class='ocrx_word' id='word_1_241' title='bbox 990 2500 1059 2524; x_wconf 79' lang='lat' dir='ltr'>est:</span> <span class='ocrx_word' id='word_1_242' title='bbox 1097 2493 1284 2528; x_wconf 85' lang='lat' dir='ltr'>Litterae</span> <span class='ocrx_word' id='word_1_243' title='bbox 1311 2523 1315 2528; x_wconf 93' lang='lat'>.</span> <span class='ocrx_word' id='word_1_244' title='bbox 1344 2522 1351 2528; x_wconf 93' lang='lat'><em>.</em></span> <span class='ocrx_word' id='word_1_245' title='bbox 1381 2522 1387 2528; x_wconf 92' lang='lat'><em>.</em></span> <span class='ocrx_word' id='word_1_246' title='bbox 1421 2499 1499 2530; x_wconf 77' lang='lat' dir='ltr'>Nu·</span> 
     </span>
     <span class='ocr_line' id='line_1_33' title="bbox 179 2548 1499 2594; baseline 0.009 -15"><span class='ocrx_word' id='word_1_247' title='bbox 179 2548 308 2580; x_wconf 89' lang='lat' dir='ltr'>midis</span> <span class='ocrx_word' id='word_1_248' title='bbox 333 2549 563 2590; x_wconf 79' lang='lat' dir='ltr'>proposita</span> <span class='ocrx_word' id='word_1_249' title='bbox 595 2551 794 2582; x_wconf 82' lang='lat' dir='ltr'>mercede</span> <span class='ocrx_word' id='word_1_250' title='bbox 829 2560 916 2582; x_wconf 85' lang='lat' dir='ltr'>eam</span> <span class='ocrx_word' id='word_1_251' title='bbox 942 2551 1020 2594; x_wconf 84' lang='lat' dir='ltr'>(pro</span> <span class='ocrx_word' id='word_1_252' title='bbox 1045 2553 1147 2593; x_wconf 82' lang='lat' dir='ltr'>iam,</span> <span class='ocrx_word' id='word_1_253' title='bbox 1173 2561 1248 2587; x_wconf 85' lang='lat' dir='ltr'>orto</span> <span class='ocrx_word' id='word_1_254' title='bbox 1274 2566 1316 2588; x_wconf 86' lang='lat' dir='ltr'>ex</span> <span class='ocrx_word' id='word_1_255' title='bbox 1342 2568 1499 2592; x_wconf 89' lang='lat' dir='ltr'>merce-</span> 
     </span>
    </p>
   </div>
   <div class='ocr_carea' id='block_1_4' title="bbox 179 2609 1498 2713">
    <p class='ocr_par' dir='ltr' id='par_1_7' title="bbox 179 2609 1498 2713">
     <span class='ocr_line' id='line_1_34' title="bbox 181 2609 1498 2661; baseline 0.009 -22"><span class='ocrx_word' id='word_1_256' title='bbox 181 2609 315 2650; x_wconf 85' lang='lat' dir='ltr'>deam)</span> <span class='ocrx_word' id='word_1_257' title='bbox 338 2609 554 2650; x_wconf 80' lang='lat' dir='ltr'>professis</span> <span class='ocrx_word' id='word_1_258' title='bbox 579 2620 747 2652; x_wconf 81' lang='lat' dir='ltr'>operam</span> <span class='ocrx_word' id='word_1_259' title='bbox 775 2612 942 2644; x_wconf 80' lang='lat' dir='ltr'>dantur.</span> <span class='ocrx_word' id='word_1_260' title='bbox 994 2613 1079 2645; x_wconf 81' lang='lat' dir='ltr'>Iam</span> <span class='ocrx_word' id='word_1_261' title='bbox 1103 2615 1187 2646; x_wconf 88' lang='lat' dir='ltr'>nihil</span> <span class='ocrx_word' id='word_1_262' title='bbox 1221 2616 1276 2649; x_wconf 87' lang='lat' dir='ltr'>hic</span> <span class='ocrx_word' id='word_1_263' title='bbox 1302 2619 1390 2659; x_wconf 82' lang='lat' dir='ltr'>agit3</span> <span class='ocrx_word' id='word_1_264' title='bbox 1422 2631 1498 2661; x_wconf 86' lang='lat' dir='ltr'>pro-</span> 
     </span>
     <span class='ocr_line' id='line_1_35' title="bbox 179 2670 735 2713; baseline 0.007 -12"><span class='ocrx_word' id='word_1_265' title='bbox 179 2670 314 2701; x_wconf 86' lang='lat' dir='ltr'>nomine</span> <span class='ocrx_word' id='word_1_266' title='bbox 339 2679 450 2701; x_wconf 77' lang='lat' dir='ltr'>cax-ere</span> <span class='ocrx_word' id='word_1_267' title='bbox 475 2672 582 2704; x_wconf 82' lang='lat' dir='ltr'>oratio</span> <span class='ocrx_word' id='word_1_268' title='bbox 607 2673 735 2713; x_wconf 81' lang='lat' dir='ltr'>nequit.</span> 
     </span>
    </p>
   </div>
   <div class='ocr_carea' id='block_1_5' title="bbox 160 2740 1231 2784">
    <p class='ocr_par' dir='ltr' id='par_1_8' title="bbox 160 2740 1231 2784">
     <span class='ocr_line' id='line_1_36' title="bbox 160 2740 1231 2784; baseline 0.006 -21"><span class='ocrx_word' id='word_1_269' title='bbox 160 2740 302 2764; x_wconf 73' lang='lat' dir='ltr'>nADvlcn</span> <span class='ocrx_word' id='word_1_270' title='bbox 322 2740 524 2764; x_wconf 49' lang='lat' dir='ltr'>hunnum.</span> <span class='ocrx_word' id='word_1_271' title='bbox 1189 2760 1231 2784; x_wconf 67' lang='lat'>2⁰</span> 
     </span>
    </p>
   </div>
  </div>
 </body>
</html>
