1811 2925
191 142 265 172 Lib.
293 141 423 172 XLm.
856 145 932 179 556

190 265 454 313 Obsignarunt
483 264 659 309 tabulas,
699 270 742 301 ut
781 277 911 301 earum
946 266 1125 302 tractatio
1167 272 1203 302 et
1235 266 1422 303 confectio
1448 278 1607 315 prorsus

190 336 513 372 intermitteretur.
574 333 754 372 Ceterum
788 336 940 372 Livium
972 336 1169 373 tabulas
1214 338 1285 374 has
1314 338 1488 387 publicas
1520 350 1607 374 cen-

189 407 390 455 soriasque
423 404 639 455 appellasse
687 412 805 454 puto,
849 420 926 443 non
973 407 1201 444 tabellas.
1291 409 1326 458 (ξ
1367 410 1410 445 12
1453 408 1607 445 Livium

190 478 405 527 scripsisse:
435 489 526 513 non
556 478 904 515 recusantibus
935 479 1241 525 censoribus,
1272 480 1353 528 qui
1382 479 1535 516 minus
1561 509 1569 517 .

189 549 418 585 iudicium
452 549 505 584 de
557 560 604 584 se
647 561 751 597 pop.
782 548 994 595 faceret,
1043 563 1114 599 pro
1154 550 1296 587 usitato
1339 551 1607 598 quominus,

190 620 342 656 minime
377 626 521 656 certum
553 626 621 658 est.
686 620 793 668 Quos
835 621 1177 658 Drakenborchius
1208 622 1258 658 ad
1288 621 1503 665 XXVIII,
1549 622 1607 663 13,

196 693 240 728 18
273 698 475 740 comparat
505 697 582 728 tres
612 691 740 735 locos,
771 704 904 729 omnes
935 693 1031 729 alius
1062 693 1211 741 generis
1241 699 1348 740 sunt;
1390 692 1428 728 in
1458 692 1607 728 duobus

190 763 271 811 qui
302 762 456 798 minus
487 768 544 798 est
575 763 817 810 quomodo
850 765 967 811 (cur)
999 764 1172 807 minus,
1203 771 1296 800 noto
1326 763 1427 810 usu.)

301 833 397 882 Cap.
436 835 496 879 17,
529 834 551 871 8
585 834 648 881 (de
678 835 972 879 Acarnanibus,
1016 848 1180 883 quorum
1211 835 1335 871 altera
1366 834 1508 879 factio,
1567 840 1607 870 ut

188 905 368 954 praesidia
401 905 581 941 Romana
621 905 659 941 in
699 906 813 941 urbes
858 917 948 941 suas
992 906 1274 951 inducerentur,
1304 905 1608 955 postulaveram:

189 988 300 1026 pars
333 987 584 1019 recusare,
627 989 701 1020 ne,
748 977 872 1024 quod
923 977 1053 1014 bello
1099 977 1256 1026 captis
1302 982 1345 1013 et
1382 976 1607 1013 hostibus

189 1061 285 1084 mos
316 1053 470 1089 esset,
501 1046 546 1081 id
577 1052 761 1094 paeatae
792 1053 837 1083 et
878 1048 1018 1084 sociae
1061 1048 1293 1085 civitates
1331 1047 1609 1096 ignominiae

189 1118 488 1167 acciperent.
553 1117 693 1153 Audiri
724 1131 878 1154 necesse
909 1124 966 1154 est
1016 1119 1264 1167 accipere:
1298 1119 1369 1156 etsi
1399 1118 1607 1154 admodum

188 1191 281 1226 dure
312 1189 466 1226 auditur
506 1189 620 1224 etiam
654 1189 701 1224 ob
741 1189 863 1226 relata
892 1190 991 1227 inter
1021 1204 1061 1226 se
1092 1191 1214 1239 quod
1255 1220 1291 1229 ..
1330 1190 1398 1227 id.
1445 1202 1608 1237 quorum

188 1269 394 1308 utrumque
424 1273 532 1296 suum
565 1261 723 1296 verbum
755 1260 937 1308 postulat.
1004 1260 1080 1298 Sed
1110 1275 1246 1310 parum
1280 1268 1368 1310 apte
1399 1261 1499 1297 bello
1517 1273 1608 1309 cap—

188 1334 235 1369 tis
265 1345 363 1369 mos
395 1338 478 1367 ess'e
507 1332 643 1368 (licitur
674 1331 847 1380 accipere
876 1332 1147 1380 ignominiam.
1198 1333 1308 1381 quasi
1348 1333 1521 1381 ipsorum
1570 1332 1608 1368 in

189 1417 234 1441 ea
264 1417 305 1440 re
335 1403 434 1440 aetio
466 1403 526 1447 sit:
574 1403 654 1438 sine
702 1415 779 1450 qua
822 1415 905 1438 mos
950 1403 1110 1452 intelligi
1153 1403 1297 1451 nequit.
1382 1403 1608 1440 Admodum

186 1488 337 1519 vereor,
367 1488 414 1511 ne
447 1475 606 1510 verbum
639 1474 834 1510 exciderit.
898 1475 982 1511 Nec
1012 1475 1109 1511 bene
1139 1474 1267 1510 bello
1294 1475 1426 1523 capti
1457 1480 1494 1511 et
1526 1475 1602 1510 ho-

185 1553 286 1583 stes
315 1553 500 1593 tanquam
534 1545 609 1581 duo
641 1558 784 1594 genera
811 1545 1053 1594 copulantur.
1119 1545 1279 1581 Fuitne:
1318 1546 1444 1594 quod
1474 1545 1603 1582 bello

185 1617 344 1666 captis
374 1616 604 1652 hostibus
638 1615 855 1667 [imponi]
889 1630 987 1654 mos
1020 1616 1176 1654 esset?

298 1687 393 1736 Cap.
432 1688 490 1731 18,
523 1688 543 1723 2
578 1687 660 1735 (ubi
691 1689 906 1736 exponitur,
939 1701 1023 1737 quae
1057 1701 1182 1725 causae
1212 1690 1357 1725 Persea
1385 1686 1606 1736 impulerint

186 1760 234 1796 ad
266 1759 547 1808 expeditionem
579 1759 616 1794 in
652 1759 846 1808 Illyricum
886 1760 1207 1808 suscipiendam:
1254 1787 1264 1798 ,
1285 1791 1292 1798 .
1337 1757 1604 1806 frangendi

185 1831 503 1867 finitimorum
537 1842 645 1878 spes
677 1830 983 1879 animosque.
1024 1845 1078 1867 ne
1109 1832 1245 1880 quid,
1296 1842 1471 1867 averso
1503 1829 1603 1875 (cod.

187 1901 593 1950 quidinadverso)
629 1914 676 1937 se
710 1902 1032 1939 inRomanum
1063 1903 1241 1939 bellum
1271 1901 1477 1951 periculi
1500 1901 1604 1936 sub-

187 1980 325 2011 esset.
386 1971 708 2020 Codpericuli
740 1957 933 2012 abisset.
965 1986 1013 2009 ex
1030 1974 1468 2021 quoForchhammerus
1499 1978 1602 2007 recte

188 2042 330 2079 effecit:
362 2043 572 2092 periculi
603 2044 658 2080 ab
697 2044 756 2079 iis
795 2051 933 2080 esset.
992 2042 1142 2094 (Minus
1191 2045 1287 2081 bene
1332 2044 1603 2094 Kreyssigius:

187 2115 398 2162 periculi
430 2114 655 2160 adesset.)
716 2114 896 2162 Sequitur
941 2116 995 2161 (in
1041 2116 1173 2152 cadem
1205 2116 1485 2164 expositione):
1527 2127 1604 2150 so-

187 2186 277 2222 lum
308 2185 551 2221 infestum
585 2197 694 2221 esse
724 2187 1025 2223 Macedoniae
1057 2187 1206 2233 latus,
1238 2188 1368 2236 quod
1400 2187 1457 2223 ab
1488 2186 1604 2235 Illy-

188 2256 292 2292 rico
322 2262 531 2304 pateret,
563 2269 785 2302 eernensg
836 2258 979 2294 codex:
1010 2258 1022 2293 i
1052 2258 1229 2303 solum,
1273 2272 1321 2295 ex
1352 2271 1428 2307 quo
1459 2258 1517 2292 fit:
1559 2256 1604 2292 id

188 2327 346 2363 solum
389 2357 424 2364 ..
463 2327 612 2363 latus.

301 2395 397 2445 Cap.
436 2399 494 2442 19,
531 2400 596 2434 14:
628 2398 696 2434 Iis
728 2398 880 2446 (legatis
911 2400 959 2435 ad
991 2398 1174 2436 Gentium
1197 2398 1378 2444 Perseus)
1397 2399 1605 2442 mandat,

187 2474 236 2503 ut
267 2475 577 2516 exponerent
607 2469 792 2505 {estatis
824 2469 925 2505 eius
956 2469 1225 2518 hiemisque
1257 2476 1367 2506 aeta
1399 2469 1604 2516 sua(cod.

188 2550 284 2574 suae
327 2545 440 2574 acta
485 2538 587 2587 sua)
646 2541 883 2576 adversus
937 2541 1180 2577 Romanos
1228 2540 1604 2588 Da1·danosque;

189 2609 465 2646 adiicerent
496 2611 718 2647 recentia
756 2611 800 2647 in
838 2611 1045 2660 Illyrico
1086 2611 1295 2647 hibernae
1331 2609 1605 2658 expeditio-

189 2680 262 2716 nis
294 2692 460 2728 opera3
504 2681 826 2717 hortarentur
873 2681 1100 2719 Gentium
1151 2682 1195 2717 in
1231 2681 1497 2717 amicitiam
1530 2692 1606 2716 se-
