1811 2925
797 147 846 181 39

121 271 279 309 Gruteri
296 271 571 306 coniemuram:
590 267 716 304 forte
739 268 942 316 quadam
974 280 1028 303 an
1059 266 1314 311 divinitus,
1337 267 1530 303 Weissen-

121 342 275 379 lioruius
307 342 419 378 etiam
452 339 488 374 iu
520 350 551 376 Q.
585 339 647 374 23.
681 343 702 375 (i
735 339 926 387 egregiam
959 346 992 374 ct
1024 338 1279 374 necessariam
1308 337 1530 385 Tanaquilli

120 413 257 449 Fabri:
303 424 423 447 vana
462 409 638 445 afferri
680 410 878 445 rebatur
913 419 1002 458 (pro
1033 409 1396 445 afferebantur:
1438 407 1529 443 nihil

121 484 237 519 fuisse
267 482 376 522 vani,
408 480 538 517 Livius
571 481 762 516 narrando
801 478 1050 528 exsequitur).
1110 479 1233 515 Auxit
1262 479 1529 515 lvcissenbor-

122 555 204 590 nius
234 564 442 602 pravorum
469 563 666 586 numerum
699 562 727 586 c.
749 552 812 588 25,
833 553 853 587 ’Ζ
881 550 1111 599 recipiendo.
1143 550 1245 598 quod
1263 549 1530 586 Alschefskius

121 625 340 661 dubitanter
370 622 621 670 probaverat:
667 621 710 656 in
744 621 935 657 minime
969 629 1162 669 gratnm
1196 621 1529 669 spectaculum

121 695 279 732 animo
323 692 669 735 incenduntur3
715 691 855 738 (nullus
901 691 999 727 enim
1043 692 1101 728 hic
1145 692 1379 740 significatur
1416 692 1532 728 ardor

121 765 379 815 spectaculum
423 763 673 811 cupientium.
723 762 789 797 sed
828 762 945 798 animi
989 763 1165 810 oculique
1212 763 1248 798 in
1291 775 1336 798 eo
1381 762 1530 808 defixiz)

121 837 301 874 Hertzius
332 848 363 871 c.
407 838 462 877 ll,
500 837 510 870 l
548 847 617 882 pro
649 833 869 882 palatos.
902 833 1003 880 quod
1037 833 1168 868 Livius
1199 833 1235 868 in
1268 833 1406 868 talibus
1437 833 1531 868 locis

121 907 327 956 saepissime
360 905 479 954 ponit.
512 917 558 940 ex
590 917 664 940 uno
697 903 811 939 medii
842 904 991 951 generis
1018 903 1147 939 codice
1182 903 1408 952 palantes
1440 904 1530 939 scri-

121 978 258 1021 bendo,
292 976 393 1024 quod
435 974 558 1010 rarius
588 973 706 1010 multo
736 972 886 1021 legitur,
929 982 963 1010 et
994 986 1026 1010 c.
1064 977 1122 1013 14,
1158 977 1175 1009 7
1209 982 1363 1022 recepta
1392 974 1533 1010 infelici

121 1048 349 1085 coniectura.
408 1046 606 1093 Apparet,
649 1051 790 1080 rectam
834 1045 1020 1081 rationem
1065 1058 1149 1080 cum
1193 1044 1464 1093 superstitione
1496 1050 1532 1080 ct

120 1131 248 1154 errore
279 1117 332 1153 ita
365 1123 549 1159 certasse,
588 1121 627 1150 ut
659 1115 904 1163 plerumque,
947 1128 1021 1151 uon
1061 1129 1211 1164 semper
1240 1116 1530 1164 perversitatem

120 1195 370 1237 expugnaret.
417 1186 562 1221 Verum
589 1186 668 1221 haec
696 1185 781 1221 ideo
805 1192 951 1222 tantum
972 1186 1284 1229 commemoravi,
1317 1185 1420 1233 quod
1446 1198 1530 1221 cum

119 1267 224 1295 recta
254 1259 425 1294 codicum
458 1257 706 1293 {estimatione
746 1263 783 1291 et
812 1256 919 1292 liberi
950 1257 1075 1293 iudicii
1121 1256 1412 1293 confirmatione
1442 1268 1531 1292 con-

120 1330 247 1365 iuncta
277 1335 384 1364 erant
415 1334 452 1363 et
483 1328 583 1375 quod
614 1327 742 1363 utilem
785 1328 927 1364 habere
958 1327 1258 1363 admonitionem
1292 1327 1532 1372 videbantur,

121 1400 210 1448 quid
240 1399 278 1435 in
318 1406 422 1435 recto
465 1398 660 1446 scripturae
703 1397 873 1434 codicum
916 1398 1300 1446 emendationumque
1334 1398 1410 1434 iam
1441 1398 1531 1434 olim

122 1471 309 1507 factarum
341 1470 486 1505 delectu
516 1469 687 1504 relictum
719 1475 816 1504 esset
848 1481 973 1516 operae
1005 1468 1041 1503 in
1071 1469 1169 1504 Livii
1199 1469 1303 1505 libris·
1334 1469 1532 1517 ponendae.

122 1541 217 1577 Mihi
247 1542 320 1577 hoc
352 1541 450 1582 loco,
481 1547 522 1574 ut
551 1539 657 1575 initio
689 1539 787 1581 dixi,
818 1552 894 1574 non
925 1539 1133 1575 editionum
1164 1540 1416 1576 recentiorum
1449 1552 1533 1575 cen-

123 1623 249 1647 suram
295 1610 477 1659 proposui
533 1621 616 1648 nec.
668 1609 698 1645 si
742 1610 831 1657 quid
873 1609 996 1646 minus
1041 1611 1136 1647 bene
1179 1624 1300 1659 nuper
1351 1623 1465 1658 quam
1512 1624 1534 1646 a

123 1681 382 1730 superioribus
413 1680 717 1716 administratum
750 1688 860 1724 esset,
891 1681 1237 1728 reprehensionem,
1269 1681 1335 1717 sed
1365 1694 1411 1717 ea
1433 1688 1533 1717 trac-

123 1759 204 1788 tare
236 1752 398 1790 decrevi,
445 1764 528 1799 quae
570 1757 693 1786 essent
726 1751 773 1787 ab
807 1751 890 1786 aliis
922 1757 985 1786 aut
1017 1752 1273 1800 praetermissa
1303 1758 1367 1787 aut
1397 1764 1534 1800 parum

122 1821 284 1858 feliciter
316 1828 479 1865 tentata,
515 1834 637 1869 neque
667 1828 815 1859 tamen.
859 1822 890 1857 si
931 1822 1020 1870 quid
1059 1835 1105 1857 ex
1148 1822 1212 1857 illo
1243 1823 1364 1859 altero
1396 1836 1535 1872 genere

122 1893 175 1928 sic
205 1893 474 1936 intercurrerit,
505 1899 546 1928 ut
576 1899 653 1936 aut,
684 1905 731 1928 ne
764 1906 870 1928 error
899 1905 1029 1928 recens
1060 1893 1329 1932 inveterascat,
1369 1894 1536 1930 breviter

121 1964 250 2000 caveri
281 1972 346 1999 aut
377 1963 569 2000 laudabile
599 1963 792 1999 inventum
827 1964 874 2000 ab
907 1963 1099 1999 oblivione
1131 1971 1167 2000 et
1197 1971 1420 2012 contemptu
1450 1964 1534 2000 vin-

121 2035 241 2071 dicari
270 2034 403 2083 possit,
434 2034 733 2084 praetermittam.
781 2035 910 2071 L’nnm
942 2034 1149 2070 etiamnum
1182 2042 1250 2079 est,
1283 2035 1384 2082 quod
1406 2043 1534 2083 petam

121 2106 170 2142 ab
200 2105 264 2150 iis,
307 2106 371 2154 qui
401 2107 480 2142 haec
511 2105 648 2153 legent.
714 2106 803 2142 Non
842 2118 888 2140 ea
918 2118 1087 2141 meorum
1127 2112 1192 2140 aut
1222 2106 1434 2142 studiorum
1470 2114 1535 2142 aut

121 2177 360 2225 negotiorum
392 2176 490 2212 ratio
522 2189 589 2224 per
619 2177 721 2212 haud
752 2188 896 2225 paucos
927 2176 1002 2212 iam
1035 2188 1155 2212 annos
1189 2176 1270 2218 suit,
1302 2185 1342 2212 ut
1373 2190 1534 2225 operose

121 2247 323 2295 anquirere
367 2258 539 2294 possem,
581 2259 664 2294 quae
697 2247 733 2282 in
774 2246 911 2283 libellis
954 2246 1190 2283 scholasticis
1224 2255 1289 2283 aut
1318 2260 1387 2295 per
1416 2248 1534 2283 libros

121 2324 335 2353 menstruos
366 2318 623 2353 trimestresve
645 2317 835 2353 similesve
862 2317 1024 2365 sparsim
1044 2316 1092 2352 ad
1113 2317 1210 2353 Livii
1229 2317 1534 2353 emendationem

119 2388 348 2437 pertinentia
387 2389 682 2436 disputarentur.
760 2388 897 2435 Itaque
927 2387 1008 2423 fieri
1040 2394 1182 2436 potest,
1229 2395 1266 2423 ut
1308 2395 1446 2435 praeter
1476 2401 1533 2431 ea,

121 2471 217 2507 quae,
249 2472 363 2508 quum
397 2466 523 2495 essent
553 2472 576 2494 a
605 2470 665 2493 me
696 2458 896 2494 emendata
922 2464 959 2493 et
980 2457 1177 2502 adnotata,
1200 2465 1337 2506 postea
1364 2465 1430 2494 aut
1451 2459 1533 2506 ipse

121 2542 211 2566 casu
243 2538 309 2566 aut
341 2528 676 2572 Weissenbornio,
722 2528 901 2572 Ilertzio,
943 2527 1028 2563 aliis
1071 2528 1327 2564 indicantibus
1369 2530 1418 2565 ab
1449 2529 1532 2565 aliis

121 2608 309 2649 occupata
339 2601 514 2648 cognovi,
546 2598 689 2647 aliquid
720 2599 859 2636 alicubi
881 2611 941 2635 me
971 2598 1111 2647 fugerit
1135 2606 1223 2634 ante
1248 2612 1307 2635 me
1325 2600 1533 2639 inventum,
