1811 2925
805 155 825 190 2
834 156 851 190 7
862 156 881 190 7
1286 150 1360 183 Lib.
1375 151 1510 183 XXIV.

247 274 344 325 Cap.
377 276 442 320 24,
474 277 496 312 6
527 286 613 323 sqq.
684 274 847 312 Sublata
888 272 1078 323 particula
1118 279 1183 317 et,
1225 285 1309 321 quae
1354 275 1558 323 geminatis

133 346 318 383 extremis
365 345 500 382 litteris
543 345 651 381 verbi
684 345 974 382 edocuisset
1013 350 1099 380 orta
1144 345 1358 382 orationem
1407 352 1556 394 pertur-

135 417 203 454 bat
231 416 292 465 (ut
322 416 519 461 xxms,
539 416 560 453 8
591 422 864 452 mactasset
893 422 948 461 et,
979 415 1026 451 de
1056 427 1132 463 quo
1163 415 1248 452 loco
1279 416 1358 452 dixi
1373 416 1421 452 ad
1435 416 1556 459 XXI,

137 489 209 534 25,
241 487 282 535 9)
312 487 554 524 scribendum
590 492 664 523 est:
707 486 800 533 Qui
832 485 983 534 (index)
1017 498 1156 534 quum
1192 486 1364 522 ordine
1397 486 1559 523 omnia

134 557 752 606 edocuisset,principium
776 556 1134 593 coniurationis
1160 556 1341 593 factum
1365 558 1420 593 ab
1439 558 1556 594 Har-

134 628 519 666 moniaeGelonis
542 626 659 664 filiae
679 627 880 676 nuptiis,
904 656 912 665 .
931 657 938 664 .
959 656 966 663 .
987 657 994 663 .
1019 625 1113 662 iam
1137 628 1554 664 mercenariorum

136 712 340 744 manum,
392 700 643 735 adsuetam
680 697 904 746 imperiis
944 698 1293 734 Andranodori
1331 704 1554 747 paratam

135 770 290 806 fuisse
321 769 376 805 ad
409 769 626 806 Insulam
656 780 825 805 rursus
856 768 1215 816 occupandam,
1247 768 1446 817 singula
1477 769 1557 805 de·-

136 840 246 877 inde
401 847 510 876 ante
553 838 719 875 oculos
754 840 933 887 posuit.
999 838 1258 883 Anacoluthi,
1301 839 1432 887 qualia
1463 852 1555 876 vera

136 923 219 947 esse
252 911 388 957 solent,
409 921 478 946 nec
509 921 625 946 causa
655 909 727 946 fuit
758 923 826 947 nec
857 909 1058 958 vestigium
1094 915 1162 945 est.

249 978 346 1028 Cap.
381 982 444 1023 25,
479 982 526 1017 S:
556 981 624 1017 Ea
654 986 828 1016 natura
861 978 1192 1016 multitudinis
1223 986 1311 1024 est3
1345 985 1429 1015 aut
1459 991 1556 1015 ser-

136 1050 203 1086 vit
236 1051 488 1087 humiliter
526 1057 607 1086 aut
646 1051 854 1098 superbe
896 1049 1202 1094 dominatum
1242 1049 1555 1093 libertatem,

136 1133 236 1169 quae
267 1121 423 1157 media
455 1127 537 1165 est,
572 1133 658 1157 nee
687 1126 884 1169 stupere
914 1120 1104 1156 modice
1134 1132 1217 1156 nec
1258 1121 1439 1157 habere
1469 1120 1555 1156 sei-

137 1198 230 1228 unt.
289 1192 451 1228 Poterat
487 1191 585 1227 inter
616 1191 838 1227 servitutem
871 1198 908 1227 et
942 1190 1241 1227 dominationem
1282 1203 1359 1226 uua
1385 1189 1555 1234 libertas,

135 1262 174 1297 in
206 1274 283 1310 qua
312 1262 398 1310 ipsa
427 1262 563 1299 modus
595 1262 995 1310 comprehenderetur,
1029 1261 1155 1297 media
1172 1262 1281 1310 poni3
1306 1273 1406 1297 nunc
1423 1266 1555 1309 aperte

135 1332 318 1369 habere
351 1333 537 1370 modice
553 1333 685 1369 Livius
703 1333 756 1368 sic
775 1333 1008 1369 contrarium
1028 1331 1154 1380 posuit
1186 1333 1361 1380 superbae
1378 1331 1554 1368 domina-

136 1403 243 1447 tioni,
259 1403 324 1451 qui
348 1404 490 1440 abusus
518 1410 575 1440 est
598 1403 798 1448 libertatis,
817 1416 932 1451 quam
964 1402 1131 1451 populus
1165 1403 1294 1447 habet,
1325 1408 1367 1437 ut
1389 1401 1549 1437 alterum

137 1474 297 1509 verbum
329 1475 415 1522 (pro
447 1486 523 1521 quo
554 1481 751 1522 stupere
785 1473 822 1509 in
857 1474 934 1510 PM
948 1472 1055 1511 Cant.
1081 1472 1278 1521 scribitur)
1309 1473 1355 1508 dc
1387 1470 1552 1508 carendo

136 1543 286 1580 modice
316 1544 492 1580 libertate
533 1545 765 1581 contrarium
805 1544 939 1580 referri
970 1544 1108 1580 debeat.
1150 1543 1281 1580 humili
1331 1549 1367 1578 et·
1397 1541 1554 1578 abiectae

137 1614 323 1650 servituti.
384 1614 531 1651 Verum
573 1615 738 1663 sperni
781 1615 937 1651 libertas
978 1626 1176 1662 nunquam
1206 1614 1339 1658 debet,
1375 1625 1457 1657 nec,
1489 1610 1555 1659 qui

138 1696 214 1720 non
245 1685 400 1729 liabent,
432 1692 626 1734 spernunt.
694 1685 828 1722 Potuit
857 1685 993 1727 scribi,
1026 1685 1204 1733 proxime
1235 1685 1283 1720 ad
1315 1683 1458 1720 codicis
1488 1694 1554 1718 ve-

136 1754 270 1803 stigia:
299 1754 581 1791 libertatem
719 1767 805 1792 nec
837 1768 1011 1792 exuere
1042 1756 1229 1792 modice
1261 1767 1344 1791 nec
1374 1754 1554 1790 habere

136 1824 307 1861 sciunt.
377 1824 502 1872 Quum
549 1826 650 1874 cogit
690 1839 750 1862 res
788 1826 1003 1863 libertatem
1048 1827 1097 1862 ad
1138 1833 1288 1875 tempus
1319 1837 1478 1869 exuere,
1514 1823 1553 1859 in

136 1894 360 1931 servitutem
392 1896 566 1933 homines
600 1904 726 1933 ruunt.

261 1964 360 2014 Cap.
405 1967 477 2008 26,
524 1968 546 2003 9
578 1979 662 2015 sqq.
705 1967 927 2016 (postquam
967 1966 1150 2015 expositae
1189 1973 1277 2003 sunt
1316 1966 1553 2003 miserabiles

139 2035 342 2082 Heracliae,
374 2036 554 2074 Hieronis
582 2038 681 2083 filiae,
712 2051 782 2087 pro
816 2050 856 2075 se
887 2038 1115 2085 filiabusque
1154 2037 1256 2085 apud
1290 2036 1554 2074 interfectores

138 2106 276 2143 missos
319 2112 489 2156 preces):
535 2109 728 2145 aversis
778 2109 979 2145 auribus
1025 2108 1301 2155 animisque
1346 2120 1556 2144 eassaene

136 2182 325 2225 tempus
364 2184 684 2216 terrerentur
723 2180 905 2216 ferrum
958 2179 1189 2226 quosdam
1233 2179 1556 2228 expedientes

138 2247 393 2292 cernebat,
424 2254 542 2293 tum,
574 2250 767 2286 omissis
813 2262 897 2298 pro
945 2261 992 2285 se
1033 2248 1395 2298 preeipueuelis
1438 2249 1492 2294 (h.
1524 2261 1555 2285 e.

138 2318 378 2366 precibus,
408 2319 607 2368 puellis)
639 2326 688 2356 ut
717 2320 887 2356 saltem
926 2326 1204 2368 parcerent,
1235 2331 1380 2356 orare
1409 2319 1556 2355 insti-

138 2389 213 2425 tit.
275 2388 339 2427 Sic
368 2390 405 2425 in
438 2390 470 2425 P
501 2390 689 2428 scribitur.
748 2390 868 2426 Varie
899 2390 1108 2438 corrigunt,
1139 2401 1270 2426 omnes
1303 2402 1442 2439 parum
1466 2402 1557 2439 pro-

139 2457 320 2494 babiliter
371 2459 490 2504 (velut
532 2460 888 2497 lVeissenbornius:
933 2460 1181 2497 incassum
1227 2466 1413 2508 questa.
1485 2460 1558 2497 Ne

138 2534 336 2577 tempus
377 2536 613 2576 tererent,
658 2538 704 2567 ut
742 2530 767 2567 f.
810 2542 879 2578 qu.
910 2543 1010 2579 exp.
1043 2530 1297 2575 cernebat,
1342 2536 1436 2566 tum
1467 2535 1558 2573 cet.,

141 2598 320 2636 ablativis
369 2600 505 2637 vitiose
554 2600 713 2637 divulsis
757 2601 805 2637 ab
863 2613 909 2637 eo
956 2601 1150 2647 subiecto,
1201 2600 1251 2637 ad
1302 2599 1405 2648 quod
1462 2612 1559 2648 per-

138 2668 279 2715 tinent,
325 2675 372 2706 ut
421 2670 687 2708 coniunctione
735 2671 962 2720 pravissime
1010 2671 1110 2708 inter
1146 2683 1201 2707 ne
1252 2676 1439 2719 tempus
1487 2675 1562 2706 te-
