1811 2925
308 150 377 181 Lib.
405 150 430 180 I.
938 153 987 186 40

260 274 360 321 quod
393 285 464 321 cgo
495 280 677 320 tanquam
712 285 836 308 meum
867 274 1074 321 posuerim7
1103 281 1170 310 aut
1198 275 1296 311 idem
1323 282 1388 311 aut
1409 289 1529 324 prope
1554 277 1667 317 idem,

261 344 304 379 ld
335 344 365 379 si
397 343 550 391 quando
582 342 731 379 accidit*
763 356 832 378 sua
863 343 998 390 cuique
1028 356 1088 379 me
1112 345 1209 381 ultro
1234 352 1384 393 petente
1405 347 1665 386 restituantur.

851 526 953 574 Lib.
995 528 1075 594 I.¹)

369 650 464 699 Cap.
490 653 525 694 9,
553 654 593 686 7;
626 651 784 687 Indici
815 653 986 689 deinde
1018 653 1251 699 (Romulus)
1281 653 1505 692 finitimis
1539 669 1666 705 spec-

258 722 467 757 taculum
512 722 662 766 iubet¹5
710 729 988 772 quantoque
1035 730 1271 773 apparatu
1316 731 1408 760 tum
1449 726 1668 764 Sciebant

259 799 338 828 aut
368 799 614 840 poterant,
651 795 1017 840 concelebrant,
1062 801 1232 831 utrem
1268 795 1443 831 claram
1476 809 1666 845 exspec—

257 870 503 911 tatamque
534 863 765 903 facerent.
813 866 907 901 Haec
936 872 1133 914 postrema
1162 866 1282 901 verba
1313 878 1435 913 neque
1461 867 1507 902 de
1524 868 1667 904 Roma-

256 934 313 969 nis
344 934 502 983 intelligi
532 942 692 982 possunt
729 935 867 983 (neque
898 936 995 972 enim
1032 943 1097 972 aut
1126 937 1199 972 hoc
1230 942 1295 972 aut
1324 937 1532 984 quidquam
1564 939 1666 975 aliud

257 1004 321 1039 illo
352 1011 524 1052 tempore
555 1004 686 1052 populi
717 1006 883 1042 consiliis
916 1014 953 1043 ct
982 1007 1142 1043 decretis
1174 1014 1298 1042 actum
1322 1008 1453 1043 Livius
1481 1008 1669 1056 significat

258 1082 324 1111 aut
355 1088 516 1123 usquam
548 1075 601 1111 sic
630 1076 678 1111 ad
709 1077 893 1124 populum
925 1078 1102 1125 civesque
1131 1091 1153 1113 a
1177 1078 1341 1114 Romulo
1362 1079 1513 1125 transit)
1544 1092 1667 1128 neque

258 1147 304 1182 dc
333 1147 560 1195 peregrini&
601 1147 649 1182 ad
681 1160 745 1182 eos
779 1148 876 1184 enim
908 1149 944 1184 in
980 1148 1165 1197 proximis
1196 1148 1345 1184 demum
1387 1149 1512 1185 verbis
1544 1157 1667 1186 trans-

257 1216 377 1252 fertur
395 1216 564 1252 narratio
585 1218 736 1261 (multi
765 1219 995 1254 mortales
1025 1223 1329 1263 convenere);
1353 1232 1474 1267 neque
1496 1233 1587 1256 sane
1609 1221 1667 1266 iis,

258 1288 322 1335 qui
358 1288 509 1323 aliunde
549 1288 833 1327 alliciebantur.
875 1290 966 1337 ipsis
1005 1289 1243 1338 propositum
1287 1296 1369 1325 crat
1404 1303 1482 1325 rem
1526 1291 1667 1327 claram

257 1365 596 1406 exspectatamspie
627 1359 765 1397 facere.
811 1361 954 1396 Totum
986 1361 1057 1396 hoc
1089 1360 1137 1395 ad
1154 1359 1308 1396 Romuli
1338 1366 1457 1396 artem
1488 1367 1524 1397 et
1543 1361 1668 1397 consi-

257 1429 347 1464 lium
367 1429 556 1477 pertiuere
571 1438 731 1478 apparet
754 1431 1072 1478 scribendumque
1095 1442 1194 1466 esse:
1227 1436 1502 1478 quantoque
1527 1444 1667 1479 appa-

257 1506 363 1536 ratu
405 1506 497 1535 tum
538 1500 759 1536 sciebant
802 1507 882 1537 aut
915 1507 1141 1549 poterant
1174 1501 1359 1543 (homines
1392 1500 1463 1546 illi,
1497 1501 1561 1549 qui
1590 1509 1667 1537 tum

258 1573 394 1616 orant),
437 1570 767 1616 concelebrat,
812 1578 860 1607 ut
898 1584 990 1607 rem
1033 1571 1211 1607 claram
1243 1578 1669 1619 exspectatamque

258 1641 393 1677 facer
405 1654 423 1676 e
435 1648 459 1676 t.
511 1641 662 1678 Accidit
680 1642 753 1686 hic,
785 1643 888 1689 quod
908 1643 945 1678 in
961 1642 1158 1690 prooemio
1180 1655 1216 1690 p.
1240 1645 1248 1677 1
1267 1644 1280 1678 l
1306 1641 1504 1677 simillimis
1524 1642 1669 1690 aliquot

258 1712 442 1759 exemplis
473 1712 510 1748 in
542 1713 671 1748 codice
704 1713 912 1761 archetypo
944 1712 1103 1748 subinde
1134 1712 1276 1747 factum
1308 1725 1389 1748 esse
1421 1712 1590 1756 ostendi,
1630 1718 1670 1747 ut

258 1783 365 1818 verbi
407 1783 630 1830 posterioris
664 1796 855 1827 numerus5
899 1783 1047 1819 adiecta
1078 1783 1204 1818 littera
1236 1796 1269 1828 ιι,
1315 1782 1670 1818 accommodaretur

259 1854 307 1889 ad
338 1855 497 1890 verbum
529 1854 565 1889 in
610 1854 685 1889 alia
726 1854 912 1889 sent-entia
953 1853 1208 1892 interiectum:
1250 1866 1337 1888 nam
1368 1860 1525 1901 propter
1555 1853 1668 1888 scie-

259 1924 371 1958 bant
413 1931 494 1959 aut
527 1930 754 1971 poterant
791 1925 971 1972 scriptum
1005 1930 1060 1959 est
1091 1923 1433 1959 concelebrant
1464 1945 1513 1948 —
1545 1922 1667 1959 face-

259 2000 374 2029 rent.
436 1993 640 2030 Celebrare
671 2002 708 2030 et
739 1995 1006 2030 concelebrare
1036 2007 1115 2029 rem
1147 1993 1247 2041 apud
1266 1994 1416 2029 Livium
1438 2007 1512 2029 non
1545 1994 1668 2029 solum

259 2063 344 2111 ipsa
374 2065 576 2101 multitudo
607 2066 756 2109 dicitur,
788 2078 871 2113 quae
903 2065 1090 2108 convenit„
1121 2065 1185 2099 scd
1222 2064 1346 2099 etiam.
1380 2063 1443 2111 qui
1471 2077 1549 2099 rem
1573 2063 1668 2100 cele-

260 2134 387 2169 britati
412 2142 447 2170 et
474 2135 742 2171 contrahendis
768 2135 983 2171 hominibus
1008 2141 1135 2183 aptam
1161 2134 1331 2177 instituit,
1352 2134 1455 2169 velut
1479 2134 1592 2175 VIII,
1622 2135 1666 2169 10

260 2203 372 2239 funus
394 2206 439 2240 1³.
460 2206 580 2241 Decio
612 2206 756 2242 factum
780 2206 915 2242 dicitur
946 2205 1224 2241 celebrante
1257 2204 1446 2253 collega
1477 2211 1512 2240 et
1533 2203 1670 2240 similia

261 2274 363 2310 alibi.

371 2344 465 2393 Cap.
504 2348 560 2382 12.
619 2347 733 2382 Initio
766 2359 891 2394 operae
912 2352 992 2382 toto
1014 2357 1151 2393 genere
1183 2345 1304 2380 tenuis
1333 2344 1669 2380 commemoranda

262 2420 317 2449 est
355 2428 414 2450 res
450 2417 509 2452 vel
550 2418 629 2458 hio,
672 2417 735 2453 ubi
779 2417 870 2453 nihil
903 2423 959 2451 est
999 2428 1199 2463 magnum,
1243 2416 1376 2451 ceteris
1415 2415 1463 2450 ad
1504 2414 1669 2462 speciem

287 2553 316 2591 ¹)
352 2556 444 2594 Quas
480 2559 511 2587 in
545 2558 639 2588 libris
675 2558 779 2587 tribus
817 2558 931 2596 primis
969 2555 1222 2586 emendationes
1249 2555 1405 2586 asterisco
1432 2554 1561 2589 notavi,
1601 2553 1668 2583 iam

354 2620 441 2658 apud
484 2619 727 2658 Ingerslevium
770 2619 913 2649 breviter
953 2618 1108 2648 indicatae
1148 2623 1225 2646 sunt
1264 2617 1297 2646 in
1344 2617 1461 2647 horum
1507 2615 1668 2645 librorum

355 2680 510 2710 editione.
