1811 2925
212 95 286 126 Lib.
315 94 424 125 Xmi.
881 96 957 130 510

212 221 291 256 haec
321 219 554 255 scribuntur:
585 229 852 260 censorem,
885 215 1097 252 moribus
1127 216 1357 264 regendis
1399 226 1626 257 creatum,

213 291 289 327 cui
320 296 455 326 sarta
485 296 615 325 tecta
646 288 842 337 exigere
876 287 1037 323 sacris
1067 286 1284 335 publicis
1303 288 1626 323 etlocatuen-

215 364 272 399 da
302 374 429 398 more
468 360 705 396 maiorum
740 358 979 395 traditum
1011 366 1160 402 esset,
1198 371 1297 394 eum
1439 359 1626 408 vagari.

213 436 331 471 Recte
355 432 465 469 haesit
480 431 661 468 Dukerus
678 431 716 466 in
729 430 877 466 infinita
909 430 981 466 hac
1012 429 1230 465 locorum
1262 431 1629 466 commemoratione

214 513 250 542 et
278 506 496 541 locorum
527 501 838 546 tuendorum,
882 513 952 537 nec
981 500 1106 536 minus
1136 513 1300 548 pravum
1344 508 1403 538 est
1432 502 1629 551 exigere

214 577 327 612 loca
357 573 554 617 tuenda3
584 584 709 620 neque
740 571 839 608 enim
871 572 1037 620 exigitur
1066 571 1211 619 aliquid
1229 573 1424 618 tuendum,
1443 573 1509 609 sed
1526 586 1630 617 num,

216 647 282 695 qui
312 645 512 682 aedifieium
543 644 725 680 tuendum
759 643 918 691 accepit,
950 642 1077 679 officio
1108 642 1348 682 satisfecerit.
1410 643 1552 681 Omnia
1569 657 1630 680 sa-

216 717 324 754 nabit
343 716 504 752 vulnera
520 728 597 751 una
612 721 781 750 retracta
798 714 960 763 syllaba,
993 726 1107 762 quam
1121 714 1300 751 librarius
1330 715 1412 751 sive
1433 715 1632 751 oculorum

216 802 344 826 errore
365 786 494 824 omisit
523 786 605 822 sive
624 785 753 834 potius
772 785 1115 832 (quemadmodum
1148 785 1309 833 exposui
1338 798 1457 835 supra
1486 787 1633 834 p.488)

217 859 321 907 quod
352 858 519 894 animum
552 858 740 893 defixerat
766 856 804 892 in
838 855 966 904 specie
998 855 1163 904 primum
1186 869 1234 892 ex
1254 856 1390 893 litteris
1419 857 1527 894 loca
1558 858 1633 894 ob·-

216 931 330 966 iecta:
368 936 506 966 sarta
550 934 678 964 tecta
711 927 906 975 exigere
937 926 1093 962 sacris
1123 927 1345 975 publicis
1387 935 1432 964 et
1463 929 1633 968 locare

217 1000 407 1038 tuenda.
467 999 615 1035 Tueri
646 1004 780 1034 sarta
810 1004 939 1033 tecta
970 996 1105 1034 Cicero
1141 1011 1295 1047 quoque
1326 999 1423 1035 dixit
1453 999 1501 1035 ad
1521 1000 1634 1037 Fam.

217 1072 336 1114 XIIJ,
363 1073 422 1107 11.
481 1071 584 1107 Nam
620 1083 736 1118 quum
767 1077 902 1105 sarta
932 1075 1063 1105 tecta
1094 1069 1234 1105 sensim
1264 1082 1423 1118 prorsus
1453 1083 1525 1118 pro
1542 1070 1634 1118 ipsis

217 1143 384 1179 aedificiis
402 1171 411 1186 ,
443 1155 526 1190 quae
557 1142 699 1178 tuenda
729 1148 852 1189 erant,
885 1147 926 1176 ut
956 1147 1061 1176 sarta
1107 1147 1285 1189 tectaque
1331 1148 1484 1185 essent,
1513 1141 1635 1189 accipi

219 1220 356 1263 coepta
389 1220 526 1253 essent„
559 1220 595 1249 et
620 1213 790 1249 locare
820 1219 954 1248 sarta
984 1218 1115 1248 tecta
1161 1225 1237 1248 non
1268 1212 1393 1248 minus
1425 1225 1541 1260 quam
1572 1212 1637 1248 lo-

220 1299 329 1322 care
358 1285 499 1321 aedem
531 1297 721 1321 sacram
755 1283 952 1320 dicebatur
983 1291 1019 1319 et
1053 1283 1264 1331 exigere.

331 1356 428 1405 Cap.
465 1359 512 1397 5,
549 1359 586 1392 1:
625 1356 857 1399 Perseus,
908 1355 999 1390 iam
1031 1354 1215 1391 bellum
1245 1355 1357 1390 vivo
1389 1362 1530 1403 patre
1566 1366 1637 1390 co-

218 1429 427 1478 gitatum
466 1427 682 1463 volvens.
751 1426 813 1463 Sic
863 1425 1001 1461 dicitur
1045 1425 1137 1462 iam
1166 1426 1401 1469 volvens,
1451 1433 1637 1473 tanquam

220 1502 404 1537 hactenus
444 1511 528 1534 eam
568 1498 840 1547 cogitationem
884 1498 1110 1546 seposuerit.
1188 1497 1268 1533 Vix
1305 1497 1387 1533 fieri
1418 1503 1571 1545 potest,
1601 1503 1639 1532 ut

220 1584 297 1607 non
313 1570 508 1619 scripserit
526 1569 676 1606 Livius:
707 1569 886 1605 bellum
920 1569 1010 1604 iam
1042 1568 1154 1605 vivo
1186 1576 1326 1617 patre
1347 1569 1640 1617 cogitatum;

221 1644 259 1679 in
290 1656 335 1679 eo
366 1642 466 1679 enim
496 1640 700 1690 participio
731 1640 950 1676 necessaria,
979 1640 1169 1688 particula
1197 1648 1263 1676 est.
1324 1639 1475 1676 Deinde
1506 1641 1563 1684 §ss
1596 1639 1642 1675 de

224 1714 371 1750 Graecis
408 1715 555 1750 Persea
584 1712 749 1748 Eumeni
788 1711 1078 1760 praeferentibus
1122 1720 1159 1748 et
1191 1712 1246 1747 illi
1287 1724 1327 1747 se
1359 1710 1642 1759 applicantibus

224 1786 277 1822 sic
327 1786 529 1822 edebatur:
584 1796 665 1819 seu
699 1783 811 1831 quia
853 1796 952 1819 cum
1000 1783 1242 1819 obiectum
1274 1794 1380 1818 esse
1410 1781 1642 1818 Romanis

225 1857 457 1893 volebant
495 1856 635 1904 (prava
665 1855 896 1899 sententia);
939 1855 977 1890 iu
1009 1855 1140 1891 codice
1170 1861 1243 1890 est:
1293 1867 1371 1890 scu
1405 1853 1517 1901 quia
1547 1865 1571 1887 n
1586 1864 1643 1887 on

226 1927 421 1964 obiecta
452 1940 561 1963 esse
592 1926 821 1964 Romanis
851 1926 1099 1971 volebant,
1133 1939 1181 1961 ex
1213 1938 1288 1973 quo
1305 1923 1643 1961 Weissenbornius

228 1997 376 2037 effecit:
408 2011 502 2035 non
533 1999 748 2035 subiecti
781 2010 902 2042 csse3
934 1998 999 2033 sed
1046 2010 1090 2033 eo
1122 1996 1337 2045 significatu
1370 1996 1433 2044 (de
1462 1995 1530 2040 iis7
1579 1994 1644 2042 qui

227 2070 397 2106 nondum
427 2070 465 2105 in
496 2070 676 2106 ditionem
712 2069 939 2118 potentioris
969 2069 1115 2105 redacti
1155 2081 1293 2117 parcre
1334 2075 1463 2103 tamen
1506 2065 1645 2101 volun-

230 2142 300 2177 tati
330 2142 409 2177 eius
441 2140 648 2189 coguntur)
680 2141 919 2177 obnoxius
950 2140 1098 2177 dicitur.
1129 2153 1204 2176 non
1235 2139 1499 2175 subiectus.
1549 2135 1644 2172 Mihi

229 2214 268 2249 in
298 2219 462 2249 mentem
494 2213 608 2248 venit.
628 2212 787 2261 propius
807 2212 923 2260 paulo
946 2212 994 2248 ad
1010 2212 1173 2248 litteras:
1204 2224 1295 2247 non
1328 2208 1510 2246 abiecti
1542 2219 1647 2244 esse

231 2286 276 2320 R.
307 2297 355 2328 v.‚
387 2285 458 2319 hoc
489 2291 557 2327 cst,
590 2296 666 2319 non
698 2284 905 2331 contempti
937 2291 971 2318 et
1003 2283 1111 2321 viles.
1172 2281 1357 2318 Favendo
1388 2279 1647 2317 Macedonum

231 2355 311 2402 regi
342 2353 469 2390 Graeci
503 2354 653 2390 efficere
685 2355 880 2396 volebant„
929 2360 969 2389 ut
1000 2353 1166 2390 Romani
1195 2358 1424 2401 cogerentur
1464 2350 1522 2386 sui
1553 2361 1649 2396 quo-

234 2438 307 2473 que
337 2425 505 2472 aliquam
541 2426 729 2462 rationem
760 2425 923 2469 ducere,
955 2425 1136 2473 quoniam
1168 2424 1352 2460 adiuvare
1386 2420 1649 2458 adversarium

233 2504 400 2545 possent.
475 2496 551 2533 Sed
582 2497 654 2533 hoc
684 2496 888 2535 incertum:
930 2496 1021 2531 illud
1064 2502 1233 2536 certum,
1270 2494 1387 2543 paulo
1417 2499 1506 2542 post
1535 2493 1578 2537 (ξ
1611 2491 1650 2538 8)

236 2567 476 2603 scribendum
507 2580 607 2603 esse:
639 2568 792 2614 Quum
824 2566 1093 2603 Thessalos
1136 2566 1184 2601 in
1224 2564 1371 2601 armis
1403 2576 1511 2600 esse
1542 2575 1652 2598 nun—

236 2639 406 2674 tiatum
440 2645 569 2674 esset
610 2638 710 2684 (cod.
745 2646 780 2674 et
812 2638 898 2674 edd.
931 2640 1040 2684 est),
1081 2639 1202 2686 App.
1234 2634 1486 2672 Claudium
1518 2632 1654 2681 lega-
