1811 2925
213 134 287 165 Lib.
305 133 473 164 XXVIII.
883 134 961 168 336

213 256 353 292 tionem
393 262 470 291 tres
515 255 617 303 apud
657 253 1021 290 Drakenborchium
1064 252 1214 289 codices
1267 259 1436 289 recentes
1474 254 1629 298 habent,

214 327 365 363 sublata
395 337 490 361 voce
520 325 672 369 modo,
705 337 782 372 qua
810 329 893 360 tota
923 321 1112 359 sententia
1142 321 1344 367 evertitur,
1385 322 1439 358 sie
1467 323 1629 371 seripse-

213 402 316 433 runt:
348 395 591 432 consulem
620 406 825 443 peecare
856 393 1083 435 arbitror,
1115 391 1193 439 qui
1366 405 1462 428 non
1494 405 1630 430 sena-

214 474 384 510 torem,
426 465 504 513 qui
534 472 604 501 cet.
679 464 829 502 Similia
859 463 1122 499 additamenta
1165 474 1212 497 ex
1243 463 1315 498 hae
1346 463 1489 499 decade
1518 463 1631 512 posui

214 550 250 584 p.
285 533 421 581 208.¹)
482 535 539 580 (Si
573 535 658 582 quis
690 534 893 570 conabitur
929 545 1019 568 non
1054 537 1327 567 senatorem
1370 533 1508 569 modo
1539 547 1629 570 con-

213 606 370 654 iungere
386 605 583 642 cumillis:
614 610 834 640 senatum
857 603 948 639 lud.
965 603 1120 645 habet,
1144 600 1341 637 ridiculam
1362 602 1499 640 efficiet
1520 616 1633 653 sepa-¹

213 677 402 713 rationem
435 681 590 711 senatus
622 681 659 711 et
689 675 800 711 unius
832 673 1020 710 senatoris
1051 671 1284 719 adiectaeque
1306 672 1406 708 illius
1438 675 1632 710 sententiae

212 747 400 783 relativae:
432 745 524 794 qui,
556 746 612 781 de
644 758 735 793 quo
768 751 836 781 etc.
868 743 1057 780 rationem
1090 754 1248 790 prorsus
1278 746 1500 790 pervertet.)

326 815 422 865 Cap.
456 819 529 859 41,
580 819 598 851 7
633 822 670 852 et
701 817 722 852 8
766 815 822 862 (in
853 814 987 850 eadem
1029 812 1076 859 Ω.
1107 811 1221 848 Fabii
1251 812 1461 855 oratione):
1505 814 1630 861 Quin

214 887 364 934 igitur
409 887 465 922 ad
514 886 604 921 hoe
647 884 951 933 accingeris,
998 894 1084 918 nec
1115 895 1198 930 per
1226 882 1347 919 istos
1385 884 1631 928 circuitus,

214 963 274 1001 ut,
306 969 446 1004 quum
477 956 521 992 in
553 955 779 992 Africam
815 952 1096 996 traieceris,
1127 959 1401 989 secuturum
1440 960 1485 990 te
1515 954 1633 990 illuc

214 1026 539 1062 Hannibalem
575 1038 754 1074 speres,
777 1024 941 1074 potius
973 1035 1109 1071 quam
1139 1030 1274 1059 recto
1304 1023 1412 1059 111110
1441 1024 1633 1069 itinere,

213 1097 292 1132 ubi
334 1096 586 1132 Hannibal
629 1102 723 1139 est,
770 1108 821 1131 eo
862 1093 1038 1130 bellum
1081 1093 1322 1128 intendis?
1384 1094 1632 1142 egregiam

213 1166 353 1202 istam
384 1167 593 1214 palmam
634 1166 752 1202 belli
782 1164 963 1201 Punici
992 1163 1185 1211 patrati
1215 1163 1366 1211 petis?
1426 1165 1634 1200 Postrema

213 1238 293 1273 haee
330 1235 587 1284 interrogatio
631 1235 685 1271 sic
740 1247 911 1271 seorsum
955 1234 1083 1282 posita
1123 1233 1254 1281 inepta
1295 1238 1361 1268 est.
1439 1233 1632 1279 Quoniam

214 1308 313 1343 enim
345 1308 391 1343 de
421 1307 618 1343 voluntate
650 1305 841 1353 Scipionis
871 1304 1037 1340 dubitari
1066 1303 1209 1350 nequit,
1240 1303 1327 1338 ideo
1347 1308 1495 1339 tantum
1517 1304 1635 1339 inter-

213 1383 390 1425 rogatur,
420 1382 462 1412 ut
492 1376 750 1423 adiungatur,
787 1375 878 1423 quid
920 1375 969 1410 ad
1012 1385 1096 1410 earn
1126 1385 1205 1408 rem
1237 1374 1544 1420 consequendam
1577 1373 1633 1409 fa-

217 1447 389 1482 ciendum
421 1446 480 1481 sit.
546 1446 692 1481 Verum
716 1445 808 1481 nihil
838 1444 1025 1481 eiusmodi
1059 1442 1230 1489 sequitur
1259 1443 1464 1491 potiusque
1485 1444 1523 1479 id
1547 1450 1635 1479 ante

218 1516 359 1552 dictum
401 1521 459 1552 est
489 1521 592 1560 [nec
629 1543 667 1554 ..
700 1522 834 1551 recto
873 1515 1057 1551 itinere
1186 1525 1238 1548 eo
1270 1513 1446 1550 bellum
1477 1514 1633 1550 inten-

218 1585 350 1633 dis?).
418 1587 494 1623 Sed
532 1598 580 1621 ne
623 1585 886 1633 superioribus
927 1585 1078 1632 quidem
1118 1583 1275 1631 adiungi
1304 1583 1526 1632 simpliciter
1555 1585 1636 1620 haec

217 1655 467 1702 interrogatio
498 1661 625 1703 potest
656 1654 716 1701 (et
750 1655 994 1703 egregiam
1034 1685 1042 1692 .
1061 1682 1069 1692 .
1090 1653 1145 1700 Ρ),
1176 1654 1357 1701 quoniam
1387 1653 1491 1689 nulla
1520 1654 1559 1689 in
1590 1667 1635 1689 ea

218 1724 446 1772 significatio
477 1731 534 1760 est
563 1725 654 1767 viae,
689 1737 766 1772 qua
800 1723 982 1759 utendum
1014 1723 1084 1759 sit.
1118 1736 1202 1771 quae
1233 1730 1343 1765 esset,
1375 1723 1406 1759 si
1437 1723 1492 1759 sie
1521 1724 1635 1759 inter—

254 1972 285 2011 ¹)
309 1971 421 2001 Lubet
442 1980 518 2001 011111
547 1971 792 2010 antiquissimae
830 1970 864 1999 in
898 1969 1050 2000 Livianis
1078 1970 1248 1999 codicibus
1275 1969 1548 2010 interpolationis
1575 1978 1632 1999 ex-

315 2032 436 2072 emplis
458 2038 539 2063 ortae
567 2042 609 2063 ex
635 2042 738 2072 pravo
764 2030 939 2062 intellectu
966 2030 1139 2060 sententiae
1174 2039 1242 2060 non
1275 2029 1422 2060 difficilis
1455 2034 1487 2059 et
1520 2028 1635 2059 formae

313 2094 475 2124 orationis
491 2094 680 2134 perspicuae
707 2093 912 2131 coniungere
924 2090 1032 2121 simile
1046 2090 1236 2131 exemplum
1253 2100 1294 2121 ex
1320 2090 1510 2131 antiquiore
1538 2088 1634 2120 Cice-

315 2155 406 2185 ronis
445 2155 584 2191 codiee,
612 2164 713 2194 quam
740 2154 900 2184 Livianus
922 2151 1012 2181 unus
1039 2157 1106 2186 est,
1142 2152 1459 2183 manifestissimum
1487 2160 1548 2181 nec
1585 2155 1635 2181 ta-

315 2226 390 2246 men
416 2227 436 2246 a
462 2226 632 2256 quoquam
659 2216 943 2245 animadversum.
994 2211 1081 2242 Nam
1107 2211 1124 2242 I
1149 2212 1189 2241 de
1216 2221 1284 2252 rep.
1314 2216 1376 2249 34,
1405 2215 1465 2249 51,
1493 2211 1550 2242 ubi
1579 2210 1635 2242 Ci-

315 2287 392 2308 cero
420 2277 570 2317 scripsit:
599 2286 744 2311 nomen
772 2275 842 2306 illi
868 2273 1096 2315 principes
1124 2274 1390 2315 optimatium
1416 2272 1636 2303 mordicus

316 2340 481 2375 tenent,
511 2349 552 2371 re
579 2345 726 2368 autem
753 2338 914 2372 carent,
955 2334 1111 2364 librarius
1154 2344 1255 2373 quum
1292 2344 1336 2364 re
1372 2344 1432 2374 pro
1474 2334 1635 2364 adverbio

316 2408 468 2439 reapse
495 2398 693 2438 accepisset,
721 2398 844 2428 additis
869 2396 1008 2426 vocibus
1035 2404 1081 2425 eo
1106 2396 1289 2436 nomine,
1311 2396 1471 2426 orationis
1490 2394 1635 2425 formam

316 2465 348 2489 et
374 2459 598 2489 membrorum
626 2460 777 2500 pondere
814 2457 1051 2496 insignitorum
1086 2456 1172 2486 inter
1208 2466 1242 2486 se
1283 2456 1499 2492 relationem,
1535 2464 1634 2493 quam

316 2521 503 2551 litterarum
542 2520 658 2551 formis
689 2519 896 2559 significavi,
923 2517 1151 2558 pessumdedit
1176 2515 1368 2557 effecitque,
1406 2522 1442 2546 ut
1483 2515 1639 2545 dieantur

316 2582 482 2623 principes
508 2581 556 2610 illi
584 2590 698 2611 carere
726 2590 768 2610 eo
796 2580 945 2612 nomine,
972 2578 1062 2619 quod
1092 2581 1234 2606 teneant.
1286 2576 1363 2606 Non
1391 2576 1525 2606 nomine
1544 2583 1661 2605 care-¹

315 2643 407 2677 bant,
435 2642 492 2673 sed
518 2651 562 2672 re.
