1811 2925
818 139 860 172 51
879 139 887 172 ι
1354 133 1428 164 Lib.
1455 133 1564 164 XLII.

150 270 244 299 tum
276 262 332 298 ad
363 274 442 298 eas
473 273 549 297 res
582 256 908 309 aspiciendas
1051 263 1250 293 senatus
1294 257 1439 296 misit.
1500 258 1565 294 In-

150 334 299 370 dicatur
341 345 455 369 causa
486 332 604 380 legati
636 330 827 372 mittendi,
858 342 958 369 non„
990 328 1224 376 legationem
1253 327 1431 365 incidisse
1458 329 1495 365 in
1526 329 1564 366 id

150 413 312 454 tempus,
350 417 464 452 quum
495 403 711 439 nuntiatum
743 401 835 437 illud
868 401 914 437 de
945 398 1144 436 Thessalis
1175 398 1223 434 sit
1254 402 1382 440 (tum,
1426 413 1563 449 quum

204 505 213 514 .
254 476 359 523 est).
427 475 609 512 Erratum
649 473 783 510 eodem
821 471 937 508 modo
983 477 1049 507 aut
1089 469 1281 505 contrario
1321 469 1465 512 (esset
1493 485 1565 521 pro

147 556 223 584 est
251 545 474 596 scribendo)
515 553 553 582 et
587 544 679 581 alibi
715 544 753 580 in
784 543 887 580 Livii
917 541 1112 579 codicibus
1148 552 1225 576 non
1262 539 1316 576 ita
1346 554 1434 578 raro
1462 550 1497 579 et
1527 544 1566 580 in

149 619 280 655 codice
323 616 637 659 Vindobonensi,
682 622 721 651 ut
752 615 881 651 statim
913 627 943 651 c.
980 614 1078 657 18ss
1109 612 1147 648 in
1179 625 1224 647 eo
1253 612 1430 649 scribitur
1460 614 1565 663 (item

149 697 236 738 post
268 691 432 738 quum)
465 688 669 724 dilatum
705 693 778 722 est
807 699 878 735 pro
909 685 1113 721 dilatum
1148 689 1297 727 esset,
1331 685 1435 732 quod
1464 693 1566 722 recte

150 760 296 804 editur,
329 760 472 797 XLV.
509 760 578 802 12,
622 761 668 794 10
708 757 889 794 mendum
919 755 1072 793 mansit.
1195 754 1377 803 Sequitur
1407 758 1440 800 (ἓ
1477 758 1566 803 10):

148 830 437 867 Aetolorum
470 843 641 867 causas
673 828 940 866 Marcellus
970 826 1177 875 Delphis
1207 838 1290 875 per
1311 825 1432 863 idem
1456 833 1565 864 tem-

149 914 235 951 pus
265 902 531 938 hostilibus
573 911 710 939 actas
743 900 943 942 animis,
983 910 1102 947 quas
1133 897 1369 934 intestino
1399 910 1565 947 gesse-

149 981 253 1008 rant
272 972 414 1018 bello,
432 973 672 1022 cognovit.
703 973 822 1009 Recte
838 971 1068 1007 intellectum
1090 976 1158 1013 esti
1175 980 1354 1005 causas
1374 982 1448 1005 non
1465 971 1566 1018 geri

150 1043 290 1086 bello,
308 1051 343 1078 et
356 1050 478 1080 totum
500 1045 573 1080 hoc
595 1027 714 1091 quas
745 1043 768 1078 i.
782 1055 818 1091 g.
831 1043 867 1078 b.
882 1042 1047 1078 inaniter
1070 1041 1195 1079 adiici.
1238 1041 1566 1089 ItaqueRuperti-

150 1127 211 1149 um
239 1114 468 1150 recentiores
499 1122 722 1162 sequuntur,
755 1125 872 1161 quos
903 1112 1144 1156 scribentenn
1177 1118 1217 1147 ut
1247 1112 1297 1147 ad
1328 1111 1475 1148 animos
1506 1126 1566 1149 re-

148 1184 304 1220 feratur.
391 1184 467 1222 Sed
498 1185 743 1222 vitiosissime
788 1193 866 1221 tum
899 1183 1071 1220 abundat
1113 1182 1392 1221 hostilibus,
1419 1184 1458 1219 id
1487 1184 1564 1221 iam

148 1256 396 1304 praecipiens‚
427 1257 531 1304 quod
573 1257 709 1292 deinde
739 1257 889 1304 integra
931 1254 1150 1291 declaratur
1183 1255 1390 1300 sententia3
1438 1255 1567 1292 debuit

150 1327 242 1362 dici:
278 1327 447 1363 iisdem
481 1328 673 1373 animis,
719 1339 837 1376 quos
884 1328 973 1375 (hoc
1003 1332 1082 1366 est,
1125 1325 1358 1364 hostilibus).
1434 1326 1567 1363 Livius

149 1398 375 1447 scripserat:
404 1412 490 1448 per
520 1399 642 1435 idem
673 1406 885 1448 tempus,
935 1395 1051 1447 [non
1084 1395 1256 1446 minus]
1302 1397 1566 1434 hostilibus

147 1477 282 1506 actas
313 1469 497 1514 animis,
530 1482 665 1522 quam
697 1482 814 1521 quos
862 1469 1098 1506 intestino
1130 1475 1388 1516 gesserant
1416 1469 1567 1513 bello,

149 1540 397 1588 cognovit.
435 1541 604 1577 Librarii
620 1542 752 1578 oculos
771 1540 920 1589 decepit
935 1539 1144 1575 similitudo
1160 1538 1372 1575 litterarum
1402 1540 1440 1576 in
1456 1547 1500 1577 te
1513 1554 1568 1577 m-

149 1623 234 1659 pus
266 1618 302 1647 et
332 1612 504 1659 minusg
536 1620 616 1648 tum
648 1612 733 1648 duae
762 1624 879 1649 voces
911 1625 934 1647 a
965 1623 1023 1660 qu
1052 1610 1277 1659 incipientes
1307 1611 1406 1647 inter
1435 1624 1496 1655 se,
1528 1619 1569 1649 ut

150 1694 273 1731 saepe„
317 1689 540 1720 nocuerunt.
614 1684 800 1720 Nondum
844 1684 917 1720 hoc
948 1689 1063 1731 caput
1091 1681 1340 1718 absolvimus.
1406 1683 1568 1720 Restant

151 1754 251 1790 enim
282 1761 455 1790 extrema
484 1754 605 1790 verba
636 1754 670 1800 (ξ
700 1754 763 1801 12)
796 1753 850 1790 sic
880 1753 919 1790 in
950 1753 1081 1789 codice
1104 1753 1268 1802 scripta:
1300 1752 1568 1791 Corinthus

151 1832 197 1860 ut
227 1825 296 1861 ibi
329 1825 686 1873 deponerentur
727 1825 925 1861 obsides
957 1824 1273 1862 convenitur.
1351 1822 1571 1873 (Edebatur

151 1896 261 1932 olim:
293 1894 594 1937 Corinthumq
626 1903 677 1932 ut
704 1896 772 1933 ibi
803 1897 906 1945 dep.
937 1896 1045 1939 obs.7
1077 1896 1385 1934 convenitur.
1429 1895 1569 1932 Nullus

151 1965 326 2003 Corinthi
359 1973 570 2003 conventus
601 1976 709 2004 actus
741 1971 830 2013 est.)
909 1968 1028 2004 Recte
1058 1967 1308 2015 Kreyssigius
1343 1967 1570 2003 convenit

151 2037 267 2074 scribi
294 2037 425 2084 iussit,
472 2038 533 2075 cui
574 2039 807 2075 recentiores
852 2039 1136 2086 obsequuntur3
1182 2037 1245 2084 (de
1274 2038 1403 2074 mendi
1431 2051 1570 2087 genere

150 2108 239 2153 vid„
269 2121 353 2156 quae
383 2109 508 2146 dicam
539 2109 589 2145 ad
619 2109 749 2153 XLV„
790 2112 824 2148 5.
866 2108 948 2157 123)
1001 2108 1069 2145 sed
1109 2109 1213 2156 quod
1251 2117 1301 2145 ut
1330 2109 1396 2145 ibi
1435 2109 1569 2153 editur,

150 2190 227 2213 non
257 2185 349 2226 puto
373 2179 549 2216 absolute
580 2180 658 2216 dici
682 2192 816 2228 posse:
848 2179 1115 2216 Corinthus
1148 2181 1391 2225 convenia
1422 2180 1572 2217 adiecta

153 2249 340 2285 sententia
372 2250 477 2286 finali
510 2251 608 2298 (ut),
639 2252 725 2288 sed:
757 2250 1040 2296 Corinthus,
1072 2252 1154 2288 ubi
1187 2252 1292 2301 dep.
1324 2253 1435 2299 obs„
1468 2266 1570 2290 con-

152 2321 296 2363 venit,
325 2321 401 2357 hoc
432 2329 506 2358 est:
537 2320 625 2358 Cor.
658 2322 811 2358 obsides
842 2323 1060 2371 deponendi
1090 2323 1198 2359 locus
1229 2323 1419 2362 convenit.

269 2390 366 2440 Cap.
384 2394 481 2436 729:
511 2393 690 2430 Decem
721 2394 856 2430 milia
887 2394 1128 2431 hominum
1153 2406 1271 2430 caesa
1300 2395 1571 2440 traduntur,

153 2463 359 2512 amplius
407 2464 705 2512 septingenti
735 2466 914 2513 passim
963 2466 1115 2515 capti3
1162 2465 1304 2514 signa
1332 2466 1571 2503 militaria

153 2534 311 2571 relata
341 2535 599 2583 octoginta
628 2535 736 2572 tria.
796 2537 1002 2584 Nusquam
1017 2537 1056 2573 in
1077 2537 1263 2574 similibus
1280 2536 1374 2573 locis
1407 2537 1474 2585 (—
1488 2537 1570 2586 plu-

154 2604 259 2641 rimis
296 2612 423 2642 autem
455 2607 508 2643 sic
538 2618 723 2643 caesorum
758 2615 1037 2656 captorumque
1067 2615 1105 2644 et
1134 2609 1332 2656 signorum
1362 2607 1570 2644 relatorum

154 2676 299 2712 numeri
331 2684 525 2724 ponuntur
554 2678 637 2725 —)‚
655 2678 821 2715 additur.
854 2679 1049 2727 quomodo
1080 2680 1211 2715 hostes
1243 2678 1345 2727 capti
1375 2678 1472 2724 sint3
1503 2691 1572 2714 uec
