1811 2925
187 137 261 169 Lib.
286 135 473 167 XXXVII.
862 134 940 170 432

301 259 396 308 Cap.
433 261 496 302 51,
531 261 551 294 5
599 257 662 305 (de
693 256 743 304 Q.
777 255 916 301 Fabio,
946 254 1101 291 flamine
1132 254 1335 302 Quirinali,
1365 261 1543 304 praetore,
1575 255 1614 292 in

191 329 429 381 provinciam
450 328 641 378 proficisci
672 341 695 364 a
716 326 900 376 pontifice
918 325 1089 361 maximo
1120 324 1238 362 vetito
1277 331 1315 361 et
1344 326 1614 374 repugnanti):

192 401 391 449 Religio
422 400 478 436 ad
508 405 806 449 postremum
837 394 972 440 vicit,
1003 401 1054 431 ut
1084 395 1215 432 dicto
1247 396 1457 433 audiens
1486 404 1617 434 esset

192 473 371 510 flamen
402 469 659 520 pontifiei3
706 475 751 504 et
778 467 927 504 multa
957 466 1092 502 iussu
1122 466 1294 514 populi
1326 467 1369 503 ei
1399 468 1616 504 remissa.

192 545 398 581 Postrema
427 542 508 578 haee
541 539 601 590 (et
631 539 783 576 multa
814 539 903 582 cet.)
937 550 985 573 ex
1018 537 1061 573 M
1091 537 1322 573 recentiores
1352 538 1617 583 restituerunt3

194 615 231 650 in
268 612 462 662 prioribus
507 616 643 647 eontra
684 610 855 647 omnium
907 609 1082 645 codicum
1128 607 1397 644 auctoritatem
1435 608 1619 645 retinetur

195 685 385 733 scriptura
415 682 530 719 etiam
561 681 759 718 sententiae
788 679 962 729 graviter
981 690 1136 716 nocens,
1181 679 1285 715 Nam
1316 679 1409 714 hoe:
1439 679 1618 728 religio

196 755 334 800 vicit7
389 760 437 790 ut
474 753 604 789 dicto
649 751 854 788 audiens
898 755 1027 787 esset
1067 749 1248 786 flamen
1287 749 1522 798 pontifici
1565 750 1620 787 sic

197 827 347 871 dicitur,
376 831 562 872 tanquam
587 824 670 872 ipse
700 824 840 859 flamen
873 821 1059 870 religione
1074 821 1210 865 vietus,
1234 821 1376 857 omisso
1399 820 1621 866 certamine,

197 896 366 948 pontifici
395 895 584 944 paruerim
628 902 668 930 at
698 900 875 931 eoactum
910 905 996 928 eum
1026 891 1161 941 populi
1190 892 1389 928 voluntate
1419 897 1456 927 et
1494 897 1621 928 cetera

199 971 336 1006 docent
377 974 413 1003 et
456 966 559 1014 quod
605 978 697 1001 mox
738 964 962 1009 subiicitur,
1009 975 1093 1000 eum
1135 962 1194 998 ira
1236 969 1374 1011 ereptae
1414 961 1623 1011 provineiae

199 1046 367 1090 praetura
398 1051 438 1074 se
469 1037 650 1072 abdicare
681 1042 862 1072 conatum
896 1047 990 1073 esse.
1072 1034 1117 1070 ln
1159 1033 1354 1070 codicibus
1394 1033 1495 1069 notis
1528 1032 1622 1068 seri-

200 1111 321 1147 bitur:
353 1108 475 1145 vicit
505 1113 552 1143 ut
584 1107 719 1143 dicto
751 1105 952 1142 audiens
986 1112 1112 1141 esset
1152 1104 1200 1151 (B
1232 1108 1411 1147 essent)
1443 1103 1622 1139 slamen

201 1179 431 1231 pontifici
476 1179 665 1216 iussus,
696 1177 735 1213 in
767 1188 843 1224 quo
874 1175 1076 1223 perspicue
1107 1175 1204 1210 inest
1234 1174 1284 1219 id,
1317 1174 1419 1221 quod
1438 1173 1624 1211 Gelenius

202 1251 283 1288 sive
314 1263 362 1286 ex
393 1249 527 1286 eadem
571 1246 791 1297 Moguntini
834 1246 1025 1295 scriptura
1063 1245 1159 1281 eruit
1205 1251 1272 1280 aut
1307 1245 1430 1293 ipsum
1473 1257 1521 1280 ex
1558 1244 1624 1280 illo

204 1321 382 1370 sumpsit:
430 1327 474 1356 et
504 1312 636 1356 dieto
669 1318 873 1354 audiens
906 1329 1012 1352 esse
1052 1315 1237 1351 flamen
1273 1314 1503 1364 pontifici
1533 1315 1624 1352 ius-

205 1405 299 1437 sus3
343 1391 410 1428 sed
440 1390 552 1426 simul
583 1390 716 1426 addita
753 1401 830 1425 una
871 1387 999 1424 littera
1040 1386 1300 1423 scribendum:
1462 1386 1625 1422 iussus

206 1470 297 1509 est3
345 1462 498 1499 multa
541 1460 676 1496 iussu
721 1458 890 1508 populi
928 1464 998 1495 cet.
1067 1457 1126 1493 Et
1169 1456 1334 1493 alienum
1383 1464 1450 1494 est.
1519 1456 1627 1493 Nihil

204 1546 361 1585 prorsus
410 1530 631 1568 offensionis
676 1530 794 1566 habet
841 1527 1044 1577 participio
1100 1527 1298 1574 (iussus)
1342 1527 1625 1565 substantivum

206 1606 452 1654 coniugatum
495 1602 533 1638 in
574 1601 696 1637 altero
738 1599 935 1636 sententiae
988 1599 1160 1634 membro
1220 1598 1444 1636 subiectum.
1518 1597 1628 1635 Infra

208 1681 241 1725 (ξ
275 1677 314 1724 9)
346 1675 384 1711 in
416 1674 474 1710 his
505 1672 651 1709 verbis:
684 1670 941 1706 desierant
980 1668 1104 1705 enim
1134 1668 1319 1705 victum
1350 1670 1395 1706 in
1435 1669 1628 1707 AEtolia

208 1754 424 1784 metuere
454 1744 519 1781 vix
552 1742 719 1779 dubitari
750 1746 898 1790 potest5
949 1740 1039 1788 quin
1088 1740 1273 1776 exciderit
1314 1753 1472 1789 regem
1519 1739 1628 1787 (vic-

208 1829 300 1855 tum
331 1817 376 1853 in
408 1814 593 1852 AEtolia
625 1824 788 1861 regem
824 1811 1059 1859 metuere)
1092 1818 1156 1847 aut
1194 1811 1629 1855 Antiochun1311am

210 1889 351 1926 omisso
386 1886 540 1923 nomine
570 1883 778 1932 significari
816 1895 892 1918 non
924 1882 1070 1930 potuit7
1115 1882 1179 1929 qui
1219 1882 1257 1917 in
1289 1888 1369 1918 toto
1400 1883 1473 1918 hoe
1504 1880 1630 1929 eapite

210 1962 532 1996 commemoratus
579 1954 865 2003 significatusve
914 1966 990 1989 non
1034 1959 1145 1990 esset.
1225 1952 1301 1989 Sed
1347 1951 1485 1988 iniuria
1527 1958 1630 1986 totus

210 2031 316 2067 locus
348 2028 403 2076 (in
434 2039 510 2075 quo
545 2025 648 2073 quod
680 2029 764 2060 erat
794 2024 974 2060 mendum
1009 2022 1175 2067 difficile,
1206 2023 1404 2060 Rubenius
1426 2020 1630 2069 sagacissi-

210 2114 274 2137 ma
295 2099 514 2137 coniectura
544 2094 707 2140 sustulit,
738 2107 828 2142 pro:
860 2100 1146 2130 averterunt
1176 2093 1352 2130 famam
1382 2093 1578 2130 restituto:
1610 2104 1634 2127 a

212 2178 374 2207 vetere
415 2166 557 2214 fama)
597 2165 914 2201 Weissenbornio
947 2165 1084 2201 dubius
1120 2164 1224 2201 visus
1256 2171 1330 2209 est,
1363 2163 1467 2212 quod
1503 2163 1540 2198 in
1578 2162 1633 2206 M,

212 2241 405 2291 geminata
435 2238 559 2287 prima
589 2236 716 2272 littera
751 2235 859 2272 verbi
901 2241 1115 2272 metuere
1155 2242 1190 2272 et
1229 2236 1273 2271 in
1303 2241 1463 2284 propter
1491 2244 1634 2282 praece-

214 2313 305 2348 dens
339 2325 374 2351 m
405 2309 560 2352 omisso,
589 2307 772 2355 scriptum
805 2314 905 2342 erat:
937 2306 1117 2342 victam
1150 2306 1380 2342 ilitoliam
1412 2306 1635 2340 metuere.

325 2380 421 2430 Cap,
457 2382 518 2424 56,
552 2380 572 2414 2
606 2391 674 2421 ea,
718 2389 802 2425 quae
833 2382 988 2412 senatus
1019 2377 1218 2413 Romanus
1255 2382 1344 2425 post
1374 2374 1515 2412 bellum
1547 2374 1635 2410 An-

213 2451 331 2488 tiochi
349 2450 512 2487 Eumeni
542 2448 625 2485 (lari
656 2448 778 2493 iussit,
809 2447 863 2484 sie
895 2452 1183 2483 enumerantur:
1215 2444 1515 2495 Lycaoniam
1547 2455 1636 2479 om-

215 2535 317 2559 nem
374 2528 417 2557 et
468 2518 729 2568 Phrygiam
782 2525 1039 2566 utramque
1093 2524 1135 2553 et
1197 2517 1420 2564 Mysiam,
1474 2513 1636 2562 regias

216 2594 370 2630 silvas
416 2598 459 2627 ct
507 2590 668 2639 Lydiae
717 2588 964 2636 Ioniaeque
1009 2594 1146 2624 extra
1186 2599 1240 2622 ea
1285 2585 1486 2634 oppida,
1541 2596 1638 2633 quae

215 2664 374 2700 libera
405 2661 636 2704 fuissent,
669 2673 764 2708 quo
796 2659 874 2694 die
906 2671 1004 2694 cum
1036 2670 1149 2706 rege
1178 2657 1428 2694 Antiocho
1462 2667 1637 2704 pugna-
