1811 2925
813 129 833 164 3
842 131 885 164 71
1339 128 1413 162 Lib.
1425 128 1559 162 XXXI.

149 263 258 286 suros
283 250 462 289 minatur.
523 250 743 293 (Animos
775 249 927 286 alicui
965 249 1131 286 facere
1164 251 1297 287 iterum
1330 252 1402 288 hoc
1433 252 1556 300 capite

150 324 167 364 ξ
199 323 221 357 9
253 320 390 357 dicitur
420 327 456 357 et
486 333 517 359 c.
555 324 597 357 14
619 349 627 365 ,
676 324 696 357 5
747 333 870 369 neque
910 321 1116 369 quicquam
1163 321 1265 369 apud
1299 321 1451 358 Livium
1480 321 1555 358 sre—

148 391 323 440 quentius
356 392 405 436 (I,
437 392 506 436 34,
538 391 717 436 XXXV,
750 393 824 433 36,
852 392 1077 436 XXXVII,
1111 393 1181 437 37,
1213 392 1459 438 XXXVIII,
1496 396 1555 437 15,

148 463 281 504 XLII,
313 465 392 508 50).

268 533 363 582 Cap.
397 534 459 577 21,
503 535 525 569 4
566 533 629 578 (de
660 534 702 570 L.
734 534 852 569 Furio
884 533 1021 570 Gallos
1061 532 1291 570 Cremonam
1337 534 1555 570 obsidentes

147 617 222 640 non
253 605 401 649 statim,
450 612 491 640 ut
524 604 701 649 advenit,
734 605 961 653 aggresso):
1000 603 1308 640 Lassitudini
1349 604 1554 641 militum

147 674 320 719 timuit,
353 675 481 722 quod
511 675 684 723 raptim
715 675 905 712 ductum
937 687 1104 723 agmen
1138 682 1254 713 erat.
1320 675 1383 714 Sic
1400 677 1449 713 ab
1472 689 1554 713 om—

146 745 268 789 nibus7
301 745 365 793 qui
398 746 547 782 Livium
578 746 786 791 ediderunt,
817 746 897 782 sine
928 746 1006 782 ulla
1036 746 1223 782 varietate
1254 746 1454 791 scribitur;
1484 758 1553 782 nec

147 824 235 852 ante
279 824 449 853 nostram
488 823 638 853 aetatem
669 817 874 864 quicquam
918 817 965 852 de
995 816 1190 854 codicibus
1223 818 1449 853 adnotatum
1479 823 1547 855 est.

146 888 303 935 Ιῐειφιο.Ἰ
349 889 450 936 quod
492 896 595 924 certo
639 887 824 923 sermonis
855 887 983 923 Latini
1027 887 1111 923 usui
1153 900 1222 924 nec
1252 886 1366 922 ullam
1399 887 1555 923 habenti

147 958 194 994 ad
227 959 481 995 abel-randum
513 958 800 1006 ambiguitatem
833 957 1071 1005 apertissime
1118 957 1382 1006 repugnabat,
1426 963 1553 992 tamen

145 1029 248 1064 nullo
280 1037 437 1065 externo
468 1029 606 1065 indicio
641 1028 797 1076 coargui
828 1034 992 1076 poterat,
1024 1028 1173 1064 etiamsi
1203 1029 1287 1076 quis
1319 1027 1553 1063 attendisset.

148 1100 241 1146 Quis
273 1100 370 1135 enim
403 1099 544 1144 nescit,
594 1098 881 1135 lassitudini
911 1099 1080 1135 timere
1131 1099 1233 1147 apud
1276 1098 1437 1135 Latinos
1467 1110 1554 1134 eum

146 1178 292 1207 tantum
327 1171 400 1206 dici
429 1183 564 1219 posse,
596 1170 679 1218 qui,
727 1182 842 1218 quum
884 1169 1148 1206 lassitudinem
1189 1169 1409 1206 conservari
1451 1169 1554 1210 velit..

144 1241 290 1286 timeat,
320 1255 367 1277 ne
398 1242 488 1290 quid
521 1255 567 1277 ea
597 1241 812 1277 detrimenti
843 1241 982 1289 capiat,
1015 1241 1118 1289 quod
1151 1246 1230 1276 tam
1260 1240 1461 1276 ridiculum
1485 1247 1553 1285 est,

148 1321 185 1348 ut
220 1313 311 1348 nihil
340 1325 423 1349 esse
453 1313 577 1362 magis
607 1307 781 1361 possit-.¹)
859 1311 1006 1347 Verum
1054 1311 1093 1347 in
1137 1311 1170 1347 B
1212 1311 1372 1347 timuit
1415 1311 1554 1346 ”manu

146 1383 313 1419 secunda
341 1384 440 1420 inter
469 1395 601 1420 versus
640 1390 697 1419 est
734 1382 955 1418 adiectum’'.
1029 1382 1215 1418 Notanda
1256 1382 1373 1430 igitur
1415 1382 1553 1418 lacuna

147 1462 215 1492 est.
309 1455 442 1491 Livius
491 1464 617 1490 utrum
668 1453 892 1501 pepercit
942 1466 990 1489 an
1043 1453 1145 1489 aliud
1189 1453 1406 1501 scripserit,
1465 1453 1552 1490 sciri

147 1522 332 1573 nequit‹.‘·')

258 1594 354 1644 Cap.
387 1596 449 1640 32,
482 1596 503 1630 3
541 1595 594 1640 (in
624 1594 845 1639 Daumclis,
875 1595 1050 1643 praetoris
1083 1594 1333 1638 AEtoffirum,
1365 1593 1551 1639 oratione,

148 1667 211 1714 qui
241 1667 413 1703 celeriter
442 1667 488 1702 de
517 1666 616 1702 bello
647 1678 731 1701 cum
762 1665 942 1713 Philippo
974 1665 1157 1701 sumendo
1192 1664 1341 1700 decerni
1358 1664 1548 1710 nolebam:

146 1737 539 1773 Deliberationis
570 1736 830 1782 cius,cuius
859 1735 965 1784 ipse
995 1735 1326 1771 maturitatem
1357 1747 1552 1783 exspec-

147 1807 340 1843 tandam
373 1814 582 1856 putaret,
613 1816 798 1856 tempus
827 1806 897 1843 ita
937 1806 1027 1842 iam
1058 1818 1180 1843 nunc
1209 1806 1361 1842 statui
1391 1819 1552 1855 posse:

147 1891 284 1926 quum
315 1878 502 1927 legibus
534 1884 722 1915 cautum
753 1884 897 1922 esset,
930 1889 984 1912 ne
1015 1877 1069 1913 de
1089 1889 1209 1926 pace
1236 1877 1429 1913 bellove
1459 1878 1554 1914 nisi

146 1947 191 1982 in
225 1948 523 1985 Panaetolico
555 1956 599 1985 et
628 1949 832 1998 Pylaico
863 1947 1080 1984 concilio
1111 1955 1362 1996 ageretur,
1396 1947 1553 1985 decer-

146 2026 314 2055 nerent
344 2020 605 2069 extemplo‚
635 2028 682 2057 ut
711 2026 887 2069 praetor
930 2018 1032 2054 sine
1064 2017 1265 2063 fraude,
1313 2031 1456 2066 quum
1500 2020 1554 2056 de

146 2089 276 2125 bello
298 2097 342 2126 et
368 2103 485 2139 pace
515 2104 660 2140 agere
676 2089 915 2135 velit7adv
933 2094 1038 2124 ocet
1068 2088 1553 2137 conciliun1‚et‚quod

147 2165 242 2196 tum
272 2160 953 2208 referatur:decernaturque,
974 2164 1023 2194 ut
1051 2157 1251 2206 perinde
1282 2158 1354 2195 ius
1378 2167 1552 2197 ratum-

148 2243 237 2278 que
281 2232 344 2268 sit
374 2245 425 2268 ac
473 2233 510 2268 si
555 2233 600 2268 in
628 2230 931 2269 Panaetolico
979 2235 1058 2264 aut
1102 2228 1303 2277 Pylaico
1345 2231 1552 2268 concilio

169 2468 198 2512 ι)
237 2473 362 2512 Video,
405 2473 719 2504 Weissenbornium
762 2480 934 2501 enarrare:
982 2470 1138 2499 timere
1176 2469 1398 2502 militibus
1428 2482 1554 2513 prop-

240 2540 303 2566 ter
328 2535 653 2566 lassitudinem.
704 2533 863 2573 Pingitur
896 2532 960 2562 hoc
998 2534 1126 2566 totum;
1161 2536 1194 2560 et
1228 2534 1342 2562 tamen
1373 2532 1555 2573 imperator

240 2596 413 2628 Romanus
439 2607 507 2627 non
534 2597 714 2627 timebat
739 2593 969 2625 militibus.
1423 2598 1426 2601 '

171 2653 200 2697 2)
242 2657 293 2688 De
321 2659 374 2697 §5
405 2657 531 2688 dictum
557 2664 607 2688 est
633 2666 734 2697 supra
759 2666 787 2697 p.
808 2659 885 2688 214.

1222 2729 1289 2760 24⁴⁵
