1811 2925
254 135 471 168 Lib.xxxr
922 139 942 174 3
951 140 968 174 7
977 140 999 175 6

254 259 364 295 huius
395 259 516 295 aetatis
547 259 739 308 triumpho
772 258 925 299 Gallico
957 272 1005 296 ex
1035 261 1262 298 brevissimo
1290 263 1409 309 bello,
1439 264 1478 300 in
1509 277 1586 312 quo
1617 278 1664 301 ne

256 330 337 378 agri
369 330 520 377 quidem
552 330 693 367 vastati
725 331 959 380 oppidumve
987 331 1105 368 ullum
1135 338 1288 380 captum
1329 340 1663 376 commemoratur,

255 400 321 436 sed
351 402 616 438 tantummodo
653 411 838 452 carpenta
867 402 998 451 praeda
1030 403 1207 447 (coloniae
1239 403 1487 453 Placentinae)
1528 412 1663 442 onusta

256 472 423 508 ducenta
454 473 503 519 (c.
538 474 583 509 21
620 480 657 510 et
687 473 770 521 22).
830 474 876 510 In
902 474 947 511 P.
982 473 1149 511 Cornelii
1188 475 1353 511 consulis
1395 477 1588 526 triumpho
1618 477 1664 513 de

254 542 361 578 Boiis
412 543 527 592 longe
565 544 823 593 splendidiore
868 558 903 585 a.
941 547 1010 582 191
1047 545 1195 594 argenti
1235 545 1502 585 MMCCCXL
1534 547 1663 596 pondo

254 614 441 650 translata
481 623 569 651 sunt
608 617 838 661 (XXXVL
886 616 966 663 40).
1054 615 1396 665 Comparantibus,
1451 629 1534 665 quae
1577 617 1663 654 libr.

255 685 474 731 XXXIII,
513 687 563 722 23
596 687 642 723 de
673 686 715 723 C.
747 686 915 725 Cornelii
948 688 1162 736 triumphe„
1216 688 1384 724 eiusdem
1427 687 1514 724 libri
1547 700 1579 727 c.
1615 689 1662 725 37

256 756 301 791 de
331 756 386 794 M.
421 757 608 802 Marcelli„
642 758 795 796 Gallico
825 764 1001 807 utroque,
1045 759 1241 807 leguntur,
1283 771 1360 794 non
1394 757 1486 801 erit,
1518 758 1666 807 opinor.

256 827 424 871 dubium,
460 829 549 877 quin
580 830 661 866 hic.
692 836 734 866 ut
761 830 832 866 ibi.
874 830 957 866 aeris
988 830 1093 866 milia
1123 830 1263 866 assium
1295 828 1540 876 intelligenda
1581 828 1667 873 sint,

255 899 403 947 argenti
437 906 565 935 autern
597 913 839 937 nummorum
869 900 1115 937 denariorum
1146 901 1226 936 sive
1251 900 1481 949 bigatorum7
1513 898 1583 934 etsi
1615 898 1666 935 ibi

257 970 449 1018 argenti
478 971 643 1019 bigati
694 971 872 1008 scribitur
921 971 1014 1017 (cfr.
1043 971 1260 1015 XXXVI,
1307 972 1353 1007 21
1390 978 1482 1008 extr.
1515 980 1552 1006 et,
1583 971 1668 1016 39).

255 1039 316 1075 hic
346 1041 576 1078 adiectivuni
611 1043 798 1079 omittitur
828 1043 865 1078 in
896 1042 1091 1079 codicibus
1122 1042 1357 1090 vulgaribus,
1394 1042 1530 1090 quibus
1552 1053 1668 1089 prop-

255 1118 313 1147 ter
343 1111 641 1161 Bambcrgensis
672 1114 849 1151 lacunam
895 1113 985 1149 solis
1017 1113 1170 1149 utimur.
1293 1112 1402 1149 Infra
1430 1112 1469 1148 in
1500 1114 1574 1149 hoc
1605 1124 1668 1148 ea—

256 1182 332 1231 pite
364 1185 398 1228 (§
431 1184 483 1230 9),
517 1184 580 1220 ubi
611 1185 814 1221 edebatur:
846 1184 1055 1229 nulliusqv
1086 1182 1181 1220 nisi
1211 1184 1312 1220 eius
1333 1212 1341 1225 q
1388 1184 1470 1232 qui
1499 1183 1668 1219 trium-

256 1255 495 1303 phaturus
527 1256 817 1294 esset.haud
849 1268 1020 1298 eorum„
1044 1255 1122 1303 qui
1153 1254 1280 1291 bello
1314 1253 1669 1291 interfuissent.

257 1327 404 1362 verba
437 1326 654 1369 audiret,
698 1326 1047 1369 Weissenborniusff
1095 1338 1209 1373 quum
1253 1325 1291 1361 in
1326 1325 1520 1361 codicibus
1555 1325 1604 1371 (B
1636 1331 1671 1360 et

256 1408 394 1432 noveni
426 1397 650 1446 Drakenb.)
700 1410 770 1446 pro
815 1397 962 1435 haud.
1007 1398 1110 1445 quod
1158 1397 1259 1433 Livii
1298 1404 1333 1433 et
1378 1396 1458 1433 fere
1501 1396 1668 1432 omnium

258 1466 340 1501 usui
371 1466 408 1502 in
438 1467 505 1503 tali
537 1468 721 1505 orationis
757 1468 883 1505 fornia
916 1468 998 1512 (ubi
1031 1468 1264 1504 contrarium
1285 1467 1474 1516 superiori
1490 1463 1669 1515 negatur)

255 1549 471 1586 repugnare
503 1538 826 1587 Stuerenburgius
860 1538 925 1588 (ad
957 1538 1034 1577 Cic.
1067 1537 1143 1576 Off.
1174 1552 1211 1587 p.
1255 1539 1346 1582 142)
1380 1537 1669 1579 demonstravit¹¹

258 1613 300 1643 et
332 1609 444 1645 scribi
476 1609 633 1651 videretq
665 1611 794 1646 edidit.
826 1610 976 1646 adiecta
1006 1610 1128 1646 altera
1164 1610 1330 1658 negandi
1360 1623 1473 1647 voce:
1505 1615 1550 1645 et
1581 1621 1670 1645 non

259 1691 310 1714 eo
324 1692 435 1715 rum.
503 1680 728 1728 Sequendns
773 1687 855 1717 erat
905 1681 1126 1729 simpliciter
1169 1680 1491 1730 Stuerenburgius
1537 1680 1671 1716 tollen·

259 1749 383 1797 daque
426 1752 579 1799 negatio
626 1758 663 1788 et
704 1751 816 1787 simul
847 1752 1123 1787 excludendum
1158 1758 1226 1795 et,
1269 1752 1371 1799 quod
1413 1750 1671 1800 geminatione

258 1827 516 1857 extremarum
550 1823 657 1858 verbi
688 1828 815 1858 esset
838 1822 1049 1858 litterarum
1082 1828 1205 1858 ortum
1225 1828 1291 1858 est.
1338 1821 1401 1859 Sic
1432 1821 1531 1857 enim
1553 1820 1670 1856 verba

259 1891 449 1927 cohaerent
491 1899 527 1928 et
556 1906 672 1929 unam
704 1906 838 1929 veram
870 1893 1095 1929 sententiam
1132 1892 1320 1930 efficiunt:
1365 1892 1548 1928 nullius
1590 1903 1671 1926 eo-

260 1974 381 1998 rum.
415 1964 495 2010 qui
528 1964 657 2000 bello
688 1963 1064 2007 interfuissent„
1096 1964 1187 2000 nisi
1219 1963 1348 2005 eiusq
1392 1961 1470 2009 qui
1500 1961 1670 1997 trium-

259 2033 493 2079 phaturus
522 2042 672 2073 esset.
703 2035 879 2074 verba.⁴
911 2035 1135 2083 exceptione
1167 2033 1276 2078 (nisi
1307 2032 1409 2068 eius
1441 2029 1531 2079 etc.)
1573 2030 1671 2066 inter

259 2104 444 2140 nullius
476 2111 512 2141 et
542 2106 750 2153 genitivum
783 2105 1008 2153 partitivum
1038 2105 1275 2153 interposito.
1335 2103 1426 2139 Non
1461 2102 1584 2137 minus
1601 2113 1670 2136 no-

260 2174 428 2210 tabiliter
460 2176 649 2223 genitivus
684 2189 706 2212 a
736 2176 979 2212 substantivo
1010 2176 1155 2224 regenti
1176 2175 1368 2211 divellitur
1397 2171 1671 2209 interveniente

261 2243 335 2279 alio
366 2245 535 2292 genitivo
566 2247 705 2284 XXV.
739 2248 806 2291 18,
843 2249 883 2282 5:
914 2253 1140 2283 manente
1170 2244 1422 2287 memoria,
1455 2242 1597 2278 etiam
1628 2241 1672 2277 in

261 2314 469 2351 discidio
499 2317 806 2364 publicorum
838 2316 1117 2357 foederum,
1148 2314 1331 2363 privati
1360 2313 1497 2350 iuris.
1557 2312 1674 2350 Simi-

262 2385 312 2421 lia
340 2386 377 2421 in
410 2386 484 2422 alio
515 2400 653 2435 genere
685 2394 783 2432 sunt,
817 2401 900 2436 quae
931 2388 979 2423 ad
1010 2388 1115 2431 VII,
1151 2388 1221 2427 10,
1259 2386 1303 2421 13
1337 2389 1391 2433 (p.
1427 2386 1523 2427 144)
1555 2395 1673 2430 θΧΡΟ-

262 2456 319 2491 sui
361 2456 406 2492 de
436 2459 710 2506 praepositione
758 2471 779 2494 a
811 2470 902 2494 casu
933 2463 1114 2506 separata
1142 2455 1368 2503 interpositu
1399 2455 1494 2491 alius
1524 2465 1673 2502 praepo-

264 2527 410 2563 sitionis
443 2541 526 2564 cum
560 2542 662 2567 casu.
744 2530 949 2566 Postremo
983 2531 999 2572 ξ
1037 2530 1108 2568 10,
1157 2526 1221 2562 ubi
1253 2525 1297 2563 C.
1330 2525 1512 2563 Aurelius
1543 2522 1672 2560 consul

263 2598 454 2634 inducitur
488 2600 721 2648 triumphum
769 2600 814 2636 P.
848 2599 966 2635 Furio
1001 2598 1193 2633 decretum
1224 2596 1526 2645 reprehendens,
1558 2606 1675 2643 quum

262 2668 299 2704 in
329 2669 552 2718 vulgaribus
592 2670 788 2706 codicibus
822 2670 869 2706 ad
908 2670 1007 2705 hunc
1038 2667 1193 2704 modum
1226 2666 1479 2702 scriberetur:
1523 2664 1675 2701 Maio-
