1811 2925
318 160 393 192 Lib.
420 159 518 190 XXI.
941 160 1018 196 212

276 283 377 322 Gell,
408 283 503 327 VII,
544 285 564 319 3
598 283 747 319 correxi
779 281 922 331 Opusc.
953 282 995 318 ΙΙ
1024 295 1061 331 p.
1099 284 1186 319 125.
1246 283 1330 322 Lib.
1361 283 1491 330 XLV,
1537 286 1596 330 13,
1635 287 1687 322 13

274 355 309 391 in
339 354 509 393 Vindob.
540 365 610 402 pro
641 351 859 388 misisset
889 353 1071 402 scriptum
1103 354 1232 390 misit
1259 352 1394 402 sed.¹)

384 424 478 473 Cap.
524 425 594 468 19,
638 424 659 460 9
707 423 760 470 (in
790 435 988 472 responSO,
1039 425 1141 472 quod
1186 425 1376 462 maximus
1420 432 1512 463 natu
1559 427 1683 475 gentis

275 493 550 533 Volcianorum
579 494 715 543 legatis
745 494 933 530 Romanis
970 494 1120 531 dedisse
1143 501 1360 540 narratum:
1402 496 1510 544 Quae
1537 510 1682 534 vere-

272 567 446 604 cundia
485 573 574 612 est,
624 565 849 610 Romani,
899 566 1157 614 postulare
1199 580 1303 612 vos,
1349 567 1416 604 uti
1464 574 1682 605 vestram

273 636 757 686 Carthaginiensium
793 636 1018 673 amicitiae
1040 650 1396 686 praeponamus,
1419 651 1577 687 quum,
1602 639 1683 687 qui

272 707 320 744 id
373 707 595 744 fecerunt
645 707 924 756 Saguntini,
969 708 1238 754 crudelius,
1293 722 1428 757 quam
1486 710 1682 746 Poenus

269 779 427 816 hostis
458 778 694 828 perdidit,
723 791 808 815 vos
839 779 960 816 socii
990 779 1332 827 prodideritis.
1392 780 1455 817 Sic
1487 781 1682 817 Weissen-

274 851 431 888 bornius
458 850 620 899 scripsit,
645 850 819 886 codicum
851 856 887 887 et
919 849 1150 899 optimorum
1184 850 1351 886 omnium
1384 850 1681 901 (CMCantabr.)

272 929 309 959 et
340 920 572 958 deteriorum
604 921 875 970 plerorumque
909 921 1174 958 auctoritatem
1205 928 1369 967 secutus,
1411 934 1527 970 quum
1569 929 1683 959 antea

272 995 466 1031 ederetur:
501 1005 658 1040 quum,
690 992 769 1040 qui
799 992 844 1028 id
878 992 1117 1038 fecerunt,
1151 992 1473 1040 Saguntinos,
1504 1000 1572 1032 cet.
1630 994 1682 1031 Et

273 1070 453 1114 apparet,
498 1062 642 1099 frinstra
672 1062 824 1099 defendi
852 1064 956 1100 illam
990 1064 1215 1100 nominativi
1248 1064 1296 1099 ad
1327 1064 1551 1100 sententiam
1582 1065 1687 1101 rela-

271 1136 389 1172 tivam
419 1134 724 1173 adiunctionem:
770 1147 858 1171 nam
907 1141 943 1171 et
988 1135 1175 1171 delitescit
1204 1134 1259 1170 ita
1289 1148 1334 1170 ea
1363 1135 1488 1179 notio,
1535 1136 1573 1171 in
1605 1149 1682 1185 qua

272 1207 422 1256 pondus
449 1205 633 1242 orationis
664 1211 739 1250 est,
789 1210 825 1241 et
868 1218 991 1254 prava
1026 1204 1241 1254 partitionis
1280 1205 1507 1254 significatio
1548 1207 1680 1252 oritur,

273 1279 382 1327 quasi
414 1277 560 1326 aliquot
582 1275 899 1324 Saguntinorum,
929 1289 1005 1312 non
1024 1288 1166 1320 omneS,
1186 1277 1451 1312 Romanorum
1473 1277 1680 1314 amicitiam

272 1349 506 1399 praetulerint
536 1347 586 1389 (ii
620 1347 899 1395 Saguntini,
931 1346 1044 1397 qui).
1088 1346 1189 1394 Quid
1210 1346 1352 1394 igitur?
1388 1347 1681 1386 restituemusne

275 1420 534 1457 accusativum
558 1426 691 1455 contra
721 1417 897 1454 codices?
956 1418 1040 1454 Imo
1069 1417 1257 1462 tollemus,
1289 1417 1437 1466 opinor,
1469 1426 1590 1456 totam
1610 1433 1679 1456 vo-

273 1505 355 1528 cem
387 1491 556 1528 additam
588 1488 809 1525 declarandi
839 1500 968 1533 causa,
1002 1488 1066 1536 qui
1087 1496 1223 1533 essent,
1255 1501 1350 1536 quos
1375 1489 1505 1526 Livius
1537 1491 1685 1527 omisso·

270 1563 422 1599 nomine
462 1561 731 1610 significasset,
773 1560 840 1596 sed
870 1559 1053 1601 additam,
1093 1560 1195 1607 quod
1225 1560 1442 1596 huiusmodi
1471 1560 1679 1609 interpola-

268 1633 381 1670 tionis
431 1631 681 1669 certissimum
726 1630 906 1667 indicium
954 1637 1029 1669 est,
1078 1642 1200 1678 pravo
1253 1642 1343 1666 casu
1400 1631 1679 1678 (nominativo,

271 1712 381 1742 extra
419 1717 558 1740 nexum
591 1703 819 1748 orationis);
865 1708 1000 1737 notata
1030 1701 1106 1737 iam
1138 1702 1217 1738 eius
1247 1702 1301 1738 rei
1333 1703 1508 1751 exempla
1537 1703 1575 1738 in
1605 1703 1679 1748 IV,

272 1777 335 1821 32,
369 1779 387 1812 7
422 1772 544 1824 (eos)
576 1781 613 1810 et
642 1775 714 1817 VI,
752 1777 811 1818 17,
843 1774 864 1809 6
898 1772 994 1820 (id);
1037 1772 1102 1808 sed
1139 1785 1295 1821 prorsus
1326 1773 1493 1809 eiusdem
1528 1775 1679 1822 generis

268 1854 350 1885 erat
381 1847 551 1883 additum
575 1846 677 1894 apud
700 1844 922 1882 Ciceronem
946 1845 1033 1879 Act.
1066 1843 1085 1878 I
1115 1843 1153 1879 in
1183 1844 1294 1880 Verr.
1334 1846 1391 1888 18,
1425 1846 1472 1880 53
1506 1844 1677 1891 Siculi,

269 1919 372 1967 quod
405 1930 465 1953 me
496 1923 652 1953 auctore
685 1916 876 1952 sublatum
908 1920 975 1949 est.
1040 1913 1174 1957 (Aliud
1206 1914 1505 1951 additamentum
1535 1915 1571 1951 in
1603 1916 1677 1952 hoc

291 2143 324 2187 ¹)
354 2145 430 2176 Non
457 2150 546 2175 recte
576 2150 689 2175 tamen
714 2144 778 2175 hoc
810 2143 1000 2183 corrigendi
1027 2153 1148 2183 genere
1175 2153 1256 2174 usus
1286 2149 1335 2173 cst
1361 2143 1532 2174 Manutius
1558 2143 1591 2174 in
1619 2142 1676 2174 Ci—

360 2208 492 2238 ceronis
512 2207 597 2237 libro
617 2206 652 2236 ΙΙ
674 2207 714 2236 de
733 2206 820 2246 legg.
845 2210 899 2243 25,
928 2208 969 2236 62
997 2206 1129 2245 (vides
1156 2205 1228 2236 sed
1255 2216 1313 2245 pro
1340 2205 1528 2244 vidisse),
1557 2215 1672 2246 quam-

359 2280 458 2310 quam
481 2275 513 2299 ct
532 2269 630 2298 ceteri
650 2274 682 2298 et
702 2278 767 2309 ego
785 2268 862 2299 olim
882 2268 952 2299 eius
971 2267 1239 2298 emendationem
1260 2266 1485 2307 probavimus.
1525 2266 1613 2298 Nam
1632 2277 1674 2298 cx

357 2331 421 2361 hae
447 2331 600 2361 codicum
619 2331 800 2371 scriptura:
828 2330 869 2361 in
897 2329 933 2362 C.
952 2330 1098 2369 Figuli
1119 2329 1323 2369 sepulcro
1350 2329 1517 2360 vidisse
1543 2330 1677 2360 credor

356 2393 715 2423 minimamollcm
759 2393 889 2423 istius
937 2392 995 2422 rei
1031 2390 1164 2421 fuisse
1211 2392 1493 2432 cupiditatem
1541 2391 1672 2422 multa

358 2460 589 2485 exstarent
616 2454 758 2495 ampla
785 2454 989 2484 maiorum
1019 2453 1102 2493 (sine
1130 2453 1198 2483 ullo
1224 2454 1365 2492 vestigio
1392 2453 1540 2483 adverbii
1567 2453 1673 2483 alio-

356 2517 467 2557 quin,
495 2517 584 2556 quod
612 2523 688 2546 ante
714 2516 850 2546 multa
877 2515 1010 2545 additur
1036 2515 1069 2544 iu
1092 2515 1206 2554 editis)
1236 2514 1394 2545 efficitur:
1422 2540 1429 2546 .
1446 2538 1452 2544 .
1479 2515 1520 2544 in
1550 2514 1586 2547 C.
1605 2515 1672 2546 Fi-

356 2579 442 2619 guli
470 2578 670 2618 scpulcro
698 2577 863 2607 vidisse
890 2582 927 2607 te
955 2577 1098 2608 credo.
1168 2576 1385 2606 Minimam
1413 2576 1514 2606 olim
1542 2576 1669 2607 istius

353 2640 413 2671 rei
450 2639 588 2670 fuisse
626 2639 933 2679 cupiditatem,
971 2638 1107 2668 multa
1144 2644 1319 2669 exstant
1355 2638 1553 2678 exempla
1587 2648 1673 2668 ma-

355 2703 499 2733 iorum.
