1811 2925
829 145 905 180 615
1369 140 1443 171 Lib.
1464 138 1574 172 XLV.

168 270 358 317 iamque
404 267 632 316 Synnada
679 272 1029 315 pervenerant,
1080 277 1178 301 cum
1240 264 1477 300 Eumenes
1521 262 1576 298 ad

168 340 347 377 Sardes
384 338 596 386 undique
627 337 892 374 exercitum
924 341 1254 374 contraxerat.
1323 335 1413 370 Non
1453 333 1576 369 solum

168 420 303 448 contra
332 422 442 446 usum
474 409 661 445 sermonis
677 407 1053 457 plusquamperfecto
1084 418 1151 454 per
1182 418 1319 453 quum
1348 404 1576 453 particulam

169 481 329 518 alterum
361 478 777 529 plusquamperfectum
814 478 1024 518 subiicitur,
1069 477 1136 513 scd
1182 483 1316 513 contra
1353 488 1479 511 rerum
1510 488 1578 511 na-

168 558 314 596 turamj,
351 563 473 598 neque
504 550 602 585 enim
635 549 794 586 alterum
826 550 901 585 iam
934 549 1077 585 factum
1122 554 1217 591 erat,
1262 560 1378 595 quum
1418 546 1578 582 alterum

171 623 282 670 (iam)
314 622 455 658 factum
491 627 592 664 crau,
639 620 704 656 sed
749 633 863 668 quum
899 620 1058 656 alterum
1106 619 1249 654 factum
1281 624 1349 655 est.
1425 617 1580 664 [Longe

170 693 280 729 aliter
301 692 437 728 dicitur
452 691 724 728 Germanicum
755 690 979 727 wiihrend
1014 688 1394 738 [gleichzeitigD.
1448 687 1580 724 Livius

170 763 367 812 scripsisse
383 762 552 798 videtur:
583 763 771 810 iamque
803 761 1028 810 Synnada
1059 766 1389 808 pervenerant
1422 764 1465 795 et
1494 758 1580 794 Eu-

170 847 330 871 menes
367 863 375 871 .
398 862 431 871 ..
465 839 801 870 contraxerat:
833 832 971 868 extrito
1004 837 1045 867 et
1075 838 1164 880 post
1193 835 1219 870 t,
1254 837 1379 866 ortum
1396 837 1452 866 est
1482 842 1581 865 cum

171 918 218 942 ex
248 905 380 954 primis
411 904 542 941 litteris
586 903 748 939 nominis
790 903 1032 941 Eumenis.
1107 903 1154 938 In
1185 901 1423 938 excivitat
1464 899 1582 947 (eod.)

170 983 297 1025 potest
326 975 445 1011 latere
476 972 739 1010 exciverat.
800 974 1021 1021 Sequuntur
1051 973 1086 1008 in
1120 973 1230 1009 editis
1263 972 1440 1021 (excepto
1455 971 1582 1006 chis-

171 1046 364 1083 senbornii
396 1043 592 1092 exemplo)
624 1044 703 1079 haee
735 1048 773 1089 (ξ
811 1045 892 1091 12):
934 1044 1009 1079 Ibi
1059 1050 1101 1080 et
1132 1043 1334 1080 Romani
1363 1042 1583 1080 Solovet-

170 1117 284 1152 tium
319 1116 481 1152 ducem
512 1113 763 1151 Gallorum
797 1115 1037 1164 Synnadis
1077 1114 1282 1151 allocuti
1313 1120 1355 1149 et
1386 1112 1583 1149 Attalus

171 1200 270 1224 cum
301 1187 368 1223 eis
398 1184 667 1235 profectus;
695 1185 775 1221 sed
797 1192 961 1221 castra
985 1185 1240 1222 Gallorum
1268 1184 1455 1220 intrare
1485 1196 1584 1220 eum

170 1270 261 1295 non
291 1257 488 1306 placuit,
519 1269 573 1292 ne
604 1255 749 1292 animi
781 1269 835 1292 ex
857 1256 1223 1304 disceptatione
1253 1255 1584 1291 irritarentur.

172 1330 218 1368 P.
259 1327 476 1365 Licinius
520 1339 622 1363 cum
669 1327 837 1375 regulo
871 1326 1122 1363 Gallorum
1174 1331 1244 1362 est
1284 1325 1477 1362 locutus
1517 1332 1585 1361 etc.

172 1400 286 1438 Ultra
317 1411 468 1434 omnem
506 1397 660 1433 modum
702 1397 859 1434 ridicule
901 1396 1065 1435 Romani
1096 1396 1181 1438 ibi„
1226 1396 1298 1432 hoc
1337 1403 1394 1432 est
1425 1394 1586 1434 Sardi-

173 1471 279 1509 bus,
331 1469 584 1505 Solovettium
633 1469 875 1517 Synnadis
925 1467 1079 1503 allocuti
1111 1468 1300 1511 dicuntur,
1330 1468 1445 1515 idque
1480 1473 1586 1503 ante-

175 1554 290 1589 quam
334 1540 372 1576 in
418 1541 498 1576 cius
538 1546 663 1575 castra
695 1539 960 1587 pervenerint3
1011 1546 1046 1574 et
1091 1538 1290 1574 subiicitur
1333 1545 1437 1574 recto
1482 1537 1586 1573 loco:

176 1612 223 1650 P.
255 1611 474 1648 Licinius
527 1640 563 1647 ..
603 1616 673 1646 est
718 1609 929 1653 loeutus,
970 1617 1074 1645 recto
1119 1609 1234 1645 etiam
1280 1610 1420 1656 verbo3
1465 1620 1587 1656 neque

176 1682 276 1717 enim
325 1681 504 1718 allocutio
555 1682 635 1717 haec
681 1687 774 1721 erat,
821 1681 887 1716 sed
937 1680 1182 1728 colloquium.
1261 1681 1308 1716 In
1354 1679 1484 1715 codice
1515 1685 1587 1714 cst:

176 1752 252 1789 Ibi
281 1753 481 1789 Romani
522 1764 621 1788 cum
667 1759 710 1788 et
756 1751 1081 1789 Solovettium
1127 1751 1289 1787 ducem
1336 1749 1588 1787 Gallorum

178 1822 428 1871 Synnades
471 1823 725 1859 adlocutus
774 1828 817 1858 et
861 1822 992 1858 talus
1035 1829 1104 1858 cet.
1180 1821 1432 1859 Scribendum
1462 1819 1589 1868 igitur,

177 1900 312 1929 notata
347 1893 483 1929 lacuna
527 1893 754 1937 manifesta,
800 1892 848 1928 ad
892 1893 991 1928 hanc
1038 1892 1222 1928 formam:
1267 1892 1344 1928 Ibi
1388 1890 1591 1928 Romani

179 1976 316 2011 quum
336 1961 683 2008 Solovettium,
716 1964 878 1999 ducem
901 1963 1168 2008 Gallorum,
1192 1962 1433 2011 Synnadis
1467 1959 1590 2010 [esse

178 2034 542 2082 comperissent,
581 2048 632 2071 eo
668 2033 926 2083 proficisci
951 2032 1230 2082 decrerunt]
1264 2033 1319 2072 ad
1352 2032 1590 2083 colloqui-

180 2117 268 2148 um;
312 2105 511 2142 Attalus
535 2118 635 2142 cum
659 2105 725 2141 eis
746 2104 997 2153 profectus
1030 2108 1118 2146 esst
1150 2110 1314 2140 castra
1333 2102 1589 2141 Gallorum

180 2175 375 2211 intrare
398 2188 497 2211 eum
515 2182 584 2211 etc.
651 2176 852 2211 Postremo
872 2178 889 2219 ξ
914 2177 958 2211 14
979 2175 1221 2211 scribendum
1243 2182 1316 2210 est:
1351 2179 1398 2209 ut
1427 2172 1590 2208 mirum

179 2245 336 2281 videri
367 2246 523 2294 possit
547 2247 631 2294 (pro
653 2245 854 2294 posset);
886 2258 934 2281 ex
953 2246 1051 2282 Livii
1077 2246 1177 2282 enim
1203 2257 1382 2294 persona,
1407 2256 1477 2279 suo
1497 2250 1591 2278 tem-

181 2328 275 2365 pore
294 2316 340 2352 de
356 2329 396 2352 re
412 2316 605 2364 praeterita
620 2315 834 2360 iudicantis,
857 2316 935 2352 haec
953 2316 1054 2361 addi„
1073 2322 1205 2364 aperte
1237 2315 1401 2352 ostendit
1423 2313 1592 2354 fuissc;

180 2399 270 2422 nam
303 2386 438 2422 Licinii
468 2394 640 2436 tempore
670 2386 804 2422 mirum
854 2386 974 2422 videri
1016 2392 1190 2435 poterat,
1230 2386 1368 2422 nullius
1411 2382 1593 2420 momenti

182 2469 287 2493 esse
324 2457 537 2505 legatorum
580 2457 710 2494 verba.
778 2457 898 2498 (Bene
928 2457 1127 2493 nobiscum
1167 2457 1245 2505 egit
1287 2454 1465 2498 fortuna⁷
1509 2465 1593 2500 quae

181 2535 335 2564 servato
368 2527 521 2576 Polybii
550 2527 767 2575 fragmento
797 2527 894 2563 scire
931 2540 1002 2564 nos
1032 2528 1164 2571 voluit,
1208 2539 1323 2575 quam
1356 2524 1594 2573 impudenter

184 2597 315 2634 Livius
347 2597 530 2633 admirari
560 2609 600 2632 se
630 2597 796 2642 simulet,
839 2594 992 2634 foedam
1022 2598 1288 2634 Romanorum
1321 2595 1496 2632 fraudem
1529 2607 1592 2632 oc-

183 2668 364 2715 cultans.)
