1811 2925
288 142 511 174 Lib.XX1V.
918 143 996 179 278

246 272 412 302 rerent
451 271 489 301 et
529 264 709 301 ferrum
741 265 1057 314 expedientes
1099 266 1358 316 interposita).
1426 267 1522 303 Mihi
1553 273 1589 304 et
1618 267 1667 303 ad

247 336 412 384 vestigia
443 335 583 372 codicis
614 335 791 384 proxime
822 336 1005 373 accedere
1036 343 1073 373 et
1098 338 1211 374 simul
1241 337 1441 386 aptissima
1472 349 1556 374 esse
1586 338 1668 374 haec

227 407 442 449 ‘videnturz
475 407 682 444 Aversis
714 408 916 444 auribus
949 408 1223 456 animisque
1254 414 1443 453 astare,
1475 421 1528 444 ne
1558 414 1668 445 tem-

251 489 337 526 pus
372 483 606 523 tererent,
638 477 819 515 ferrum
852 479 1087 527 quosdam
1120 479 1454 528 expedientes,
1497 491 1668 516 cerne-

247 549 347 593 bat3
378 554 487 593 tum,
519 549 714 585 omissis
746 555 816 586 etc.
888 550 1080 588 Universe
1120 549 1385 586 interfectores
1424 551 1570 587 aversis
1601 563 1669 587 au-

246 619 354 656 ribus
388 618 554 655 astitisse
586 619 720 656 Livius
759 620 869 666 dicit,
913 620 1103 668 quosdam
1149 620 1264 656 etiam
1301 620 1451 669 longius
1489 633 1670 670 progres-

246 702 326 730 SOS.

359 760 455 810 Cap.
492 762 556 805 27,
590 761 631 796 3:
662 761 906 798 Praetores
926 762 1008 810 (qui
1040 761 1195 798 comitia
1227 761 1428 811 Syracusis
1455 759 1670 812 habebant)

249 832 565 869 dissimulare
603 832 757 880 primo
800 840 844 869 et
885 833 1136 869 trahenda
1177 846 1226 869 re
1258 845 1381 877 esse3
1419 839 1670 881 postremo

247 904 370 940 victi
415 915 658 940 consensu
708 909 752 939 et
796 903 1090 940 seditionem
1140 909 1408 940 metuentes
1459 917 1670 953 pronun-

247 975 373 1011 tiant
421 986 506 1011 eos
548 975 776 1023 (Epicydem
829 980 866 1009 et
905 974 1204 1023 Hippocratem)
1250 981 1495 1022 praetores.
1578 976 1672 1012 Non

247 1047 322 1083 dici
355 1046 492 1083 Latine
522 1045 760 1081 trahenda
791 1058 839 1081 re
871 1058 988 1091 esse7
1021 1046 1086 1082 alii
1117 1046 1194 1082 iam
1217 1053 1495 1093 exposuerunt}
1526 1060 1595 1084 nec
1626 1047 1671 1082 in

248 1117 489 1154 trahenda
528 1129 578 1152 re
620 1128 723 1151 esse
765 1117 885 1163 (quod
932 1118 1223 1166 occupationem
1264 1117 1467 1165 significat)
1510 1130 1580 1166 pro
1613 1129 1671 1161 eo,

255 1188 359 1236 quod
396 1194 453 1223 est
493 1200 586 1223 rem
633 1187 831 1223 trahere
870 1188 1064 1231 conari„
1113 1189 1186 1224 hoc
1223 1188 1308 1224 loco
1339 1195 1441 1224 recte
1468 1188 1672 1224 diceretur.

249 1259 465 1307 Scripserat
510 1258 662 1294 Livius:
819 1258 1142 1294 dissimulare
1180 1259 1333 1307 primo
1365 1259 1673 1298 extrahenda

247 1341 317 1375 re;
350 1332 429 1368 set
457 1334 706 1377 postremo
739 1325 861 1377 etc.¹)

367 1397 462 1447 Cap.
496 1400 558 1443 29,
592 1400 615 1435 S
648 1398 701 1445 (in
737 1399 912 1435 oratione
942 1399 1147 1448 Epicydis,
1193 1413 1270 1448 qua
1302 1401 1498 1437 Leontinis
1525 1401 1675 1445 suadet⁷

247 1483 295 1506 ne
326 1469 582 1518 Syracusanis
628 1474 823 1518 pa1·eant):
869 1471 1262 1507 Renuntiandum
1305 1471 1453 1520 igitur
1485 1471 1551 1507 eis
1583 1472 1673 1520 (Sy-

245 1540 464 1587 racusanis)
497 1552 617 1584 esse,
650 1541 919 1576 Leontinos
953 1553 1142 1589 quoque
1173 1554 1352 1589 aequum
1384 1554 1590 1578 censere
1621 1543 1672 1579 li-

247 1613 392 1648 beros
424 1623 529 1648 csse
562 1610 627 1658 (se
658 1611 832 1659 esse?)‚
875 1612 950 1647 vel
995 1613 1123 1660 quod
1168 1613 1213 1648 in
1251 1612 1357 1648 solo
1401 1613 1536 1649 urbis
1576 1625 1674 1649 suae

246 1689 483 1732 tyrannus
516 1682 749 1718 occiderit
778 1682 853 1718 vel
893 1683 1021 1730 quod
1060 1683 1124 1719 ibi
1166 1683 1365 1731 primum
1398 1684 1671 1720 conclama-

246 1760 340 1790 tum
373 1754 430 1790 ad
460 1753 747 1789 libertatem
783 1754 1083 1802 relictisque
1110 1753 1261 1802 regiis
1293 1753 1425 1789 ducit
1455 1755 1511 1790 ab
1528 1754 1671 1803 Syra-

246 1836 388 1861 cusas
428 1836 728 1860 coneursum.
803 1825 867 1862 Sic
912 1827 958 1863 P.
991 1825 1093 1862 Olim
1125 1825 1329 1860 edebatur:
1377 1824 1672 1872 relictisque

244 1895 399 1944 regiis
431 1895 636 1931 ducibus
680 1895 955 1944 Syracusas
995 1897 1057 1932 sit
1100 1906 1412 1937 concursum3
1456 1907 1589 1930 verum
1631 1895 1670 1930 in

247 1965 390 2015 oppido
449 1965 726 2001 Leontinorum
780 1965 880 2014 (ibi)
929 1965 1143 2014 Syracusas
1192 1978 1417 2002 concursum
1467 1978 1542 2001 non
1602 1972 1669 2001 est.

246 2035 583 2072 Weissenbornius
615 2036 785 2084 scripsit:
836 2036 918 2071 rel.
964 2048 1056 2084 reg.
1103 2036 1304 2072 ducibus
1354 2038 1409 2072 ab
1458 2036 1670 2084 Syracu-

245 2106 378 2142 sanis
423 2118 717 2143 concursum
766 2107 846 2150 sit;
893 2120 1027 2142 verum
1061 2119 1163 2151 non,
1214 2120 1236 2142 a
1271 2107 1408 2155 quibus
1441 2118 1667 2143 concursum

245 2177 313 2222 sit,
350 2177 476 2226 agitur
502 2177 560 2227 (in
593 2191 669 2225 quo
701 2178 814 2213 etiam
850 2178 994 2214 tollitur
1029 2178 1152 2213 omnis
1167 2177 1443 2213 Leontinorum
1480 2176 1576 2221 laus,
1600 2189 1668 2212 no-

245 2247 418 2284 minatim
451 2249 500 2284 ad
531 2247 799 2297 Syracusanos
830 2248 1047 2295 traducta),
1078 2248 1145 2283 sed
1177 2260 1265 2295 quo.
1331 2248 1468 2295 Itaque
1499 2247 1668 2283 scriben-

245 2319 341 2355 dum
376 2325 449 2355 est:
484 2318 778 2366 relictisque
808 2319 959 2367 regiis
1005 2319 1209 2355 ducibus
1241 2318 1295 2354 ad
1328 2318 1669 2366 Syracusanos

245 2401 536 2425 concursum
563 2389 650 2433 sit7
694 2390 768 2425 hoc
799 2396 882 2434 est,
930 2390 979 2426 ad
1029 2389 1249 2426 coniuratos
1296 2388 1585 2437 Syracusanos,
1617 2389 1666 2424 ad

270 2557 299 2597 ¹)
342 2559 423 2601 Cap.
452 2565 506 2599 28,
535 2565 552 2591 9
588 2566 677 2591 recte
703 2561 857 2592 Roellius
892 2571 953 2601 pro
976 2560 1043 2591 his:
1071 2570 1218 2601 pacem
1247 2560 1346 2590 ficri
1372 2559 1541 2600 placuit
1567 2561 1668 2590 mit·

337 2623 459 2662 tique
486 2633 573 2653 cum
601 2623 661 2653 eis
707 2623 780 2663 (qui
817 2623 902 2653 nulli
940 2622 1032 2661 sunt)
1071 2622 1246 2661 legatos
1282 2621 1380 2652 scribi
1416 2622 1536 2652 voluit:
1578 2632 1611 2662 p.
1640 2621 1664 2652 f.

336 2684 509 2725 placuit
535 2693 626 2715 cum
654 2685 717 2716 eis
744 2685 954 2723 mittique
982 2684 1166 2723 legatos.
1226 2683 1304 2714 Vid.
1332 2683 1374 2713 ad
1400 2682 1523 2721 XXII,
1552 2686 1582 2720 2,
1611 2685 1638 2714 0.
