1811 2925
830 125 908 161 425
1316 123 1393 155 Lib.
1415 123 1581 156 XXXVI.

163 246 295 282 Livius
338 246 570 295 scripsisset:
625 247 871 284 reservari
903 245 1134 298 [exulum]
1163 259 1352 287 causam
1395 248 1583 293 Achaei,

162 315 276 352 Elei
317 322 388 355 etc.
407 314 437 362 ¹)

275 386 371 436 Cap.
407 390 471 433 44,
508 390 542 426 5.
615 389 848 425 Eumenes
896 401 1063 438 agmen
1091 387 1322 436 cogebat;
1364 394 1582 432 ceterum,

162 464 211 494 ut
243 458 486 496 demendis
518 460 831 496 armamentis
866 458 1156 495 tumultuari
1197 458 1398 506 primum
1445 472 1583 508 coep-

163 534 259 565 tum
292 535 373 574 est,
408 535 451 565 et
477 530 604 579 ipsc,
639 537 819 579 quanta
846 529 1051 566 maxima
1102 529 1361 566 celeritate
1404 536 1584 578 potest,

163 600 379 636 concitat
417 613 577 639 naves.
649 602 747 638 Iam
792 600 1011 636 omnibus
1051 600 1097 636 in
1143 606 1404 648 conspectu
1436 607 1584 636 erant.

165 671 277 707 Duae
322 671 509 708 Punicae
551 684 699 708 naves
746 671 1103 708 antecedebant.
1149 671 1412 707 Romanam
1461 671 1585 708 clas-

163 753 277 786 sem,
336 742 513 790 quibus
559 742 712 778 obviae
756 748 855 778 tres
900 740 1097 777 fuerunt·
1139 741 1283 789 regiae
1327 753 1473 778 naves
1515 749 1585 778 ete.

165 812 303 860 Neque
336 813 382 848 ad
414 825 493 849 rem
525 812 684 849 multum
715 812 893 861 pertinet,
924 812 1144 848 omnibus
1179 813 1215 848 in
1247 818 1453 861 conspectu
1469 811 1587 849 fuisse

167 883 349 920 Eumenis
380 895 511 926 naves,
542 896 667 932 neque
683 889 831 920 tantum
864 895 917 919 eae
951 889 1066 919 antea
1098 882 1322 926 abfuerant,
1352 888 1392 918 ut
1420 882 1588 930 conspici

166 966 242 990 non
273 960 448 1002 possent,
480 953 661 1001 quoniam
694 968 740 990 ex
771 954 817 990 iis
855 954 1050 990 Eumenes
1085 953 1377 997 animadvertit,
1427 953 1517 1001 quid
1550 953 1586 990 in

166 1024 290 1072 primo
325 1025 476 1073 agmine
507 1030 697 1073 ageretur,
730 1037 865 1072 neque,
899 1024 1001 1072 quod
1024 1030 1236 1072 exspectes,
1256 1024 1344 1060 huic
1378 1024 1468 1060 iam
1501 1036 1589 1060 om-

166 1094 309 1130 nibus
341 1101 425 1134 etc..
457 1095 663 1143 quicquam
695 1095 909 1131 adnectitur
951 1094 1038 1130 inde
1070 1100 1215 1142 aptum.
1284 1095 1379 1131 Haec
1423 1095 1589 1130 movisse

166 1164 344 1200 videntur
381 1171 418 1200 et
458 1166 553 1201 alios
595 1172 631 1201 et
660 1165 906 1202 Perizonium
946 1171 983 1202 et
1018 1164 1307 1213 Kreyssigium,
1351 1171 1393 1201 ut
1430 1178 1589 1202 omnes

167 1235 375 1271 scriberent
405 1242 538 1272 contra
569 1236 733 1274 codices.
809 1235 885 1273 Sed
926 1236 964 1272 in
1011 1236 1045 1272 B
1078 1236 1185 1271 abest
1231 1235 1321 1271 iam
1354 1235 1418 1282 (de
1458 1236 1591 1272 ceteris

167 1306 261 1342 nihil
281 1308 472 1353 notatur);
488 1307 695 1342 videndum
718 1307 845 1355 igitur,
861 1320 907 1343 ne
925 1307 978 1342 sic
995 1307 1109 1343 scribi
1133 1313 1168 1342 et
1200 1306 1351 1355 disponi
1368 1306 1492 1342 oratio
1523 1306 1591 1343 de-

168 1377 275 1412 beat:
306 1376 540 1414 Omnibus
580 1377 628 1413 in
677 1383 939 1425 conspectu
971 1384 1110 1413 erant
1153 1377 1256 1413 duae
1286 1377 1478 1413 Punicae
1507 1389 1591 1413 na-

165 1460 269 1487 ves,
307 1470 346 1473 —
387 1448 744 1484 antecedebant
773 1449 1035 1485 Romanam
1079 1448 1303 1490 classem,
1347 1469 1380 1472 —
1419 1447 1589 1495 quibus

166 1517 319 1553 obviae
361 1525 460 1554 tres
504 1518 704 1554 fuerunt
742 1519 890 1568 regiae
931 1531 1090 1555 naves.
1157 1516 1404 1555 Convertitur
1442 1516 1590 1552 animus

168 1588 216 1624 ad
246 1588 392 1625 initium
424 1588 620 1637 pugnandi
651 1589 688 1624 in
721 1595 926 1638 conspectu
959 1590 1127 1626 omnium
1160 1595 1292 1638 aperto
1319 1588 1417 1624 inter
1446 1594 1590 1623 utram-

171 1670 244 1706 que
274 1659 435 1696 classem
465 1659 590 1708 spatio
612 1658 769 1697 factum.

281 1729 376 1778 Cap.
423 1734 499 1775 45,
544 1732 586 1766 9:
631 1728 794 1766 Creati
824 1736 935 1766 sunt
966 1729 1195 1766 consules
1240 1730 1284 1765 L.
1332 1727 1591 1765 Cornelius

170 1800 336 1848 Scipio
371 1808 414 1836 et
456 1800 499 1839 C.
534 1800 732 1845 Laelius,
761 1800 1064 1836 intuentibus
1095 1800 1284 1836 cunctis
1326 1799 1382 1834 ad
1412 1798 1593 1835 finien-

169 1870 272 1907 dum
323 1884 421 1908 cum
463 1870 706 1908 Antiocho
747 1870 936 1907 bellurn.
1015 1872 1183 1907 Prorsus
1230 1870 1410 1906 inusitate
1458 1870 1596 1906 dicitur

169 1941 352 1977 intueri
385 1942 441 1978 ad
475 1941 662 1989 aliquid
692 1940 967 1977 faciendum
999 1954 1070 1990 pro
1104 1954 1172 1986 co,
1205 1941 1307 1990 quod
1349 1947 1405 1976 est
1440 1940 1592 1975 inten-

170 2018 264 2048 tum
296 2024 424 2052 esse:
456 2025 579 2060 neque
614 2012 652 2048 in
684 2012 728 2048 L.
765 2010 945 2060 Scipione
978 2012 1114 2048 saltem
1140 2012 1319 2052 creando,
1355 2010 1460 2046 cuius
1490 2009 1595 2045 nulla

171 2094 405 2130 magnopere
435 2082 542 2119 fama
572 2089 638 2119 aut
668 2082 905 2130 exspectatio
937 2089 1040 2127 erat,
1083 2083 1151 2118 illa
1190 2095 1283 2119 cura
1312 2081 1401 2118 belli
1438 2080 1596 2117 finiendi

171 2165 241 2201 per
279 2166 319 2189 se
365 2161 545 2202 apparet3
597 2155 703 2201 (nam
734 2152 876 2188 Laelius
907 2153 953 2189 P.
988 2150 1207 2199 Scipionem
1258 2151 1296 2187 in
1328 2150 1520 2200 Hispania
1561 2156 1597 2186 et-

173 2223 311 2260 Africa
361 2224 514 2272 egregie
549 2224 727 2268 iuverat).
809 2223 853 2259 In
900 2223 1097 2259 codicibus
1138 2222 1362 2270 vulgaribus
1405 2222 1597 2271 plerisque

174 2294 351 2331 scribitur
384 2293 427 2331 C.
462 2293 640 2330 Laelius
672 2293 950 2339 Africanus,
969 2293 1072 2342 quod
1111 2305 1325 2341 cognomen
1359 2292 1496 2329 Laelius
1528 2303 1596 2326 ne-

176 2378 249 2413 que
280 2365 371 2401 alibi
401 2365 518 2401 habet
547 2377 672 2412 neque
701 2376 841 2412 parare
878 2363 952 2400 sibi
983 2370 1151 2412 quaestor
1181 2369 1379 2412 potuerat,
1424 2362 1597 2410 aequipa-

202 2589 233 2633 ¹)
277 2592 359 2635 Cap.
387 2598 442 2633 40,
469 2598 489 2624 4
517 2594 589 2625 sine
616 2593 686 2624 ulla
712 2594 923 2625 dubitatione
951 2593 1146 2634 recipienda
1170 2598 1244 2623 erat
1266 2592 1415 2625 Rubenii
1441 2590 1600 2621 emenda-

272 2655 320 2686 tio
346 2653 522 2686 Gronovio
548 2660 580 2686 et
606 2652 763 2686 Creverio
789 2655 950 2696 probata:
977 2660 1080 2695 quot
1107 2664 1194 2686 cum
1221 2653 1431 2686 millibus.
