1811 2925
843 168 918 203 503
1392 166 1467 196 Lib.
1494 165 1588 196 XLI.

285 291 382 341 Cap.
417 293 493 333 20„
530 293 552 329 8
604 292 685 341 (ubi
733 293 779 328 de
809 291 1006 328 Antiocho
1037 290 1242 338 Epiphane
1284 289 1426 338 agitur)
1468 290 1592 326 editur

175 375 249 399 non
304 362 460 398 Latine:
511 362 872 399 Munificentiae
917 374 1035 398 vero
1086 361 1130 397 in
1183 361 1300 397 deos
1344 361 1420 398 vel
1456 361 1590 397 Iovis

175 433 392 483 Olympii
433 434 663 483 templum
704 434 919 470 Athenis
1076 440 1244 481 potest
1287 432 1429 469 testis
1467 444 1590 480 esse3

174 518 296 554 neque
327 505 425 541 enirn
456 504 642 553 templum
679 505 822 541 testis
868 511 924 541 est
974 503 1095 547 (cuius
1139 503 1320 540 vocabuli
1366 503 1512 539 nullum
1554 502 1591 538 in

174 576 305 613 codice
343 576 546 625 vestigium
578 583 635 611 est
671 582 872 624 totumque
905 575 1076 624 Grynaeo
1109 576 1308 623 debetur),
1358 575 1425 611 sed
1475 575 1591 611 docu-

173 654 341 684 mentum
373 656 439 684 aut.
468 653 768 686 monumentum.
829 647 954 684 Paulo
985 654 1073 696 post
1115 648 1150 694 (ξ
1187 648 1251 693 10)
1294 646 1348 683 sic
1380 647 1504 683 oratio
1534 646 1590 682 in-

172 720 349 769 terpungi
381 720 512 756 debet:
546 718 952 767 Spectaculorum
986 729 1178 766 quoque
1210 718 1366 754 omnis
1395 717 1591 766 generis

172 790 546 839 magnificentia
591 791 871 840 superiores
914 801 1056 839 reges
1101 788 1240 832 vicit,
1287 789 1591 837 reliquorum

173 862 245 898 sui
275 863 422 898 moris
455 870 496 898 et
533 863 675 911 copia
705 862 981 900 Graecorum
1030 860 1303 907 artificum3
1344 860 1591 909 gladiato-

172 947 272 970 rum
318 946 483 969 munus
525 935 749 970 Romanae
792 931 1177 969 consuetudinis
1219 931 1375 980 primo
1423 943 1591 980 magno

173 1017 272 1040 cum
311 1010 510 1040 terrore
549 1004 793 1040 hominum
943 1003 1094 1039 dedit.
1165 1003 1425 1052 Appositione
1456 1003 1592 1039 adiun-

171 1076 273 1124 gitur
301 1075 614 1124 reliquorum,
646 1075 719 1111 hac
750 1075 957 1110 sententia:
990 1074 1140 1123 reliqua
1170 1074 1393 1123 spectacula
1422 1075 1481 1111 sui
1510 1088 1592 1111 mo-

171 1148 222 1183 ris
274 1154 310 1183 et
356 1147 468 1195 copia
499 1146 727 1183 Graecorum
773 1145 962 1181 artificum
1000 1145 1117 1181 dedit.
1196 1146 1297 1181 Tum
1330 1145 1592 1182 scribendum:

171 1219 348 1255 deinde
397 1218 575 1266 saepius
626 1217 783 1253 dando
820 1224 865 1253 et
911 1217 1048 1253 modo
1080 1216 1376 1253 vulneribus
1425 1225 1592 1258 tenus,

171 1290 307 1326 modo
345 1290 450 1326 sine
479 1289 740 1329 missione,
785 1288 928 1324 etiam
977 1287 1232 1324 familiare
1279 1288 1440 1324 oculis
1482 1301 1593 1337 gra-

169 1370 364 1410 tumque
393 1361 439 1397 id
470 1360 806 1409 spectaculum
838 1358 972 1396 fecit.
1047 1358 1178 1407 Vulgo
1211 1359 1356 1404 editur,
1388 1366 1427 1395 ut
1458 1360 1496 1395 in
1527 1372 1593 1396 co-

171 1434 253 1470 dice
284 1439 357 1469 est:
408 1433 512 1469 sine
557 1431 793 1468 missione
824 1431 997 1475 etiam,
1042 1437 1083 1465 et
1131 1428 1385 1467 familiare
1431 1431 1593 1467 oculis

175 1511 260 1549 eth
290 1517 410 1553 prave
439 1503 576 1552 positis
606 1499 866 1551 particulis.l)

286 1575 382 1624 Cap.
417 1575 492 1613 22,
530 1577 571 1616 (ἰ,
617 1573 683 1609 ubi
724 1574 848 1610 editur
897 1574 959 1620 (de
1002 1573 1148 1608 Perseo
1179 1585 1263 1609 cum
1300 1573 1469 1609 exercitu
1501 1573 1593 1609 Del-

174 1647 271 1695 phos
302 1646 428 1682 subito
449 1645 664 1694 profecto):
695 1645 800 1681 sine
831 1645 1004 1681 damno
1035 1644 1321 1692 iniuriaque
1352 1657 1592 1693 agrorum,

174 1730 260 1766 per
293 1730 410 1766 quos
441 1717 537 1753 iter
566 1716 697 1762 fecit,
728 1717 773 1752 in
803 1729 999 1765 regnum
1031 1715 1201 1760 rediit,
1231 1715 1268 1751 in
1299 1716 1453 1754 codice.
1488 1717 1592 1752 utin

174 1787 361 1837 proximis
391 1788 654 1836 superioribus
688 1795 725 1824 et
754 1787 1001 1836 sequentibus
1033 1787 1220 1831 versibus!
1252 1788 1477 1823 membrana
1508 1800 1593 1823 mu-

174 1859 283 1895 tilata
314 1859 448 1895 litterae
494 1859 643 1907 aliquot
680 1872 757 1896 non
796 1865 969 1904 exstant3
1021 1857 1075 1894 sic
1105 1864 1231 1894 autem
1263 1858 1459 1895 scribitur:
1490 1859 1594 1894 sine

175 1930 346 1966 damno
378 1930 610 1979 iniuriaq.
641 1944 663 1965 εκ
698 1944 803 1968 rum
836 1931 991 1979 (desunt
1016 1929 1162 1977 aliquot
1183 1929 1335 1978 litterae)
1366 1943 1451 1979 per
1485 1943 1593 1978 quo-

173 2013 274 2037 rum
304 2000 400 2037 iter
429 2000 561 2047 fecit,
582 2002 630 2038 in
661 2014 744 2050 reg
779 2015 801 2036 ξε
833 2001 987 2048 (desunt
1022 2000 1170 2048 aliquot
1198 2001 1353 2045 litterae)
1387 2001 1495 2040 edit.
1526 2002 1592 2038 Li-

172 2071 257 2108 vius
274 2072 472 2121 scripsisse
488 2073 657 2110 videtur:
688 2073 791 2109 sine
827 2072 997 2108 damno
1028 2071 1263 2120 iniuriaq.
1285 2073 1592 2121 populorum,

173 2155 256 2191 per
286 2156 489 2191 quorum
514 2141 676 2193 [fines]
699 2143 791 2179 iter
820 2142 952 2187 fecit,
983 2142 1034 2178 in
1066 2155 1264 2191 regnum
1293 2144 1455 2182 rediit.
1501 2145 1592 2181 Non

173 2213 263 2249 solis
295 2215 398 2263 agris
427 2214 638 2263 periculum
669 2222 762 2252 erat.

286 2283 382 2333 Cap.
416 2286 490 2330 23,
524 2288 545 2322 6
591 2283 645 2334 (in
675 2285 850 2321 oratione
881 2283 1098 2321 Callicratis
1143 2284 1181 2320 in
1222 2285 1384 2321 concilio
1424 2285 1589 2321 Achaeo-

172 2368 257 2391 rum
288 2363 422 2391 contra
450 2355 597 2392 litteras
631 2356 764 2394 Persei
792 2355 931 2404 regis):
978 2355 1097 2391 Nam
1141 2356 1221 2404 qui
1249 2354 1456 2403 regibus
1488 2355 1591 2390 Ma-

173 2427 406 2463 cedonum
443 2427 900 2475 Macedonibusque
929 2425 1055 2475 ipsis
1094 2426 1278 2463 finibus
1307 2425 1592 2462 interdixis-

198 2650 232 2693 ²)
271 2653 355 2694 Cap.
383 2657 445 2690 21,
473 2656 491 2683 2
520 2652 648 2682 excidit
672 2661 834 2682 numerus
861 2651 1028 2682 sociorum
1063 2650 1190 2691 legioni
1226 2651 1438 2682 additorum:
1472 2650 1592 2690 equi-

266 2715 380 2745 tibus
409 2713 635 2757 [sociorum
661 2724 681 2744 at
708 2713 888 2744 milibus
912 2713 1118 2754 peditum,
1149 2722 1169 2741 -κ
1197 2710 1450 2754 equitibus}
