1811 2925
242 127 454 158 Lib.XL1V.
916 129 994 165 566

242 250 429 295 restituit,
471 262 555 297 quae
585 255 824 297 perverterat
855 250 1069 299 Grynaeus3
1116 250 1186 295 (sie
1227 250 1324 286 enim
1365 249 1661 298 reprehensores

242 320 295 356 illi
338 320 533 356 consulem
580 331 695 367 agere
742 320 1040 366 insimulabant,
1088 321 1199 369 quasi
1243 333 1303 357 res
1358 326 1394 356 et
1438 319 1661 355 occasiones

242 396 484 428 cunctantem
523 390 810 438 opperirentur,
852 404 928 427 non
959 391 1133 427 celeriter
1163 391 1436 434 elaberentur3)
1475 390 1540 426 sed
1572 390 1661 426 reli-

243 462 336 510 quit,
368 473 484 509 quam
517 460 861 497 Drakenborchius
892 461 1036 498 frustra
1066 460 1301 503 defenderat,
1340 473 1560 509 perversam
1592 473 1661 496 vo-

243 545 329 568 cum
360 531 480 568 belli
525 537 562 567 et
599 530 806 568 fortunae
847 532 1131 580 separationem
1174 537 1211 565 et
1240 530 1391 578 prioris,
1431 531 1467 566 in
1500 544 1587 578 qua,
1630 531 1660 566 si

243 614 329 638 cum
361 601 519 638 fortuna
551 602 804 651 coniungitur,
852 603 944 638 nihil
975 607 1032 638 est
1062 600 1266 649 singularis
1297 601 1489 649 ponderis,
1520 601 1557 636 in
1588 601 1661 636 ini-

245 672 337 708 tium
384 673 580 709 sententiae
627 679 715 709 ante
758 685 970 722 pronomen
1016 672 1332 720 interrogativum
1386 671 1660 707 traiectionem.

244 743 497 780 scribendum
530 748 605 779 est:
646 743 865 791 ignarum
904 744 1040 789 belli,
1073 743 1196 795 quod
1241 742 1285 778 in
1333 742 1433 778 dies
1464 740 1662 778 fortuna

243 818 469 857 novaret,
500 819 571 851 cet.
631 813 807 850 Fortuna
834 814 935 850 bello
966 827 1109 850 novum
1143 813 1181 848 in
1213 812 1292 849 dies
1315 818 1456 849 statum
1492 818 1528 848 et
1554 813 1662 849 habi-

244 889 324 919 tum
356 883 434 919 dat.
500 883 667 920 Relativi
689 884 928 933 pronominis
959 883 1188 920 nominativi
1223 889 1259 919 et
1290 883 1499 919 accusativi
1528 883 1665 919 formae

245 954 394 1002 quoties
426 958 463 989 et
493 955 542 991 ab
580 955 652 991 hoc
683 955 842 991 librario
875 960 911 991 et
942 955 990 991 ab
1024 954 1108 990 aliis
1139 959 1415 1002 permutentur,
1457 953 1529 989 dici
1567 966 1662 1003 opus

243 1037 319 1060 non
351 1028 418 1059 est.
497 1023 647 1060 Deinde
687 1024 748 1060 hie
787 1027 804 1068 ξ
840 1027 859 1059 5
903 1023 1091 1072 primum,
1134 1029 1271 1071 postea
1302 1030 1427 1060 autem
1460 1024 1664 1073 aliquoties

245 1094 424 1131 obiicitur
453 1106 592 1130 nomen
623 1094 770 1130 fluvioli
805 1094 973 1142 quinque
1014 1093 1166 1129 milibus
1205 1107 1388 1142 passuum
1424 1096 1472 1131 ab
1504 1096 1581 1131 Dio
1614 1096 1663 1132 ad

246 1165 441 1201 meridiem
473 1176 607 1200 versus
639 1165 835 1210 distantis,
873 1165 922 1201 ad
954 1177 1065 1212 quem
1098 1165 1263 1200 Perseus
1296 1171 1422 1201 castra
1463 1173 1500 1202 et
1530 1172 1664 1202 eontra

244 1235 291 1282 Q.
324 1235 515 1271 Marcium
561 1241 597 1270 et
641 1241 778 1283 postea
822 1242 956 1272 eontra
1002 1236 1044 1271 L.
1076 1235 1278 1271 AEmilium
1326 1236 1470 1273 habuit.
1544 1237 1584 1272 ls
1625 1237 1662 1272 in

244 1304 474 1340 editionibus
507 1305 724 1354 appellatur
754 1307 981 1355 Enipeus.
1060 1304 1194 1342 Codex
1223 1307 1261 1344 h.
1297 1306 1319 1341 l.
1358 1306 1503 1355 Enipi
1535 1308 1664 1353 habet,

243 1374 423 1422 proximo
471 1376 595 1424 capite
641 1380 658 1421 ξ
704 1378 725 1412 2
770 1377 1013 1425 Elipeum,
1053 1388 1084 1412 c.
1119 1377 1183 1421 20,
1218 1378 1238 1412 3
1271 1376 1445 1424 Epela,
1477 1389 1507 1413 c.
1541 1378 1605 1421 26,
1641 1380 1661 1413 5

245 1445 439 1494 Elpeio,
470 1458 501 1484 e.
536 1448 599 1491 32,
636 1450 681 1484 10
714 1447 865 1496 Elpei.
932 1446 1170 1495 Comparato
1201 1447 1366 1491 Zonara,
1411 1447 1513 1495 apud
1550 1459 1662 1494 quem

243 1514 319 1559 IX,
355 1515 404 1551 23
443 1517 494 1564 (p.
529 1518 604 1553 457
631 1519 749 1562 Duc.)
774 1513 971 1561 ''Estmog
1002 1517 1151 1561 dicitur,
1183 1523 1344 1565 apparet
1374 1517 1561 1565 Elpium
1597 1524 1663 1553 aut

244 1585 446 1633 Elpeum
494 1599 517 1622 a
557 1588 670 1624 Livio
709 1589 946 1637 appellatum
983 1600 1079 1628 esse,
1144 1586 1283 1635 Enipei
1314 1587 1438 1623 notius
1468 1600 1608 1624 nomen
1640 1600 1663 1624 a

244 1654 428 1704 Grynaeo,
460 1669 573 1704 quem
607 1657 754 1706 primus
795 1658 942 1696 librarii
986 1672 1093 1695 error
1126 1659 1293 1707 decepit,
1339 1672 1358 1694 e
1389 1657 1594 1694 Thessalia
1623 1658 1661 1694 in

242 1726 513 1762 Macedoniam
545 1729 773 1764 translatum
805 1735 874 1765 est.
935 1730 1121 1765 Extremo
1153 1729 1278 1777 capite
1312 1732 1353 1774 (ς’
1376 1731 1409 1773 7,
1439 1728 1505 1765 ubi
1534 1729 1662 1766 VVeis-

241 1797 468 1833 senbornius
501 1799 723 1847 occupavit,
767 1800 871 1847 quod
911 1812 982 1848 ego
1015 1812 1169 1847 quoque
1201 1799 1451 1843 conieceram,
1493 1800 1662 1848 obsep-

243 1873 337 1904 tum
366 1869 459 1905 iter
503 1882 550 1904 cx
596 1869 737 1906 codicis
783 1869 974 1917 scriptura
1007 1870 1430 1917 hospesetseptum
1463 1865 1578 1917 iter)
1622 1868 1659 1904 iu

241 1939 299 1975 his
331 1939 476 1976 verbis:
518 1941 778 1977 extrahere
820 1939 1060 1987 reliquum
1104 1944 1288 1987 tempus
1330 1939 1431 1974 eius
1476 1939 1660 1975 aestatis

242 2009 286 2045 in
318 2009 475 2045 animo
520 2010 751 2054 habebat,
797 2008 934 2045 vitiose
981 2009 1153 2045 abundat
1194 2009 1312 2053 eius;
1351 2009 1390 2044 in
1433 2008 1563 2045 codice
1604 2014 1661 2044 est

241 2080 705 2127 tempuseaaestatis,
738 2080 942 2128 geminatis
974 2092 1103 2116 errore
1133 2079 1267 2115 litteris
1300 2091 1363 2117 ae.

353 2148 447 2198 Cap.
481 2152 517 2195 9,
550 2151 571 2186 8
611 2148 696 2199 (ubi
739 2150 968 2186 describitur
1013 2150 1192 2187 circensis
1232 2149 1367 2186 ludicri
1398 2149 1434 2184 iu
1470 2149 1659 2185 testudine

242 2218 443 2255 efficienda
473 2220 612 2256 bellica
640 2220 678 2255 in
710 2221 998 2269 oppugnatione
1036 2220 1216 2257 Heraclei
1245 2219 1426 2265 imitatio)
1462 2225 1575 2255 antea
1605 2219 1660 2255 sie

240 2288 443 2324 edebatur:
474 2290 597 2326 Huic
627 2290 864 2326 testudini
885 2290 1136 2327 simillima
1156 2290 1285 2339 parti
1315 2288 1433 2326 muri
1466 2288 1658 2325 admota

240 2359 340 2403 (cod.
371 2360 629 2408 permota),
671 2373 769 2397 cum
809 2360 988 2396 armati
1028 2366 1366 2409 superstantes
1412 2358 1660 2394 subissent

240 2429 340 2475 (cod.
372 2430 684 2479 subipssent),
714 2431 1168 2479 propugnatoribus
1200 2431 1319 2466 muri
1356 2429 1560 2477 fastigio
1592 2429 1656 2464 al-

240 2499 464 2536 titudinis
523 2501 853 2548 aequabantur.
938 2501 1210 2549 Kreyssigius,
1268 2513 1383 2548 quum
1434 2499 1471 2534 in
1527 2499 1659 2535 codice

238 2571 397 2606 vidisset
441 2571 574 2607 scribi:
630 2570 754 2606 Huic
806 2571 1000 2607 testudo
1046 2571 1294 2607 simillime
1342 2569 1472 2618 parti
1517 2569 1656 2614 muri,

235 2646 338 2676 reete
367 2640 647 2676 nominativum
680 2641 906 2688 (testudo)
940 2641 1071 2686 tenuit,
1101 2646 1204 2677 reete
1235 2640 1349 2676 etiam
1380 2640 1436 2676 hu
1448 2639 1659 2675 millimae
