1811 2925
793 163 864 199 183
1325 160 1399 194 Lib.
1426 160 1486 192 IX.

119 287 156 324 id
209 294 336 324 autem
380 285 652 334 interpolatum
705 285 753 322 sit
799 284 921 321 altero
968 284 1098 321 addito
1141 297 1266 334 par-5.
1353 284 1534 322 Similiter

119 359 354 402 XXXVII,
410 357 485 402 42,
540 358 560 393 2
602 356 640 392 in
685 356 953 394 distributione
998 355 1125 391 verbis
1171 356 1323 393 variata
1366 364 1531 394 erratum

119 429 347 466 videbimus.

230 499 326 550 Cap.
349 501 412 543 33,
446 501 486 536 3:
518 499 757 537 Permulti
789 499 900 535 anni
930 499 1020 536 iam
1053 506 1210 544 erant,
1242 512 1379 547 quum
1408 499 1534 536 inter

116 572 356 621 patricios
388 571 708 620 magistratus
739 570 1066 618 tribunosque
1104 570 1235 606 nulla
1266 570 1534 607 certamina

118 642 334 687 fuerant,
388 656 524 691 quum
571 656 625 680 ex
671 655 723 679 ea
767 641 979 686 familia,
1026 654 1124 690 quae
1174 641 1307 678 velut
1350 641 1532 678 fatales

119 714 213 759 (MP
243 727 359 750 manu
398 718 427 758 1,
475 715 583 751 Leid.
624 717 656 754 1,
689 713 794 750 Flor.
828 713 867 750 S.
900 712 1043 757 Marci;
1083 713 1197 749 ceteri
1229 719 1265 749 et·
1295 714 1372 750 MP
1404 726 1426 750 a
1455 725 1530 753 see.

115 797 233 822 manu
270 784 459 833 fatalis)
502 798 604 822 eum
637 784 850 821 tribunis
881 797 932 820 ae
964 784 1106 833 plebe
1136 791 1258 828 erat.v
1289 791 1531 821 certamen

116 856 283 895 oritur.
344 856 438 903 Quae
469 857 532 893 alii
562 862 768 893 tentarunt.
799 856 979 892 Hertzius
1011 855 1175 904 collegit.
1233 856 1330 892 Mihi
1359 856 1397 892 in
1427 869 1532 892 men-

114 934 190 964 tem
231 928 357 967 venit:
417 928 528 976 quoi
586 927 719 964 velut
762 926 936 963 fatalis
980 927 1040 963 lis
1089 940 1188 963 eum
1237 926 1446 963 tribunis
1481 938 1532 962 ac

114 999 255 1048 plebe
286 1006 401 1036 erat.
461 999 626 1041 (Fatalis
657 998 818 1035 tribunis
854 998 1009 1035 minime
1038 1010 1132 1047 gens
1163 998 1296 1047 Appia
1325 998 1419 1043 fuit3
1460 997 1532 1034 sa-

114 1070 230 1107 t-alis
263 1070 319 1106 ad
349 1069 466 1107 lites
496 1084 572 1107 non
603 1071 752 1111 dieitur,
784 1069 843 1106 eui
877 1069 950 1119 ipsi
981 1069 1065 1105 lites
1096 1068 1177 1105 fato
1212 1070 1311 1106 (latae
1341 1066 1502 1118 sunt.)¹)

226 1140 322 1190 Cap.
355 1142 418 1185 39,
451 1144 472 1178 3
505 1148 540 1178 et
582 1145 616 1187 4,
646 1149 852 1191 postquam
885 1141 1018 1178 Livius
1051 1141 1093 1177 L.
1130 1141 1331 1190 Papirium
1370 1141 1531 1177 (lic-tato-

113 1225 195 1261 rem
227 1219 262 1249 et
294 1211 337 1252 C.
373 1213 560 1249 Marcium
593 1212 786 1249 consulem
818 1212 941 1261 iisque
973 1213 1173 1262 oppositos
1205 1211 1397 1249 Samnites
1437 1211 1532 1247 dixit

114 1284 308 1332 quiet-os
368 1283 669 1331 aliquamdiu
705 1295 788 1320 nee
839 1285 937 1321 suis
999 1283 1291 1320 diffidentes
1342 1283 1531 1319 viribus

112 1367 199 1391 nec
230 1355 415 1391 hostem
447 1362 735 1404 spernentes
778 1355 963 1392 stativa
994 1355 1038 1391 in
1069 1354 1346 1404 propinquo
1377 1354 1530 1390 habu—

112 1426 229 1471 isse,
260 1426 386 1463 subito
420 1426 458 1462 in
489 1426 684 1462 Etruriam
718 1426 765 1462 ad
795 1439 932 1474 resque
962 1426 1014 1463 ibi
1045 1439 1068 1462 a
1114 1426 1161 1473 Q.
1193 1424 1317 1462 Fabio
1349 1424 1530 1461 Rulliano

113 1504 243 1546 gestas
283 1497 540 1542 traducimur„
577 1497 712 1533 deinde
745 1510 829 1546 cap.
861 1500 909 1533 40
944 1498 992 1533 ad
1035 1496 1227 1534 Samnites
1264 1495 1431 1532 redimus
1463 1508 1532 1532 nee

115 1576 244 1604 tamen
275 1568 324 1603 ad
355 1581 454 1612 eum,
486 1581 600 1616 quem
629 1575 826 1604 narratum
857 1569 1085 1617 legeramus,
1123 1581 1250 1604 rerum
1281 1574 1435 1611 statum,
1466 1567 1532 1603 sed

116 1639 165 1675 ad
197 1639 311 1674 aliam
346 1652 566 1687 novamque
597 1638 734 1676 faciem
767 1639 867 1675 belli.
933 1639 1020 1686 Quo
1051 1646 1179 1675 antem
1209 1638 1295 1675 loeo
1328 1652 1349 1674 a
1380 1638 1531 1675 Samni-

115 1710 216 1746 tibus
248 1711 296 1746 ad
328 1710 534 1747 Etruscum
566 1710 706 1747 bellum
739 1710 911 1747 narratio
940 1710 1183 1752 transfertur,
1215 1711 1295 1746 haee
1315 1709 1389 1758 legi
1410 1709 1532 1745 solent

114 1781 152 1817 in
183 1781 432 1817 editionibus:
477 1783 673 1818 Interea
705 1794 779 1818 res
828 1782 872 1818 in
904 1782 1108 1818 Etruria
1143 1788 1314 1830 gestae;
1354 1794 1457 1817 nam
1489 1787 1532 1817 et

114 1865 219 1888 cum
256 1852 548 1890 Umbrorum
580 1852 803 1889 exercitu
834 1852 938 1889 acie
973 1853 1304 1901 depugnatum
1343 1860 1415 1889 est
1459 1860 1529 1888 cet.

114 1923 191 1961 Sed
224 1924 343 1960 verba
372 1923 561 1960 interea
589 1935 665 1960 res
703 1924 747 1959 in
787 1924 986 1960 Etruria
1016 1932 1161 1972 gestae
1189 1924 1227 1960 in
1259 1925 1355 1961 ML]
1395 1923 1531 1960 (leteri-

113 2007 222 2031 orum
267 1995 414 2043 aliquot
469 1998 534 2040 (ut
575 1995 672 2031 Lov.
715 1997 762 2039 3,
810 1998 846 2039 4,
889 1998 936 2039 ὃ,
979 1995 1010 2031 si
1048 2002 1150 2031 recte
1190 1996 1530 2032 Drakenborchius

137 2155 167 2199 ¹)
209 2158 290 2199 Cap.
319 2161 383 2197 36,
421 2164 438 2191 2
468 2161 568 2192 doleo
594 2167 626 2192 et
651 2161 819 2201 indignor,
857 2171 898 2192 ne
926 2163 1184 2193 commemorari
1211 2163 1343 2203 quidem
1370 2173 1390 2193 a
1414 2172 1529 2192 recen-

207 2221 348 2252 tissimis·
369 2222 555 2253 editoribus
581 2224 806 2254 necessariam
833 2223 902 2254 Iac.
920 2225 1085 2255 Perizonii
1114 2226 1385 2255 emendationem
1414 2224 1528 2262 (Tum

207 2283 355 2320 exiis,
390 2285 460 2324 qui
499 2286 697 2323 aderant,
737 2285 935 2318 consulis
975 2287 1116 2319 frater
1149 2305 1186 2310 -—
1226 2297 1313 2318 eum
1350 2287 1529 2318 Fabium

206 2345 427 2376 Kaesonem
471 2347 566 2384 alii,
613 2347 648 2378 C.
690 2347 921 2379 Claudium
965 2349 1152 2389 quidam,
1188 2356 1323 2380 matre
1369 2349 1528 2388 eadem,

207 2416 288 2447 qua
326 2408 573 2445 consulem,
615 2412 827 2449 genitum.v
871 2411 1047 2442 tradunt
1091 2429 1132 2434 —
1176 2410 1447 2452 speculatum
1489 2419 1529 2440 se

206 2469 365 2500 iturum
402 2470 631 2511 professus
675 2473 768 2511 cet.)
795 2473 968 2514 tenerique
1008 2474 1107 2504 tacite
1141 2484 1215 2504 eam
1246 2473 1458 2514 scripturam,
1495 2473 1529 2502 in

207 2541 284 2572 qua,
317 2532 391 2571 quis
427 2533 507 2573 quid
542 2533 674 2571 fecerit,
712 2535 902 2568 omittatur.
936 2542 1106 2576 quaeratur
1139 2541 1251 2566 autem
1276 2535 1370 2574 quasi
1396 2544 1456 2576 per
1481 2544 1527 2568 se,

206 2602 273 2634 quo
301 2593 436 2624 nomine
464 2595 613 2626 consulis
639 2594 742 2626 frater
767 2596 875 2627 fuerit.
935 2598 987 2628 De
1020 2597 1096 2628 loeo
1129 2597 1250 2638 capitis
1276 2601 1330 2634 34,
1371 2600 1409 2627 12
1440 2603 1528 2627 recte

205 2655 476 2696 interpungendo
508 2657 733 2688 admonitioni
771 2668 851 2689 meae
876 2658 936 2699 (ad
970 2659 1040 2691 Cic.
1079 2659 1151 2689 Fin.
1193 2670 1224 2700 p.
1256 2658 1340 2698 273)
1375 2658 1529 2690 llertzius

207 2717 386 2749 obsecutus
413 2725 480 2756 est3
505 2718 805 2750 Weissenbornius
830 2725 958 2760 partem
984 2721 1075 2762 pravi
1111 2720 1284 2760 (dicet‘?)
1311 2721 1457 2760 reliquit.
