1811 2925
265 141 339 173 Lib.
367 141 495 172 XLIII.
937 143 1015 178 550

266 265 523 315 Illyricum
556 264 754 310 (scribitur
788 269 915 300 autem
949 275 1040 299 vere
1070 263 1143 299 sic:
1182 264 1357 300 Eadem
1389 271 1560 302 aestate
1592 278 1683 313 qua

266 337 312 372 in
351 335 612 373 Thessalia
650 334 840 383 legatus
882 334 928 370 in
960 333 1256 383 Illyricum),
1298 341 1334 371 et
1367 348 1481 383 quum
1513 336 1681 372 nondum

265 406 359 442 satis
383 405 677 454 perspexissem,
704 418 818 453 quam
843 404 1064 453 frequenter
1083 404 1122 440 in
1145 405 1221 442 hoc
1237 406 1367 442 codice
1386 408 1506 443 verba
1535 407 1683 455 aliquot

267 476 544 521 omitterentur,
574 477 611 513 in
640 477 769 513 libello
804 475 1038 521 academiffl,
1071 488 1183 523 quem
1201 489 1234 512 a.
1256 478 1356 513 1852
1385 477 1484 513 edidi
1504 478 1565 525 (de
1582 478 1682 514 Livii

264 547 351 584 libri
366 547 511 584 XLIII
536 547 642 584 initio
668 560 688 584 e
709 548 795 585 cod.
810 546 1105 583 Vindobonensi
1133 547 1401 597 emendando),
1423 549 1680 585 coniecturam

265 620 312 656 de
342 620 416 655 hoc
445 618 532 655 loco
562 618 798 655 restituendo
841 617 995 666 prodidi
1039 622 1076 653 et
1107 618 1305 662 exornavi,
1353 631 1467 666 quam
1499 620 1681 656 oblivioni

265 702 425 740 prorsus
456 689 556 726 tradi
587 688 712 737 cupio.
781 687 932 732 Cetera,
968 700 1052 736 quae
1083 688 1121 724 in
1153 691 1171 733 ξ
1199 692 1210 725 l
1240 695 1276 724 et
1299 690 1319 725 3
1349 690 1444 726 recti
1473 690 1525 726 ibi
1555 704 1681 726 emen-

265 762 374 806 davi,
419 767 556 811 postea
600 760 679 796 vidi
724 759 801 795 iam
847 772 871 796 a
915 759 1231 795 Weissenbornio
1272 759 1309 795 in
1341 759 1544 797 lectionum
1576 761 1681 797 Livi-

264 845 426 869 anarum
472 838 583 880 parte
633 830 762 880 priore
812 837 1002 879 occupata
1045 843 1141 875 esse,
1189 829 1261 865 nisi
1307 831 1409 878 quod
1455 844 1503 867 ex
1546 831 1682 867 litteris

264 903 490 939 eremiam
535 908 602 938 aut
652 900 911 937 ceremiam
965 887 1596 950 (oppugnaiviceremiam)‚
1642 902 1679 937 in

265 974 402 1022 quibus
446 986 517 1022 ego
560 972 716 1009 alterius
760 985 807 1007 ex
839 972 988 1008 duobus
1020 972 1171 1020 oppidis
1184 1001 1193 1017 ,
1236 985 1320 1021 quae
1350 972 1482 1009 Livius
1514 984 1682 1008 comme-

261 1051 401 1089 morat,
431 1057 571 1080 nomen
602 1044 722 1079 latere
752 1042 898 1091 putavi,
929 1042 961 1078 is
992 1055 1152 1079 eorum
1190 1057 1328 1080 unum
1359 1042 1497 1088 effecit,
1530 1056 1682 1092 parum,

264 1122 304 1152 ut
339 1116 501 1159 videtur,
532 1114 798 1163 probabiliter.
873 1113 940 1150 Ad
972 1113 1122 1161 reliqua
1150 1127 1282 1163 pergo,
1319 1115 1456 1164 quibus
1488 1114 1588 1150 illius
1619 1127 1680 1150 er-

262 1187 360 1223 roris
418 1186 568 1235 culpam
618 1185 858 1233 redemptum
912 1184 959 1220 iri
1014 1197 1140 1233 spero.
1219 1184 1465 1233 Quamquam
1514 1184 1679 1233 primum

264 1256 417 1305 quidem
448 1256 635 1292 minutula
665 1268 727 1292 res
758 1255 982 1303 attingenda
1013 1261 1082 1300 est,
1112 1267 1188 1290 non
1221 1267 1335 1303 posse
1366 1256 1403 1291 in
1438 1258 1456 1300 ξ
1485 1257 1529 1291 10
1562 1261 1599 1290 et
1634 1257 1644 1289 l
1662 1256 1675 1289 1

261 1326 351 1363 ferri
395 1327 661 1376 imperfectum
723 1332 872 1374 tempus
927 1327 966 1362 in
1014 1327 1114 1363 hanc
1169 1326 1387 1362 continuam
1437 1324 1681 1374 praesentium

261 1398 398 1434 seriem
431 1397 542 1446 quasi
571 1397 738 1433 ludendo
772 1396 978 1433 inclusum:
1027 1396 1310 1433 Decernunt
1349 1427 1356 1435 .
1377 1428 1384 1434 .
1424 1402 1472 1432 ut
1503 1394 1545 1432 C.
1577 1394 1678 1433 Sul-

259 1468 416 1517 picius
450 1498 458 1506 .
489 1474 587 1504 tres
629 1498 636 1506 ,
675 1468 889 1504 nominet
918 1467 1130 1515 legatos,
1162 1468 1247 1515 qui
1286 1498 1294 1505 ,
1313 1497 1322 1507 ,
1350 1480 1435 1516 pro
1449 1466 1679 1503 ficiscan-

259 1545 334 1575 tur
365 1552 420 1575 ex
449 1539 566 1575 urbe
597 1544 659 1584 et,
691 1544 922 1587 quantum
955 1538 1239 1575 accelerare
1268 1544 1486 1587 possent,
1519 1537 1678 1574 Cassi-

258 1623 351 1655 um,
382 1609 561 1646 ubioun
576 1623 663 1658 que
698 1609 782 1655 sit,
813 1616 1196 1658 persequantur3
1227 1610 1469 1651 nuntient„
1500 1621 1554 1644 ne
1584 1608 1678 1644 bel-

258 1681 354 1716 lum
386 1693 485 1716 cum
516 1681 617 1716 ulla
646 1687 790 1729 gente
820 1693 855 1715 m
868 1686 1030 1723 oveat,
1080 1680 1177 1717 nisi
1218 1693 1317 1716 cum
1359 1692 1450 1728 qua
1480 1684 1676 1714 senatus

264 1781 274 1790 .
293 1781 303 1791 ,
343 1764 362 1788 0
375 1757 618 1787 ensuerat.
684 1751 939 1789 scribendum
969 1751 1172 1800 possint,
1231 1752 1322 1788 Non
1353 1751 1555 1786 aberratur
1584 1748 1678 1793 fere⁷

258 1828 299 1859 ut
330 1835 431 1871 saepe
460 1821 552 1865 dixi,
593 1821 665 1858 nisi
708 1822 774 1858 ubi
806 1835 883 1858 una
924 1822 1052 1858 littera
1081 1822 1215 1858 formae
1247 1822 1407 1862 distant:
1450 1833 1495 1856 es
1507 1826 1577 1856 set
1604 1833 1677 1868 pro

258 1894 321 1930 sit
351 1894 532 1942 scriptum
565 1905 641 1928 non
673 1892 856 1941 reperias,
924 1894 1026 1930 Tum
1068 1899 1324 1930 censuerat
1355 1893 1392 1928 in
1432 1891 1677 1928 censuerit

258 1965 484 2001 mutandum
508 1976 603 2009 esse,
630 1964 856 2001 Perizonius
882 1964 997 2012 vidit3
1027 1971 1069 2000 ut
1091 1964 1189 2000 enim
1211 1964 1459 2000 indicativum
1491 1962 1675 2009 feramus,

257 2048 343 2072 cum
386 2035 540 2071 nullane
583 2042 696 2084 gente
739 2035 901 2083 posthac
940 2034 1082 2071 bellum
1123 2047 1256 2082 gerere
1286 2034 1444 2079 licebat,
1486 2034 1559 2069 nisi
1590 2045 1674 2069 cum

258 2119 335 2154 qua
365 2106 442 2142 iam
473 2112 561 2142 ante
593 2107 667 2142 hoc
697 2112 847 2154 tempus
865 2111 1020 2141 senatus
1051 2105 1259 2153 gerendum
1293 2103 1527 2141 censuisset?
1570 2105 1673 2141 Nam

256 2176 529 2212 censuisset
568 2176 606 2212 in
630 2177 804 2213 oratione
834 2175 993 2223 obliqua
1022 2181 1109 2223 post
1139 2176 1371 2224 praeteritum
1402 2174 1519 2211 futuri
1550 2175 1675 2211 exacti

255 2245 377 2283 vicem
410 2247 581 2287 sustinet,
611 2252 873 2284 censuerat
895 2259 986 2282 vere
1016 2247 1197 2294 praeteriti
1227 2246 1409 2295 temporis
1442 2253 1509 2282 est.

374 2316 470 2365 Cap.
484 2319 520 2363 3,
544 2319 564 2353 3
585 2317 802 2366 (ubiagitur
817 2318 864 2354 de
876 2317 1094 2353 hominibus
1112 2330 1159 2353 ex
1174 2316 1356 2352 militibus
1374 2317 1558 2353 Romanis
1576 2323 1673 2353 etex

255 2388 477 2424 mulieribus
488 2388 684 2437 Hispanis,
700 2389 924 2437 quibuscum
943 2388 1171 2424 connubium
1190 2400 1266 2423 non
1280 2393 1373 2431 orat,
1385 2388 1495 2427 natis,
1511 2387 1575 2435 qui
1586 2400 1672 2423 ora-

254 2459 360 2503 bant,
392 2465 433 2494 ut
459 2459 531 2495 sibi
563 2460 745 2508 oppidum
776 2461 934 2496 daretur
950 2487 959 2502 ,
990 2460 1027 2495 in
1060 2472 1136 2507 quo
1167 2458 1422 2500 habitarent):
1465 2459 1490 2493 S
1503 2471 1555 2493 en
1567 2464 1643 2494 atu
1655 2470 1672 2493 s

254 2528 487 2575 decrevit,
503 2536 551 2565 ut,
580 2531 778 2567 nomina
808 2543 893 2566 sua
923 2530 1047 2579 apud
1079 2528 1230 2567 L.Can
1246 2529 1421 2564 ulcium
1437 2534 1671 2576 (praetorem,

253 2599 314 2636 cui
324 2599 518 2649 Hispania
533 2601 735 2649 provincia
751 2602 947 2649 evenerat)
959 2614 983 2650 p
994 2615 1013 2637 r
1022 2614 1044 2636 0
1055 2600 1092 2637 fi
1104 2607 1118 2636 t
1127 2613 1146 2636 e
1156 2614 1174 2635 r
1183 2613 1203 2636 e
1212 2613 1234 2636 n
1247 2606 1259 2636 t
1270 2613 1293 2635 u
1303 2613 1333 2645 r,
1351 2612 1370 2635 e
1381 2612 1402 2635 0
1412 2612 1508 2635 rum
1521 2612 1545 2647 q
1556 2612 1577 2635 u
1589 2613 1608 2635 e
1633 2599 1671 2635 si
