1811 2925
248 146 323 177 Lib.
343 145 475 176 XLIV.
918 146 995 180 570

247 269 339 305 iam
381 266 521 315 inde).
607 265 760 302 Codex:
809 265 983 301 sortiri
1028 265 1218 313 placuit
1262 266 1664 314 provideanteum

247 339 355 376 utri.
420 336 673 375 scribendum
705 341 778 371 est:
822 335 995 371 sortiri
1039 335 1231 384 placuit
1264 336 1569 384 provincias,
1606 341 1666 383 ut⁷

248 421 356 453 cum,
386 407 485 444 utri
515 405 807 442 Macedonia
842 405 1039 441 consuli
1081 405 1257 454 cuique
1297 408 1492 455 praetori
1534 407 1665 443 elas-

247 480 312 517 sis
343 478 615 522 evenisset,
646 476 887 521 sciretur„
931 482 977 511 ut
1016 475 1109 512 iam
1139 475 1250 512 inde
1288 477 1564 525 cogitarent
1593 484 1663 514 cet.

246 550 357 588 Ferri
387 555 581 596 utcunque
610 553 738 596 potest
768 552 816 583 ut
848 546 1020 594 pluribus
1047 546 1254 583 interiectis
1284 547 1506 596 1·epetitum;
1539 554 1666 596 potest

246 627 373 658 tamen
405 619 520 655 etiam
564 618 724 654 alterum
769 623 817 653 ut
859 629 908 652 ex
946 616 1087 652 ultimis
1128 616 1262 653 litteris
1302 617 1410 654 verbi
1450 618 1667 654 sciretur

246 697 370 728 ortum
403 701 503 733 esse3
534 701 624 724 nam
655 688 752 724 iam
785 687 898 723 inde
928 687 1094 735 primum
1125 687 1251 724 locum
1281 694 1411 724 tenere
1441 688 1580 725 debere
1609 689 1665 725 vi-

244 763 364 799 detur.
426 759 689 797 Subiiciuntur
732 759 767 805 (ξ
802 758 840 807 8)
874 759 973 794 haec:
1018 758 1224 794 Latinas
1366 758 1521 807 primo
1553 772 1666 807 quo-

246 846 334 881 que
364 839 581 880 tempore
612 829 726 865 fieri
758 829 954 877 placere
982 841 1140 877 neque
1162 829 1426 874 consulem,
1455 829 1528 865 cui
1563 842 1666 865 eun-

245 904 350 940 dum
398 903 449 938 in
481 900 820 938 Macedoniam
869 905 1023 944 esset,
1054 899 1221 935 teneri.
1282 898 1415 936 Codex
1467 906 1664 936 teneret.

246 973 498 1013 Scribendum
528 971 645 1020 igitur
675 976 750 1015 est,
783 970 887 1018 quod
931 971 1047 1006 etiam
1079 970 1430 1006 Forehhammerus
1461 971 1573 1008 vidit:
1611 984 1667 1011 ne

246 1045 364 1098 quid
394 1042 650 1080 consulem
793 1047 999 1077 teneret.

357 1114 534 1162 Capi&
558 1115 596 1149 1:
625 1112 888 1160 Extemplo
922 1111 1155 1159 apparuit
1185 1111 1414 1161 omnibus,
1448 1125 1537 1149 non
1567 1125 1666 1162 seg-

244 1186 369 1222 niter
400 1185 447 1221 id
477 1183 654 1221 bellum
685 1183 730 1218 L.
763 1181 1010 1218 AEmilium
1041 1187 1306 1229 gesturum⁷
1335 1190 1665 1231 praeterquam

245 1257 375 1305 quod
407 1255 536 1292 alius
567 1254 641 1290 vir
676 1258 790 1298 erat,
823 1252 970 1288 etiam
1009 1252 1132 1299 quod
1163 1252 1265 1288 dies
1295 1259 1574 1301 noctesque
1602 1253 1666 1289 in-

244 1334 411 1364 tentus
443 1339 497 1362 ea
527 1325 659 1369 sola,
692 1336 789 1372 quae
821 1323 953 1359 adid
984 1323 1168 1359 belluni
1200 1323 1530 1371 pertinerent,
1563 1323 1664 1359 ani-

245 1412 314 1435 mo
348 1397 585 1446 agitabat.
658 1395 751 1430 vox
783 1393 908 1429 alius
939 1406 1016 1429 non
1046 1393 1185 1437 habet,
1220 1405 1296 1441 quo
1326 1393 1538 1439 referatur,
1570 1407 1665 1442 quo-

244 1468 349 1504 niam
379 1467 550 1516 priorum
580 1465 619 1501 in
649 1464 883 1501 Macedonia
914 1465 1193 1513 imperatorum
1224 1464 1329 1500 nulla
1359 1465 1535 1514 proxime
1565 1478 1666 1514 prae-

243 1537 531 1581 cessitmenti03
557 1535 698 1572 codex:
718 1536 843 1583 quod
876 1536 1008 1579 aliis;
1030 1542 1132 1571 recte
1149 1535 1519 1572 Forchhammerus:
1550 1549 1603 1584 pr
1616 1548 1665 1571 ae-

243 1616 465 1658 terquam
497 1607 622 1656 quod
651 1606 775 1646 talis
806 1606 879 1642 vir
910 1612 1013 1642 erat
1044 1613 1113 1642 cet.
1180 1606 1231 1642 Et
1262 1619 1309 1642 ex
1342 1607 1521 1643 universo
1536 1606 1666 1642 AEmi-

242 1681 283 1717 lii
312 1679 465 1728 ingenio
516 1684 552 1714 et
590 1690 638 1713 ex
679 1676 913 1725 cogitatione
961 1677 1041 1712 eius
1071 1676 1110 1712 in
1140 1677 1230 1713 belli
1261 1677 1502 1714 Macedonici
1532 1689 1662 1713 curam

245 1750 398 1799 pridem
431 1760 620 1786 conversa
650 1748 871 1784 coniectura
902 1746 1077 1794 fiebat.¹)

370 1820 465 1869 Cap.
498 1820 562 1864 22,
595 1820 616 1855 2
650 1816 708 1868 (in
739 1819 917 1855 contione
951 1819 996 1856 L.
1029 1819 1193 1863 AEmilii‚
1225 1827 1429 1867 antequam
1463 1819 1501 1854 in
1533 1819 1662 1855 Mace-

244 1893 399 1929 doniam
428 1892 512 1936 iret,
543 1890 715 1936 habim:
748 1889 1190 1926 Animadvertisse
1216 1890 1397 1935 videon
1429 1889 1663 1936 Quirites,

245 1963 475 1999 maiorem
506 1959 621 1997 mihi
651 1959 832 1995 sortito
852 1959 1184 1995 Macedoniam
1217 1960 1525 2007 provinciam
1555 1972 1662 2008 gra-

243 2033 535 2069 tulationem
566 2030 773 2074 factam,
821 2042 956 2077 quam
1000 2042 1136 2077 quum
1183 2038 1263 2065 aut
1309 2030 1478 2066 consul
1509 2043 1661 2067 essem

244 2102 588 2139 consalutatus
648 2106 727 2137 aut
783 2113 875 2148 quo
922 2100 995 2136 die
1048 2100 1393 2149 magistratum
1446 2101 1659 2137 inissem.

242 2173 381 2220 Neque
413 2171 833 2220 plusquamperfectum
864 2183 988 2219 neque
1019 2171 1282 2207 coniunctivus
1312 2171 1500 2207 rationem
1524 2172 1662 2215 habet;

242 2256 331 2280 nam
362 2248 505 2279 certum
536 2248 687 2290 tempus
721 2241 776 2277 rei
807 2241 919 2277 factae
953 2242 1154 2286 indicatum
1187 2248 1224 2278 et
1253 2241 1462 2289 gratulatio
1494 2243 1536 2278 fit
1565 2248 1658 2287 tum,

267 2481 297 2525 ¹)
330 2487 348 2526 ᾖ
376 2489 393 2516 6
422 2486 638 2517 scribendum
665 2487 816 2517 videtur:
844 2486 918 2516 Bis
949 2487 988 2516 in
1016 2488 1132 2518 exitu
1159 2490 1378 2520 annicius
1407 2487 1660 2528 lapidatum

337 2557 431 2578 esse
458 2547 707 2578 nuntiatum
735 2553 808 2585 est,
836 2548 970 2579 semel
997 2550 1091 2587 (cod.
1113 2551 1359 2582 nuntiatum
1387 2549 1500 2590 esse)
1524 2549 1565 2579 in
1582 2548 1661 2580 Ro-

336 2619 452 2640 mano
479 2619 596 2649 agro,
623 2609 754 2640 semel
784 2609 825 2639 in
859 2609 1059 2648 Vcienti3
1087 2611 1264 2651 bis(cod.
1285 2612 1410 2643 simul
1437 2611 1478 2641 in
1512 2610 1659 2641 beien-

336 2671 468 2711 tibus)
495 2672 757 2703 novendiale
789 2681 958 2702 sacrum
989 2671 1150 2704 factum
1178 2679 1254 2705 est.
