1811 2925
888 184 967 220 485

216 302 358 338 lacuna
386 302 521 340 incidit
551 303 689 340 XLIV
710 304 810 340 inter
825 316 856 340 c.
877 304 926 339 32
962 310 997 339 et
1012 301 1083 352 33)
1099 309 1135 339 et
1147 303 1221 339 duo
1241 310 1415 340 extrema
1430 304 1523 351 (ibd.
1541 317 1573 341 e.
1590 306 1638 341 30

218 379 256 408 et
273 373 362 418 34),
390 373 650 420 quaternionis
686 374 835 411 XXVI
863 373 958 410 folia
991 379 1175 422 quattuor
1206 373 1333 409 media
1367 375 1535 419 (XLIV,
1560 375 1641 421 35).

215 443 509 490 quat.XXV11
527 443 602 479 duo
618 444 745 480 media
779 444 1046 491 (XLIVAO),
1079 441 1393 492 quanxxvlll
1425 450 1639 481 extremum

219 513 389 557 (XLIV,
443 514 532 561 46),
583 520 687 562 quat.
719 514 849 550 XXX
879 514 955 551 duo
999 519 1173 550 extrema
1205 513 1368 558 (XLV,
1405 516 1451 550 14
1485 522 1521 551 et
1554 516 1640 560 2¹),

217 590 323 630 quat.
356 583 547 620 XXXIV
578 584 741 632 primum
775 584 923 629 (XLV,
955 584 1044 632 39);
1076 596 1175 620 nune
1205 584 1312 619 deest
1343 584 1457 621 etiam
1487 592 1640 634 quater-

216 655 280 690 nio
312 654 421 699 alter,
471 666 491 689 e
536 666 611 701 quo
643 653 835 703 Grynaeus
871 654 1043 691 ediderat
1088 654 1175 690 libri
1206 654 1306 690 XLI
1337 655 1467 704 capita
1498 668 1636 692 novem

218 725 319 772 (quae
351 737 374 760 a
406 724 530 773 primo
562 726 826 771 numerantur)
867 737 989 772 usque
1035 725 1082 760 ad
1121 726 1202 762 haec
1232 726 1352 762 verba
1383 725 1520 773 capitis
1550 725 1639 761 noni

215 795 377 831 extremi
419 793 458 843 (ξ
497 797 582 837 10);
634 792 888 843 [edic]tum
920 807 1046 831 cons.
1094 807 1152 832 sc.
1202 796 1448 832 adiectum
1481 800 1570 839 est,
1617 807 1639 830 a

216 865 355 912 quibus
386 877 487 901 nunc
518 865 639 902 codex
681 865 824 913 incipit.
895 865 1034 913 Itaque
1080 866 1118 902 in
1155 866 1229 902 illis
1269 879 1408 902 novem
1450 865 1639 914 capitibus

214 936 407 984 scriptura
436 947 513 971 una
544 933 703 983 Grynaei
736 934 810 971 fide
841 933 1032 985 nititurl).
1111 938 1245 985 Atque
1279 936 1471 985 Grynaeus
1519 948 1636 984 quum

215 1006 269 1041 sic
298 1006 369 1041 hos
399 1005 519 1041 libros
549 1004 759 1047 edidisset,
809 1011 850 1041 ut
890 1005 990 1041 Livii
1031 1007 1245 1043 orationem
1286 1006 1538 1043 describendo
1570 1006 1639 1042 de-

214 1082 419 1124 pravatam
451 1074 625 1123 plurimis
668 1074 763 1110 locis
809 1076 1030 1113 coniectura
1064 1083 1231 1113 mutaret
1281 1077 1343 1123 (in
1382 1088 1459 1124 quo
1518 1088 1637 1125 nego·

214 1146 267 1182 tio
311 1151 450 1194 praeter
499 1145 689 1181 minorum
721 1152 757 1182 et
788 1146 959 1183 facilium
991 1147 1217 1184 mendorum
1248 1160 1370 1196 prope
1402 1146 1637 1182 infinitorum

215 1215 491 1252 correctionem
550 1215 665 1250 etiam
714 1216 897 1263 graviora
942 1224 979 1253 et
1027 1217 1254 1254 obscuriora
1302 1217 1469 1266 plurima
1524 1229 1633 1265 egre-

211 1286 277 1334 gio
309 1286 484 1322 acumine
520 1291 557 1321 et
588 1286 802 1333 sagacitate
831 1287 1009 1331 sustulit,
1047 1287 1085 1323 in
1118 1287 1201 1323 aliis
1234 1288 1430 1324 aberravit
1464 1288 1637 1336 vitiaque

211 1356 483 1404 interpolando
516 1356 640 1402 auxit)
672 1368 742 1392 nec
773 1362 927 1401 tamen,
975 1358 1077 1405 quod
1110 1357 1211 1394 illius
1241 1358 1365 1393 aetatis
1396 1371 1479 1394 mos
1511 1359 1635 1395 minus

212 1426 450 1474 postulabat,
482 1426 573 1474 quid
602 1426 641 1462 in
672 1426 803 1462 codice
833 1434 1040 1476 repertum,
1075 1428 1166 1475 quid
1206 1441 1229 1464 a
1259 1440 1299 1464 se
1329 1428 1545 1476 profectum
1578 1441 1637 1465 es-

211 1504 283 1541 set,
313 1496 526 1539 indicaret,
571 1503 795 1545 oportuerat
842 1498 1011 1545 pridem.
1060 1504 1268 1546 postquam
1298 1497 1517 1546 diligentius
1556 1500 1637 1536 haec

210 1575 252 1603 et
283 1567 464 1603 minutius
494 1567 653 1603 tractari
685 1574 822 1616 coepta
851 1575 958 1612 sunt,
991 1568 1160 1604 codicem
1194 1579 1278 1603 cum
1312 1568 1423 1604 editis
1453 1569 1635 1606 collatum

214 1637 374 1685 eiusque
403 1636 632 1684 scripturam
665 1637 866 1685 diligenter
899 1638 1125 1674 adnotatam
1158 1650 1261 1683 esse,
1301 1645 1342 1674 ut
1377 1645 1523 1675 certum
1554 1639 1636 1676 effi-

216 1713 366 1743 ceretur
394 1707 612 1755 praesidium
649 1714 685 1743 et
726 1708 865 1744 veteris
900 1708 1179 1745 emendationis
1212 1708 1426 1744 iudicandae
1458 1716 1495 1745 et
1526 1721 1637 1745 novae

213 1777 420 1813 tentandae.
487 1776 535 1813 Ei
568 1777 623 1813 rei
654 1789 770 1825 quum
802 1790 924 1826 usque
954 1779 1004 1815 ad
1025 1785 1158 1814 nostra
1187 1791 1310 1827 prope
1341 1787 1516 1828 tempora
1547 1792 1636 1828 par-

214 1847 282 1883 tim
313 1847 511 1883 hominum
546 1847 695 1884 incuria
726 1848 950 1891 obstitisset,
995 1849 1138 1898 partim
1185 1861 1317 1885 eorum
1362 1849 1538 1898 pravitas
1570 1856 1636 1886 aut

214 1917 373 1962 invidia,
405 1917 469 1965 qui
500 1918 719 1954 huiusmodi
747 1919 949 1955 thesauros
972 1919 1186 1956 litterarum
1203 1919 1358 1955 utilitati
1379 1919 1509 1955 deberi
1523 1919 1638 1968 igno-

214 1988 356 2024 rabant
386 1987 509 2035 iisque
551 1989 874 2034 committendos,
921 1989 985 2038 qui
1028 1996 1131 2025 recte
1179 1990 1224 2025 iis
1263 1989 1316 2025 uti
1362 1996 1398 2025 et
1428 1990 1569 2026 vellent
1602 1997 1638 2026 et

213 2064 385 2106 possent,
417 2058 562 2106 primus
581 2059 639 2095 Io.
652 2060 829 2108 Theoph.
847 2059 1110 2108 Kreyssigius,
1140 2059 1281 2108 partim
1299 2072 1415 2107 quum
1433 2060 1636 2097 editionem

216 2127 317 2163 Livii
348 2127 593 2164 Ernestinam
624 2135 805 2176 quartum
829 2130 1072 2178 (Lips.1823
1095 2130 1260 2178 —1827)
1292 2131 1542 2178 repetendam
1574 2142 1639 2167 cu-

215 2202 332 2239 raret,
362 2196 503 2244 partim
535 2210 650 2245 quum
681 2199 868 2235 minorem
892 2199 993 2236 Livii
1011 2200 1214 2236 editionem
1254 2202 1297 2245 (a
1313 2201 1571 2237 Tauchnitzio
1603 2213 1639 2237 a.

222 2267 325 2302 1828
355 2266 599 2315 impressam)
632 2269 853 2314 adornaret,
884 2281 975 2305 usus
1009 2276 1066 2306 est
1096 2270 1297 2319 scripturis
1328 2271 1470 2307 codicis
1502 2284 1525 2307 a
1555 2271 1638 2307 Κο-

215 2336 357 2384 pitario
388 2336 493 2373 facta
521 2338 728 2375 collatione
758 2339 923 2375 enotatis
953 2340 1222 2388 permultaque
1254 2353 1386 2377 earum
1411 2354 1497 2389 ope,
1529 2340 1639 2377 adhi-

216 2406 298 2442 bita
332 2406 447 2443 etiam
478 2408 527 2444 ad
558 2408 700 2445 codicis
730 2409 894 2458 vestigia
923 2410 1058 2458 sagaci
1095 2411 1315 2447 coniectura
1346 2412 1499 2460 egregie
1528 2411 1640 2448 resti-

240 2561 274 2605 ι)
315 2565 481 2598 Extrema
516 2578 594 2608 pars
622 2568 698 2598 libri
723 2567 805 2599 XLI
831 2568 898 2599 iam
926 2575 1004 2600 ante
1030 2569 1261 2608 interciderat,
1289 2580 1391 2611 quam
1418 2571 1528 2602 codex
1553 2571 1639 2601 Vin-

313 2627 520 2660 dobonensis
546 2629 690 2669 scriptus
715 2635 783 2667 est,
829 2630 863 2660 in
898 2640 965 2671 quo
998 2631 1058 2661 illo
1095 2631 1171 2662 loco
1199 2641 1309 2671 neque
1350 2632 1434 2664 folia
1459 2633 1583 2664 desunt
1608 2637 1642 2663 et

313 2689 519 2731 subscriptio
546 2690 646 2721 solita
671 2690 818 2731 ponitur.
