1811 2925
784 162 860 198 283
1263 162 1338 193 Lib.
1355 162 1485 194 XXIV.

118 281 182 317 ubi
230 282 446 330 superiores
494 284 675 320 edebant:
735 284 790 320 ad
843 283 1168 320 Hannibalem
1215 284 1534 322 discessisset

118 352 462 401 traxissetque
494 354 550 390 ad
583 354 928 399 desectionem,
970 367 1092 402 nuper
1132 355 1315 403 scriptum
1361 363 1417 392 cst
1461 357 1532 392 de-

117 423 322 467 scisset,
353 424 588 460 traxisset
621 425 672 470 (P
697 425 935 461 discesset
969 425 1240 472 traxisset),
1275 427 1394 463 verbo
1416 434 1532 472 recto,

117 494 221 541 quod
252 494 328 530 iam
359 495 533 531 Muretus
575 502 611 531 et
649 494 873 532 Gronovius
906 495 1053 531 restitui
1085 495 1306 540 voluerant,
1347 497 1532 545 asyndeto

117 577 239 613 pravo
271 565 308 600 in
339 566 474 601 sedata
504 566 558 602 rei
586 566 807 614 primariam
830 565 1019 602 actionem
1051 566 1287 613 (transitum)
1321 575 1535 603 consecutae

118 634 292 683 pluribus
324 636 450 671 verbis
482 636 742 679 adiunctione;
789 636 1030 673 scribendum
1063 643 1156 681 erat,¹
1202 637 1407 686 geminatis
1438 638 1532 674 dua-

119 706 188 742 bus
220 706 373 744 litteris:
402 706 653 742 descisset
683 714 726 742 et
758 707 1005 744 traxisset.
1065 707 1142 744 sed
1163 708 1312 744 maiora
1334 715 1369 744 et
1398 708 1533 745 diffici-

121 776 218 812 liora
250 777 400 824 agenda
431 783 529 814 sunt.
595 777 697 813 Nam
729 778 893 826 primum
927 778 1087 813 aliorum
1120 785 1255 826 praeter
1288 778 1334 826 Q.
1369 779 1533 815 Fabium

118 847 334 883 Maximum
366 855 514 896 patrem
557 847 603 883 de
651 848 772 884 Dasio
812 848 959 885 Altinio
1002 848 1039 884 in
1071 848 1228 885 consilio
1263 850 1451 886 sententia
1480 850 1533 886 ita

122 918 158 953 in
191 918 321 954 codice
353 919 384 954 P
426 918 674 966 perscribitur
710 918 863 962 (ceteris
894 919 1027 961 bonis,
1065 926 1103 954 ut
1148 931 1318 967 semper,
1359 919 1534 967 proxime

123 988 439 1034 adl1ae1·entibus):
472 988 586 1024 aliis
617 1001 701 1036 pro
725 988 980 1037 transfuga
1002 990 1335 1025 uel-iterandus
1366 1002 1533 1026 necan-

122 1058 305 1106 dusque
338 1058 523 1094 uideris
565 1057 725 1107 (idest,
757 1059 943 1107 videri),
975 1059 1206 1108 ancipitis
1237 1060 1382 1096 animi
1413 1072 1533 1097 eom·

122 1128 276 1164 munis
307 1129 484 1165 hostis.
517 1129 595 1177 qui
617 1137 725 1177 post
747 1130 1045 1167 Cannensem
1070 1130 1533 1178 clade111‚ta11qttan1

121 1210 220 1234 eum
254 1198 452 1235 fortuna
484 1198 628 1236 fidem
660 1207 791 1237 stare
826 1207 1096 1249 oporteret,
1128 1201 1184 1237 ad
1207 1200 1530 1237 Hannibalem

121 1268 361 1305 disc-esset
410 1271 464 1317 (id
496 1278 570 1315 est,
602 1278 641 1307 ut
672 1271 764 1311 dixi,
805 1271 1049 1308 descisset
1095 1275 1159 1313 et)
1199 1272 1439 1308 traxisset
1480 1272 1533 1307 ad

121 1338 448 1377 defectionem
481 1344 663 1390 Arpos,
707 1349 798 1377 tum
832 1355 970 1390 quam
1002 1355 1076 1379 res
1111 1345 1328 1381 Romana
1366 1349 1536 1379 contra

120 1421 248 1458 spem
278 1416 491 1460 votaque
534 1412 637 1448 eius
681 1412 813 1448 velut
853 1422 1169 1462 resurgerent
1207 1413 1438 1462 turpibus
1471 1414 1534 1450 vi-

121 1479 296 1517 deatur
344 1495 516 1519 novam
557 1483 741 1519 referre
772 1483 1098 1532 proditionem
1142 1484 1367 1534 proditus
1411 1485 1533 1532 polli

121 1551 215 1587 VII
259 1552 626 1590 uiraliiudieioe
680 1561 775 1590 stet
829 1566 1016 1603 semper
1069 1555 1281 1592 aliumde
1328 1555 1530 1599 sentiat,

431 1637 454 1660 u
595 1637 648 1660 us

122 1677 308 1714 infidus
338 1680 486 1715 sociis
516 1692 639 1716 uana
683 1684 750 1729 (us
782 1694 805 1716 a
834 1694 934 1719 man.
976 1680 1012 1727 1)
1050 1681 1229 1717 hostiis
1263 1681 1320 1716 ad
1353 1681 1535 1717 Faleri-

489 1763 513 1786 u

120 1816 253 1840 orum
286 1806 508 1854 pliyrrtie
552 1806 856 1854 proditorem
902 1807 1102 1843 tertium
1146 1806 1417 1856 transfugis
1458 1808 1535 1843 do-

119 1887 216 1910 cum
229 1882 337 1911 entu
351 1889 385 1912 m
418 1888 536 1912 esse.
599 1877 659 1913 Ex
691 1877 748 1913 his
782 1876 1004 1914 Gronovius
1042 1876 1279 1924 (Observatt.
1311 1877 1375 1914 lib.
1410 1878 1468 1914 lv
1500 1891 1532 1915 c.

125 1946 163 1980 11
201 1958 238 1993 p.
277 1947 348 1983 169
385 1952 491 1995 sqq.)
525 1959 571 1982 ea
603 1946 738 1992 effecit,
771 1960 854 1995 quae
885 1948 1021 1984 deinde
1052 1948 1089 1983 in
1121 1948 1350 1984 editionibus
1382 1961 1531 1984 manse-

118 2023 216 2059 runt,
250 2017 469 2053 coniectura
496 2017 635 2065 partim
667 2018 797 2066 sagaci
828 2017 1016 2066 felicique,
1048 2019 1186 2067 partim
1210 2018 1351 2055 infelici
1372 2024 1441 2062 (—-
1465 2020 1534 2055 ad-

117 2086 282 2122 scribam
316 2093 463 2123 tantum
493 2087 745 2135 posteriorem
778 2088 850 2125 loci
881 2096 1043 2137 partem,
1083 2089 1263 2137 quoniam
1295 2089 1341 2125 de
1374 2102 1419 2125 ea
1450 2090 1533 2126 sola

119 2157 328 2206 ambigitur
346 2159 432 2205 —):
472 2187 509 2195 ..
537 2159 714 2205 Arp0s3
747 2171 982 2207 quumque
1015 2172 1090 2196 res
1114 2161 1326 2196 Romana
1361 2166 1532 2196 contra

116 2238 244 2275 spem
276 2233 487 2275 votaque
517 2228 618 2264 eius
653 2229 784 2265 velut
815 2238 1119 2280 resurgeret,
1151 2230 1340 2280 turpius
1371 2231 1530 2268 videa-

116 2303 193 2333 tur
223 2309 392 2333 novam
424 2297 608 2335 referre
639 2300 971 2348 proditionem
1018 2302 1230 2351 proditis
1274 2301 1404 2346 olim;
1453 2302 1533 2350 qui

116 2367 314 2404 aliunde
344 2375 438 2404 stet
469 2380 686 2418 semper,
719 2370 913 2407 aliunde
943 2372 1143 2417 sentiat,
1184 2372 1372 2409 infidus
1410 2374 1530 2410 soci-

114 2449 192 2479 us,
237 2450 388 2474 vanus
430 2439 606 2482 hostis;
653 2441 708 2476 ad
748 2441 1051 2479 Faleriorum
1101 2443 1339 2492 l'yrrhive
1369 2445 1531 2493 prodi-

116 2514 266 2545 torem
298 2510 494 2546 tertium
527 2510 803 2560 transfugis
845 2512 1175 2550 documentum
1215 2521 1353 2550 esset.
1427 2514 1529 2550 Feli·

120 2578 270 2616 cissime
302 2580 456 2617 inventa
491 2580 576 2616 illa:
607 2581 801 2618 aliunde
832 2590 923 2618 stet
960 2595 1170 2632 semper,
1206 2584 1400 2621 aliunde
1430 2596 1531 2620 sen-

115 2648 225 2694 tiat,
270 2662 354 2698 quae
393 2651 561 2700 corrupit
593 2651 940 2697 Weissenbomius,
980 2659 1021 2689 ut
1067 2667 1115 2690 ex
1145 2654 1209 2690 illo
1256 2655 1531 2692 aliiudicio-
