1811 2925
828 140 904 176 257
1311 138 1384 168 Lib.
1411 137 1544 170 XXIII.

159 273 282 303 esse:
320 261 387 298 sed
416 267 544 298 tamen
583 262 628 297 in
661 262 897 299 maximos
941 268 1102 298 motus
1146 272 1253 297 esse
1282 272 1360 297 non
1391 261 1578 306 dicemur3

159 344 248 368 nam
290 332 364 368 hoc
414 331 560 368 librarii
602 332 742 369 lineola
785 332 1001 369 adiectione
1047 332 1191 379 fingere
1238 344 1314 367 non
1360 337 1578 380 potuerunt.

160 402 274 449 (vid.
319 414 436 451 supra
469 415 505 451 p.
548 403 607 443 8).
681 404 847 451 Quando
890 404 948 440 hae
991 415 1103 452 nugae
1145 402 1280 438 saltem
1322 400 1578 437 Alschefskiis

158 472 447 520 relinquentur?
505 473 617 509 Alios
649 487 798 510 errores
824 474 1003 523 persequi
1033 486 1157 521 neque
1180 479 1297 508 vacat
1328 484 1452 520 neque
1482 483 1578 520 opus

160 549 229 588 est,
259 543 376 579 semel
407 543 669 580 admonitione
699 545 836 593 posita.
905 545 1053 581 Eadem
1088 542 1186 579 enim
1218 542 1413 590 pravitate
1449 550 1485 578 ct
1518 542 1577 578 in-

159 613 375 650 constantia
419 620 567 650 tenetur
618 615 705 662 (nisi
755 615 858 663 quod
904 613 1172 663 antiquissima
1217 612 1450 661 negligentia
1496 624 1578 648 esse

158 687 303 734 potest)
335 685 483 729 XXII,
516 686 590 730 25,
624 687 645 721 6
693 686 736 722 in
769 686 1039 723 custodiam
1070 684 1236 728 habet,
1277 683 1315 719 in
1347 683 1508 727 XXIV,
1547 686 1576 725 l,

164 755 210 792 13
242 755 287 791 in
318 761 615 804 potestatem
648 756 962 792 Locrensium
999 760 1145 799 esset,
1189 754 1256 790 sed
1288 754 1423 790 eodem
1454 753 1577 802 capite

159 828 177 869 ἓ
209 826 231 862 9
264 832 301 861 et
332 838 362 862 c.
393 828 466 870 21,
510 827 555 862 12
589 833 625 862 et
656 838 686 864 c.
721 827 784 871 22,
834 829 874 863 11
909 826 954 863 in
984 831 1250 875 potestate,
1282 830 1318 860 et
1349 824 1508 869 XXIV,
1542 826 1577 868 8,

166 898 177 931 1
216 896 409 944 spernitur
447 909 611 944 pacem
656 896 702 933 in
740 897 938 933 Italiam
1089 896 1398 938 haberemus,
1442 894 1576 930 eodem

159 978 242 1014 cap.
289 970 307 1011 ξ
358 968 403 1003 18
449 973 598 1003 tenetur
627 967 875 1003 stantibus
921 966 1060 1003 vobis
1103 966 1147 1002 in
1197 966 1358 1003 aciem.
1439 965 1578 1012 Neque

159 1037 283 1073 minus
321 1037 460 1073 vitiosa
505 1037 692 1074 detractio
730 1037 867 1073 litterae
914 1043 969 1074 est
1011 1037 1050 1073 in
1095 1037 1169 1073 hoe
1216 1036 1315 1072 libro
1357 1048 1389 1073 c.
1434 1036 1510 1077 48,
1554 1036 1574 1070 3

160 1107 428 1154 (Luceriam
459 1107 503 1143 in
534 1107 718 1156 Apulia
747 1109 969 1157 legiones
1001 1107 1194 1153 ducere)
1229 1113 1294 1143 aut
1326 1106 1576 1155 insuperiore

159 1177 334 1225 (XXII),
368 1181 430 1222 57,
463 1181 498 1221 6,
531 1179 594 1215 ubi
626 1187 728 1216 recte
745 1179 927 1216 Dukerus
958 1178 1074 1215 scribi
1102 1178 1245 1214 voluit:
1279 1177 1364 1214 sub
1396 1184 1575 1212 terram

156 1247 257 1283 vivi
288 1248 482 1285 demissi
512 1256 632 1286 sunt.
692 1251 839 1287 Eodem
872 1262 1002 1285 errore
1031 1249 1148 1298 paulo
1187 1249 1339 1298 longius
1370 1258 1576 1296 progresso

159 1318 203 1367 (u
224 1330 295 1366 pro
318 1331 400 1363 um,
422 1319 558 1356 deinde
580 1333 620 1365 o;
643 1320 711 1359 cfr.
734 1334 770 1370 p.
796 1322 817 1357 9
841 1321 918 1356 ima
940 1329 976 1356 et
998 1320 1046 1356 ad
1069 1321 1158 1366 XL,
1177 1322 1240 1365 34,
1259 1320 1298 1367 2)
1321 1317 1483 1361 XXIV,
1518 1317 1577 1360 ¹92

163 1390 177 1424 l
213 1388 394 1438 scriptun]
432 1397 487 1426 est
515 1390 553 1426 in
584 1391 618 1427 P
649 1391 692 1427 in
724 1403 839 1439 agro
870 1391 1081 1427 hostium
1119 1390 1392 1439 praedatum
1426 1387 1577 1429 misit,

163 1459 266 1506 quod
296 1460 359 1499 W.
393 1461 530 1506 tenuit3
572 1462 610 1498 in
651 1462 786 1498 ceteris
830 1461 1025 1497 codicibus
1065 1468 1101 1497 et
1141 1461 1227 1497 edd.
1262 1460 1419 1503 factum,
1468 1458 1578 1494 salva

160 1530 438 1576 grammatica,
481 1532 527 1568 in
566 1544 720 1581 agros,
794 1532 925 1569 Redeo
967 1531 1016 1567 ad
1053 1531 1227 1575 XXIII,
1261 1532 1296 1567 3.
1361 1529 1422 1566 Ibi
1460 1527 1576 1577 paulo

160 1607 247 1648 post
265 1602 299 1645 (ᾗ
317 1603 357 1643 6)
375 1602 573 1640 scribitur:
601 1602 760 1639 Citari
788 1602 1009 1651 singulos
1032 1606 1287 1637 senatores
1308 1600 1501 1644 iubebo,
1523 1599 1577 1634 de

162 1682 362 1718 quorum
395 1672 557 1720 capite
583 1685 668 1710 vos
701 1673 960 1710 consulam.
1025 1671 1206 1709 Relativa
1223 1671 1410 1707 sententia
1426 1670 1577 1706 adiecta

161 1748 227 1776 aut
249 1754 314 1777 eos
335 1749 544 1788 senatores,
575 1743 621 1779 de
653 1745 790 1792 quibus
813 1743 1055 1780 consulturus
1074 1741 1258 1778 Calavius
1286 1747 1355 1785 est,
1387 1753 1411 1776 a
1440 1739 1576 1776 ceteris

160 1819 316 1860 separat
346 1818 423 1858 aut,
454 1814 485 1850 si
514 1815 761 1851 consulam
789 1813 1022 1850 coniunctivi
1052 1812 1156 1848 modi
1177 1817 1347 1860 putatur,
1377 1811 1575 1848 consilium

158 1882 368 1931 significat;
406 1896 537 1920 verum
578 1897 702 1932 neque
747 1884 884 1920 divisio
915 1884 993 1920 ulla
1024 1890 1081 1919 est
1121 1889 1157 1919 et
1188 1883 1234 1918 de
1265 1882 1440 1918 omnibus
1471 1881 1576 1918 dcin-

158 1965 247 2002 ceps
278 1952 461 1990 Calavius
493 1954 734 1990 consulturus
766 1962 843 1994 est,
888 1967 1014 2002 neque
1047 1953 1195 1990 consilii
1224 1952 1452 2001 significatio
1485 1959 1577 2000 apta

158 2031 214 2060 est
245 2023 460 2072 (consilium
493 2025 593 2061 enim
622 2025 791 2073 positum
833 2031 915 2061 erat
945 2025 984 2060 in
1025 2024 1186 2068 iudicio)
1230 2030 1266 2059 et
1308 2022 1464 2058 omnino
1505 2035 1575 2058 ex-

158 2095 322 2133 cluditur
352 2095 482 2131 addito
514 2095 756 2144 singulos;
804 2095 976 2131 ordinem
1016 2094 1073 2131 rei
1103 2093 1262 2142 agendae
1293 2092 1477 2130 Calavius
1511 2105 1576 2128 ex-

156 2166 278 2215 ponit.
338 2166 392 2202 Ni
423 2164 550 2211 fallor,
584 2166 717 2202 Livius
748 2165 974 2214 scripserat:
1008 2164 1156 2202 citari
1183 2163 1405 2212 singulos
1436 2174 1576 2199 sena-

156 2242 290 2272 tores
320 2236 496 2272 iubebo
530 2236 682 2288 deque
715 2247 873 2275 corum
905 2235 1070 2284 capite
1099 2246 1184 2270 vos
1216 2233 1475 2271 consulam.

268 2305 365 2355 Cap.
399 2309 434 2350 4,
478 2308 500 2341 4
535 2305 598 2354 (de
628 2312 762 2342 senatu
800 2305 1045 2354 Campano):
1095 2305 1222 2341 Hinc
1264 2310 1463 2340 senatus
1502 2333 1538 2341 ..

156 2376 343 2425 plebem
375 2375 586 2419 adulari;
629 2376 871 2422 salutare,
910 2376 1118 2424 benigne
1148 2375 1384 2419 invitare,
1430 2386 1575 2423 appa-

155 2447 282 2483 ratis
327 2446 553 2494 accipere
595 2447 772 2494 epulis,
824 2459 904 2483 eas
946 2458 1122 2483 causas
1165 2445 1445 2493 suscipere,
1501 2475 1537 2483 ..

156 2517 419 2553 secundum
450 2529 549 2552 eam
580 2516 716 2553 litem
755 2517 943 2553 iudices
975 2516 1108 2562 dare,
1158 2528 1256 2564 quae
1297 2516 1450 2564 magis
1489 2527 1574 2564 po-

157 2587 346 2636 pularis
488 2593 633 2623 esset.
691 2587 789 2623 Iam
821 2600 935 2624 vero
976 2587 1101 2623 nihil
1137 2587 1182 2623 in
1213 2592 1386 2623 senatu
1418 2592 1574 2622 actum

158 2655 310 2692 aliter
340 2668 477 2704 quam
519 2656 559 2692 si
588 2656 748 2705 plebis
777 2657 843 2694 ibi
877 2664 1006 2694 esset
1035 2658 1305 2694 concilium.
1364 2658 1494 2694 Prave
1525 2658 1573 2693 ab

192 2735 334 2758 nADVIGn
354 2735 566 2758 Humanum.
1265 2729 1303 2757 17
