1811 2925
819 136 894 172 497
1367 134 1442 164 Lib.
1478 134 1568 166 XLI.

152 262 290 309 Itaque
331 261 406 297 hoc
444 259 529 294 loco
574 258 791 294 necessario
821 257 1062 295 scribendum
1098 266 1171 295 est:
1206 258 1569 307 postulandum-

153 344 260 380 que,
289 331 445 367 honos
474 328 677 365 meritus
709 334 758 365 ut
788 328 863 365 dis
894 328 1252 367 immortalibus
1291 329 1567 367 haberetur.

153 402 354 451 Scriptura.
383 400 570 438 mendosa
603 406 733 436 totane
759 400 797 436 in
828 399 958 436 codice
978 399 1094 437 fuerit
1114 413 1162 437 an
1194 400 1396 437 accesserit
1426 400 1569 448 aliquid

153 486 201 510 ex
231 472 357 509 minus
388 471 489 508 felici
521 470 679 521 Grynaei
709 477 861 516 conatu,
891 471 1044 516 nescio;
1092 472 1194 520 quod
1226 484 1274 508 ex
1303 471 1379 507 his:
1409 478 1569 520 postu-

150 544 447 592 landumque
477 543 628 578 honos
661 543 861 579 meritus
897 541 1041 578 factum
1074 542 1178 579 dico:
1219 541 1568 591 postulandos-

152 628 240 664 que
269 616 481 652 honores
509 613 734 659 meritos,
766 613 847 650 eius
879 613 1032 662 quidem
1063 613 1203 649 similia
1232 613 1423 662 permulta
1452 613 1568 650 libra-

151 686 230 723 rius
259 685 460 723 commisit.
526 685 602 723 Sed
633 684 872 721 desideratur
901 685 1021 733 ipsius
1055 684 1236 733 triumphi
1274 684 1384 733 petiti
1414 685 1568 731 mentio,

152 758 217 806 qui
247 770 278 794 c.
312 760 346 797 7,
378 760 390 793 1
428 764 535 794 actus
566 762 900 792 commemoratur.
972 756 1071 792 Eam
1106 763 1232 792 utrum
1264 755 1443 792 librarius
1475 757 1569 792 omi-

152 828 244 865 serit
291 841 339 864 an
386 828 518 864 Livius
559 829 596 864 h.
628 828 651 863 l.
703 840 750 863 ex
793 827 950 863 honoris
993 827 1149 863 deorum
1195 833 1231 863 et
1280 828 1568 876 supplicationis

152 898 344 935 mentione
382 899 541 947 intelligi
579 899 761 943 voluerit,
801 911 878 934 non
917 898 1080 942 definio,
1126 898 1193 934 sed
1222 898 1260 934 in
1290 899 1389 935 hanc
1420 906 1566 948 partem

152 970 291 1006 inclino
326 982 395 1006 nec
434 968 651 1018 suspicione
687 970 786 1005 ultra
826 969 1064 1018 progredior.
1132 971 1166 1015 (ξ
1198 970 1219 1005 9
1251 970 1387 1006 vellem
1420 971 1569 1006 obtem-

152 1048 328 1090 peratum
355 1053 378 1077 a
404 1039 682 1077 recentioribus
711 1039 884 1077 Dukero.
920 1040 985 1089 qui
1014 1047 1116 1077 recte
1150 1040 1345 1083 iudicavit,
1376 1042 1572 1090 publice

152 1111 394 1148 scribendum
427 1110 542 1159 esse.)

263 1181 359 1231 Cap.
407 1184 453 1228 9,
506 1184 547 1218 11
601 1181 683 1230 (ubi
728 1183 1058 1219 senatusconsulto
1102 1188 1255 1218 cautum
1300 1189 1480 1218 narratur
1523 1183 1569 1218 de

151 1253 396 1290 iureiurando
451 1254 488 1290 in
546 1252 846 1289 manumissione
892 1254 1098 1302 exigendo)
1144 1254 1330 1291 edebatur
1375 1267 1394 1290 e
1440 1254 1570 1290 codice

152 1323 239 1371 (qui
279 1323 340 1360 hic
383 1323 462 1360 iam
511 1324 677 1373 incipit):
718 1329 767 1359 ut
811 1324 1048 1365 dictator,
1101 1325 1288 1370 consul,
1333 1325 1568 1369 interreX,

151 1406 352 1439 censor,
381 1401 579 1443 praetor,
621 1395 700 1443 qui
730 1407 852 1431 nunc
888 1402 1037 1441 esset,
1080 1396 1207 1444 apud
1237 1409 1399 1433 eorum
1433 1409 1567 1444 quem

152 1473 236 1509 etc.,
267 1477 369 1502 nunc
390 1466 579 1508 scribitur,
609 1472 651 1502 ut
673 1465 854 1514 Sigonius
873 1467 987 1502 scribi
1017 1466 1146 1502 iussit:
1179 1467 1257 1515 qui
1287 1474 1399 1503 tunc
1430 1474 1567 1504 esset.

151 1535 227 1572 Sed
276 1536 330 1572 sic
380 1549 533 1584 quoque
574 1536 612 1572 in
654 1536 806 1573 obviam
861 1538 985 1573 eundo
1028 1537 1156 1574 fraudi
1204 1551 1273 1587 per
1317 1538 1445 1587 plures
1490 1538 1567 1574 iam

151 1618 272 1643 annos
302 1607 476 1655 gliscenti
516 1607 752 1656 ineptissime
793 1614 951 1644 cavetur
994 1609 1040 1645 de
1081 1609 1192 1645 unius
1234 1609 1321 1645 illus
1364 1609 1453 1645 anni
1483 1622 1568 1646 ma-

150 1677 373 1726 gistratibus
418 1684 469 1720 (et
513 1679 569 1714 ita
615 1685 791 1723 cavetur,
844 1686 885 1715 ut
921 1686 1208 1725 enumerentur,
1260 1680 1325 1728 qui
1363 1680 1428 1717 illo
1467 1693 1567 1717 anno

150 1760 226 1784 non
257 1748 423 1793 fuerunt,
455 1749 619 1786 dictator
641 1756 678 1786 et
704 1749 902 1798 interrex),
934 1749 972 1786 in
1002 1750 1170 1787 futurum
1201 1751 1294 1787 nihil
1323 1751 1567 1800 prospicitur.

152 1820 255 1856 Nam
288 1821 390 1868 quod
424 1820 765 1857 Drakenborchius
797 1820 877 1868 qui
906 1827 1017 1856 tunc
1048 1828 1177 1858 esset
1217 1822 1271 1858 sic
1302 1835 1324 1858 a
1355 1823 1467 1859 Livio
1498 1836 1568 1872 po·-

152 1890 264 1926 situm
304 1897 434 1939 putat,
483 1899 525 1928 ut
572 1891 610 1928 in
650 1891 735 1940 ipso
785 1892 1118 1929 senatusconsulto
1163 1893 1398 1942 intelligatur
1434 1893 1568 1930 fuisse:

153 1960 233 2008 qui
268 1974 390 1998 nunc
421 1968 492 1998 est
522 1961 701 2010 quique
728 1963 932 2011 posthac
966 1963 1072 2008 erit,
1120 1963 1158 1999 id
1200 1964 1287 2005 (etsi
1333 1964 1432 2000 idem
1472 1964 1568 2000 alios

151 2032 315 2069 sensisse
353 2032 549 2081 suspicor)
587 2038 667 2069 tam
712 2039 769 2069 est
813 2033 1021 2070 absurdum
1066 2041 1104 2070 et
1144 2034 1365 2079 ridiculum,
1405 2042 1447 2071 ut
1476 2035 1570 2071 nihil

150 2102 274 2151 magis
305 2115 388 2140 esse
417 2104 558 2153 possit3
596 2116 686 2140 nam
731 2110 842 2141 tunc
879 2105 917 2140 in
958 2105 1154 2141 narrando
1189 2105 1255 2141 uni
1289 2118 1411 2141 nunc
1442 2105 1479 2141 in
1509 2118 1569 2142 se—

151 2175 439 2211 natusconsulto
483 2175 701 2223 respondet.
779 2175 913 2212 Livius
961 2176 1001 2212 id
1044 2175 1170 2224 ipsum
1207 2176 1424 2226 scripserat,
1465 2177 1568 2226 quod

152 2242 493 2281 Drakenborehius
547 2245 669 2281 audiri
727 2245 864 2282 voluit:
919 2247 997 2294 qui
1038 2254 1148 2283 tunc
1193 2257 1323 2284 esset
1371 2246 1568 2298 [quique

150 2315 355 2361 posthac
410 2314 603 2351 futurus
666 2328 773 2353 esse
786 2315 839 2367 t];
901 2317 1061 2354 alterum
1122 2318 1305 2355 orationis
1353 2321 1566 2356 membrum

151 2384 200 2420 ob
230 2384 331 2421 idem
365 2386 525 2422 verbum
569 2386 629 2423 bis
665 2387 832 2436 positum
872 2388 1037 2433 excidit,
1078 2389 1217 2425 erroris
1258 2402 1396 2438 genere
1438 2391 1476 2427 in
1509 2391 1568 2427 his

149 2454 257 2492 libris
276 2455 551 2505 perfrequenti.
609 2457 671 2494 De
700 2458 846 2507 reliquo
874 2459 960 2496 loco
982 2466 1130 2496 tantum
1161 2460 1260 2505 dico,
1289 2459 1568 2502 iusiurandum,

151 2531 285 2562 contra
312 2539 357 2563 ae
379 2525 582 2564 Creverius
614 2540 776 2577 eumque
806 2530 926 2566 secuti
957 2529 1021 2566 alii
1041 2529 1321 2576 existimarunt,
1349 2532 1566 2568 necessario

152 2603 330 2633 exactum
363 2609 445 2633 esse
475 2610 498 2634 a
528 2600 821 2647 manumissore,
853 2613 928 2637 non
961 2601 1009 2637 ab
1041 2613 1100 2646 eo,
1131 2600 1195 2649 qui
1216 2603 1567 2642 manumitteretur:

155 2678 243 2702 nam
274 2673 310 2703 et
340 2667 387 2703 de
416 2669 706 2707 manumissoris
745 2671 873 2707 animo
915 2678 953 2707 et
983 2671 1141 2709 consilio
1176 2671 1260 2721 ipse
1296 2671 1422 2710 iurare
1453 2673 1567 2709 debe-

189 2745 330 2769 nADvffiu
342 2745 468 2770 Eurum.
481 2747 555 2772 an.
1257 2746 1298 2772 32
