1811 2925
320 151 393 182 Lib.
420 150 537 184 XXV.
943 151 1020 188 288

273 274 350 310 rari
394 280 430 309 et
467 274 568 310 intra
610 279 762 322 portam
805 272 923 309 fuisse
964 272 1150 322 intelligi?
1197 271 1276 309 Cur
1319 285 1450 309 eorum
1481 273 1636 319 mentio,
1668 286 1693 310 a

274 344 533 393 superioribus
564 344 746 387 seiuncta,
793 355 878 379 cum
911 356 1056 388 eorum,
1089 355 1172 391 quae
1202 349 1311 378 extra
1340 348 1490 390 portam
1524 342 1689 388 fuerunt,

274 414 638 452 commemoratione
672 413 942 462 coniungitur?
1003 414 1098 461 Quae
1139 413 1274 449 deinde
1304 413 1384 449 haec
1418 419 1475 449 est
1502 413 1689 462 pravitas,

273 485 316 521 in
368 484 560 532 templis
604 491 786 533 vagatum
852 484 977 532 ignem
1035 496 1175 521 sacra
1216 482 1525 532 profanaque
1568 484 1689 520 multa

275 554 562 603 absumpsisse?
596 556 729 592 Livius
752 556 976 604 scripserat:
1006 554 1121 592 Solo
1150 560 1341 602 aequata
1372 554 1529 590 omnia
1558 555 1691 590 inter

274 626 472 664 Salinas
514 637 566 662 ac
602 633 791 674 portam
833 625 1191 663 Carmentalem
1237 637 1335 660 cum
1376 625 1690 672 AEquiinaelio

274 696 571 745 Iugarioque
601 696 707 732 vico
740 700 784 736 et
815 696 1008 744 templis
1041 697 1270 733 Fortunae
1300 707 1353 731 ac
1386 695 1563 732 Matris
1592 696 1688 732 Ma-

272 774 396 804 tutae.
456 767 607 803 Extra
639 772 830 814 portam
868 767 965 802 late
994 772 1202 815 vagatus
1232 765 1362 813 ignis
1393 777 1534 802 sacra
1563 765 1690 814 prof.

274 852 325 878 m.
357 839 439 874 abs
496 837 609 884 (inter
647 849 693 872 ea
733 848 844 872 sacra
886 837 977 885 Spei
1008 837 1205 886 templum,
1245 837 1350 872 euius
1382 848 1521 872 nomen
1555 837 1690 873 Livius

273 910 308 945 h.
344 909 368 944 l.
401 906 559 957 omisit).
631 908 714 943 Iam
747 913 849 943 recte
879 914 1132 955 separantur,
1178 920 1261 956 quae
1300 914 1411 943 extra
1441 914 1594 955 portam
1629 907 1689 943 in-

275 986 410 1026 traque
443 990 526 1013 eam
559 977 710 1014 fuerunt
786 977 942 1014 Excidit
973 984 1018 1013 et,
1049 983 1136 1013 ante
1169 982 1204 1022 t7
1253 985 1333 1014 tum
1382 978 1427 1014 in
1461 975 1688 1024 additum.1)

275 1048 419 1086 Contra
451 1055 495 1083 et
526 1048 624 1083 inter
655 1048 850 1083 Matutae
882 1054 1020 1084 extra
1050 1048 1163 1084 facile
1192 1055 1337 1084 natum.

395 1117 490 1166 Cap.
520 1119 582 1162 49,
608 1121 649 1154 5:
682 1118 878 1167 Syphax
909 1131 1005 1154 cum
1038 1119 1205 1167 paucis
1228 1119 1473 1166 equitibus
1496 1120 1540 1155 in
1562 1120 1690 1156 Mau-

274 1189 432 1225 rusios
463 1201 517 1224 ex
548 1189 649 1225 acie
679 1189 918 1225 Numidas
950 1210 996 1215 ——
1030 1190 1234 1225 extremi
1267 1203 1417 1238 prope
1448 1189 1688 1226 Oceanum

275 1260 514 1296 adversus
546 1258 707 1295 Gades
740 1259 905 1295 colunt
938 1281 982 1285 —
1018 1259 1212 1309 refugit.
1280 1261 1371 1296 Non
1401 1260 1525 1308 potuit
1557 1260 1690 1297 Livius

275 1338 353 1366 tam
380 1342 563 1378 perverso
594 1330 799 1365 verborum
832 1330 964 1365 ordine
996 1330 1060 1375 uti,
1092 1337 1131 1366 ut
1163 1344 1301 1367 nomen
1334 1344 1382 1367 ex
1413 1331 1562 1366 duobus
1585 1343 1689 1367 eom-

274 1401 441 1450 positum
485 1399 778 1441 (Maurusios
824 1401 1076 1448 Numidas)
1124 1402 1321 1437 divelleret
1364 1401 1589 1449 interposito
1635 1414 1690 1437 ex

271 1472 389 1507 acie.
449 1472 608 1518 Itaque„
651 1470 682 1505 si
725 1470 858 1507 Livius
904 1472 1125 1508 Maurusios
1164 1472 1187 1507 h
1232 1472 1257 1509 l.
1288 1471 1466 1507 Numidis
1499 1484 1685 1508 annume-

270 1542 382 1587 ravin,
413 1554 490 1578 una
517 1541 645 1576 littera
675 1541 859 1576 mutanda
888 1541 1052 1585 videtum
1087 1548 1127 1577 ut
1157 1542 1365 1578 scribatur:
1411 1542 1456 1578 in
1500 1542 1688 1577 Mauru-

271 1614 369 1650 sios
400 1625 458 1648 ex
491 1612 596 1647 acie
629 1632 681 1639 —
711 1611 926 1648 Numidae
962 1613 1165 1648 extremi
1202 1625 1354 1661 prope
1385 1612 1461 1649 Oc.
1500 1612 1603 1648 adv.
1634 1611 1686 1649 G.

272 1683 439 1720 colunt
467 1704 522 1709 ——-
551 1681 746 1731 refugit.

824 1810 927 1857 Lib.
972 1810 1136 1858 XXV.

393 1926 487 1975 Cap.
527 1926 556 1971 l,
594 1930 623 1963 1.
683 1927 729 1962 In
759 1926 844 1974 ipso
876 1926 962 1962 libri
992 1926 1100 1962 initio
1131 1926 1270 1962 insidet·
1288 1926 1466 1962 mendum
1498 1932 1535 1962 et
1564 1926 1689 1962 mani·

273 1997 411 2034 festum
444 2005 480 2033 et
509 2010 619 2041 nunc,
654 1996 799 2045 optimo
830 1997 927 2033 libro
959 1997 1062 2032 viam
1094 2002 1352 2042 monstrante7
1396 1997 1599 2033 emendatu
1630 1996 1689 2032 fa-

273 2067 354 2104 cile.
420 2068 619 2104 Edebatur
650 2067 768 2103 enim:
799 2067 917 2103 Dum
950 2068 1047 2103 haec
1078 2067 1127 2103 in
1158 2066 1332 2103 Africa
1368 2095 1405 2106 ..
1442 2073 1687 2115 geruntur,

273 2138 521 2174 Hannibal
557 2138 602 2174 in
646 2150 761 2186 agro
808 2137 1075 2174 Tarentino
1113 2142 1331 2172 aestatem
1367 2136 1691 2184 consumpsit,

274 2220 357 2257 spe
386 2222 469 2257 per
498 2208 831 2257 proditionem
853 2207 989 2243 urbis
1012 2208 1394 2243 Tarentinorum
1429 2205 1687 2254 potiundae.

274 2278 498 2325 Ipsorum
560 2278 755 2314 interim
817 2277 1185 2315 Salentinorum
1246 2276 1491 2325 ignobiles
1542 2276 1690 2311 urbes

275 2347 330 2382 ad
363 2359 464 2383 eum
494 2347 791 2384 defecerunt.
853 2348 980 2396 Quum
1016 2354 1231 2397 appareret,
1275 2359 1395 2395 prave
1443 2347 1580 2395 ipsos
1611 2345 1690 2383 Sa-

682 2527 691 2546 1
750 2528 758 2547 1

300 2558 330 2600 ¹)
369 2560 406 2592 C.
435 2565 488 2598 48,
518 2564 533 2592 7
574 2563 614 2592 in
655 2573 841 2594 uascaac
882 2563 1116 2594 temeraria
1158 2567 1269 2602 potest
1311 2561 1434 2591 latere:
1478 2559 1602 2590 fluxa
1643 2568 1689 2588 ae

369 2623 610 2653 temeraria.
679 2623 903 2655 Promisca
941 2625 986 2654 rei
1020 2630 1051 2655 ct
1087 2624 1182 2654 alteri
1221 2622 1384 2652 adiectivo
1416 2630 1535 2661 parum
1572 2623 1688 2659 aptum

370 2684 510 2714 videtur.
