1811 2925
840 146 918 180 475
1417 143 1488 174 Lib.
1517 144 1594 177 xL.

282 264 379 314 Cap.
412 266 484 309 42,
522 267 560 301 1:
595 265 775 301 Eodem
808 277 932 301 anno
966 265 1009 300 L.
1043 263 1318 310 Duronius,
1364 267 1442 314 qui
1473 279 1595 316 prae-

171 344 247 372 tor
278 348 402 372 anno
433 335 688 383 superiore
732 348 789 371 ex
818 335 1029 384 Illyrico
1061 345 1161 369 cum
1199 334 1358 371 decem
1390 337 1592 373 navibus

172 406 495 443 Brundusium
534 405 777 449 redierat,
809 405 942 448 inde,
983 405 1029 440 in
1060 411 1203 452 portu
1233 405 1422 442 relictis
1453 408 1595 443 navi-

171 478 275 521 bus„
321 489 469 525 quum
513 476 733 512 venisset
764 477 986 519 Romam,
1137 475 1261 510 haud
1292 475 1434 513 dubie
1465 478 1510 514 in
1547 508 1584 516 ..

171 548 401 585 Gentium
433 546 688 583 latrocinii
719 546 875 582 omnis
907 544 1139 581 maritimi
1171 557 1367 582 causam
1400 548 1589 584 avertit.

170 618 270 654 Mire
301 617 500 654 Duronius
537 624 720 665 praetor
764 616 1021 664 superiore
1058 627 1180 651 anno
1224 617 1412 653 redisse
1443 618 1595 663 dicitur,

171 689 282 736 quasi
313 688 457 724 reditus
488 694 662 736 praeturae
692 700 842 723 summa
872 686 1005 733 fuerim
1031 699 1120 722 narn
1151 688 1348 736 superiore
1363 702 1463 725 anno
1482 691 1592 738 Apu·

170 758 229 795 liae
260 758 490 807 praepositus
531 758 645 794 etiam
687 757 890 794 latrocinia
933 757 1120 806 inspicere
1163 765 1199 794 et
1233 759 1438 807 prohibere
1467 759 1593 795 iussus

172 835 253 864 erat
289 828 337 876 (c.
361 830 420 873 18,
439 829 501 875 4);
533 829 619 865 inde
649 829 730 865 sine
760 828 876 864 dubio
908 828 980 864 hoc
1011 842 1112 865 anno
1145 833 1234 869 (non
1253 829 1467 877 superiore)
1499 830 1586 866 red-

172 900 236 944 iit,
268 906 405 935 exacto
442 900 680 947 magistratu.
739 899 878 946 Neque
911 898 1152 947 intelligitur,
1192 912 1270 942 cur,
1305 900 1336 935 si
1366 900 1443 936 iam
1472 912 1589 949 supe·

171 970 272 1006 riore
303 983 404 1006 anno
435 970 693 1006 Brundusium
725 969 912 1012 redierat,
943 970 1016 1005 hoc
1047 969 1199 1005 demum
1231 970 1397 1006 Romam
1437 978 1592 1006 conten-

171 1040 281 1078 derit.
341 1040 485 1088 Arguit
515 1040 692 1076 mendum
723 1047 862 1088 praeter
891 1039 1117 1075 sententiam
1147 1040 1261 1075 etiam
1280 1040 1415 1083 codex,
1445 1041 1482 1076 in
1516 1053 1591 1088 quo

173 1110 358 1147 Gelenius
389 1111 506 1146 tradit
536 1124 611 1147 non
642 1111 873 1155 redierat,
904 1110 970 1146 sed
1001 1110 1214 1146 redisset
1246 1111 1428 1160 scriptum
1460 1111 1591 1152 fuisse,

172 1180 287 1228 idque
316 1180 655 1217 W'eissenbornius
685 1181 839 1229 recepit,
871 1181 1101 1217 coniunctivi
1131 1181 1318 1217 rationem
1341 1182 1485 1218 nullam
1506 1181 1594 1218 red·

172 1252 287 1295 didit3
318 1265 408 1288 nam
445 1251 609 1288 causalis
641 1251 868 1300 significatio
899 1251 1137 1299 ineptissima
1180 1260 1247 1287 est.
1320 1252 1476 1288 Excidit
1519 1252 1593 1288 ali-

174 1321 278 1370 quid,
308 1321 474 1358 fortasse
505 1335 580 1358 non
612 1321 697 1370 plus
730 1334 846 1357 unum
880 1322 1058 1358 verbum:
1088 1323 1269 1358 Eodem
1301 1336 1424 1358 anno
1439 1324 1482 1359 L.
1501 1323 1591 1359 Du—

172 1392 352 1437 ronius,
381 1393 465 1440 qui
497 1400 673 1441 praetor
704 1405 825 1428 anno
856 1393 1114 1441 superiore
1147 1392 1357 1443 [fuerat]
1391 1407 1445 1430 ex
1469 1394 1590 1443 Illy-

171 1464 274 1500 rico
307 1475 405 1500 cum
453 1464 493 1499 X
537 1462 742 1498 navibus
780 1462 1109 1499 Brundusium
1154 1464 1326 1509 rediit;
1367 1465 1495 1507 inde,
1544 1464 1590 1500 in

171 1540 316 1582 portu
350 1534 542 1570 relictis
583 1534 806 1577 navibus,
850 1545 987 1580 quum
1018 1534 1239 1570 venisset-
1281 1536 1474 1572 Romam
1519 1542 1590 1573 cet.

174 1603 404 1640 Redisset
443 1605 626 1653 scriptum
657 1604 807 1640 videtur
838 1603 937 1639 male
967 1604 1157 1640 intellecto
1189 1618 1287 1641 cum
1306 1633 1315 1649 ,
1361 1606 1464 1654 quod
1503 1614 1592 1642 ante

169 1674 211 1710 X
241 1674 391 1723 legitur.

282 1744 380 1793 Cap.
417 1747 482 1789 43,
515 1748 555 1781 6:
595 1745 730 1781 Tulit
773 1745 819 1781 in
850 1745 1097 1793 triumpho
1128 1743 1196 1794 (Q.
1231 1746 1392 1782 Fulvius
1425 1746 1591 1783 Flaccus

170 1829 219 1852 ex
250 1815 457 1864 Hispania)
510 1827 718 1851 coronas
769 1827 946 1852 aureas
988 1822 1181 1852 centum
1228 1817 1409 1865 viginti
1456 1824 1590 1865 quat-

169 1893 282 1931 tuor,
313 1892 549 1934 praeterea
579 1886 684 1922 auri
717 1887 874 1934 pondo
905 1886 1113 1934 triginta
1144 1899 1303 1928 unum⁴¹
1326 1894 1369 1923 et
1401 1887 1592 1936 signati

169 1955 406 1993 Oscensis
450 1969 682 1992 nummum
731 1963 915 1993 centum
958 1957 1283 2005 septuaginta
1325 1958 1421 1993 tria
1453 1958 1590 1994 milia

168 2026 415 2062 ducentos.
475 2027 602 2062 Nimis
647 2027 782 2063 leviter
812 2027 1155 2063 Drakenborchius
1194 2030 1373 2065 tractavit
1403 2028 1592 2066 Glareani

168 2096 427 2132 dubitationes
459 2110 507 2134 ex
545 2098 762 2134 iustissimis
787 2097 912 2133 causis
938 2106 1062 2141 ortaS,
1093 2110 1189 2145 quas
1214 2099 1328 2135 ceteri
1356 2099 1461 2135 taciti
1492 2112 1589 2147 prae-

169 2167 361 2204 terierant.
411 2168 513 2204 Nam
532 2168 703 2205 Oscense
740 2176 940 2216 argentum
967 2169 1261 2204 commemorari
1278 2169 1380 2217 apud
1398 2169 1588 2217 antiquos,

167 2251 243 2274 non
266 2250 414 2282 aurum,
445 2239 622 2275 convenit
655 2239 876 2283 (XXXIV7
899 2240 943 2274 10
960 2246 996 2274 et
1015 2240 1101 2284 46),
1125 2251 1194 2275 nee
1209 2251 1378 2287 unquam
1391 2239 1457 2275 illa
1477 2246 1594 2276 aetate

168 2320 345 2344 nummos
378 2320 535 2352 aureos,
566 2309 631 2356 qui
663 2310 798 2346 Romae
839 2321 992 2357 quoque
1023 2309 1099 2345 rari
1131 2315 1211 2346 tum
1245 2310 1507 2355 cudebantur,
1541 2323 1588 2346 ex

167 2378 360 2427 Hispania
397 2378 535 2415 allatos
581 2379 730 2416 narrari
759 2380 797 2416 in
832 2381 1112 2428 triumphorum
1145 2380 1484 2430 descriptionibus;
1515 2381 1589 2416 ita-

169 2462 242 2497 que
273 2449 389 2485 etiam
419 2449 480 2486 hic
511 2450 703 2498 argenti
734 2450 858 2486 audiri
888 2449 1231 2487 Drakenborchius
1266 2451 1360 2487 vult.
1429 2449 1506 2487 Sed
1524 2450 1588 2498 qui

168 2520 206 2556 id
238 2519 363 2555 audiri
392 2519 545 2568 potest?
588 2527 654 2556 aut
697 2520 782 2568 quis
823 2532 992 2568 unquam
1023 2521 1237 2558 Oscense
1275 2521 1449 2558 absolute
1480 2521 1590 2566 dixit,

168 2590 379 2639 praesertim
410 2591 647 2639 praecedente
681 2591 765 2627 auri
796 2590 975 2627 nomine?
1012 2591 1164 2628 Deinde
1194 2592 1433 2628 desideratur
1465 2591 1587 2627 omni-

167 2673 218 2697 no
250 2660 399 2710 argenti
430 2673 507 2698 non
537 2661 677 2710 signati
706 2661 862 2707 mentio,
895 2661 998 2709 quod
1027 2674 1111 2698 eum
1133 2674 1228 2699 auro
1245 2668 1588 2699 commemoratum
