1811 2925
826 113 904 149 423
1313 110 1387 141 Lib.
1405 110 1573 141 XXXVI.

156 235 373 272 Bekkeruln
420 235 621 279 movisset,
656 235 801 271 nescire
831 235 1051 272 faterentur.
1147 234 1195 270 Et
1228 240 1354 270 tamen
1388 247 1448 269 res
1495 246 1576 269 ma-

157 306 297 342 nifesta
328 311 383 341 est
415 312 667 353 movet-atque
698 318 757 341 nie
790 306 959 341 nondum
984 304 1137 353 cognita
1162 303 1326 340 Bekkeri
1344 304 1589 352 suspicione.¹

160 377 330 413 Primum
380 377 477 412 enim
516 376 717 424 perspicue
750 376 917 419 tollitur,
960 375 1032 411 illis
1064 374 1245 418 adiectis,
1276 375 1574 423 comparat-ionis

156 447 376 495 aequalitas,
418 459 502 494 quae
543 447 669 494 posita
702 454 756 483 est
795 446 831 482 in
863 446 1010 482 duabus
1041 445 1177 487 rebus,
1208 444 1430 480 AEtolorum
1459 457 1573 493 opum

155 517 413 554 deminutione
445 523 479 553 et
511 517 679 565 Philippi
710 516 964 556 incrementis,
1030 515 1182 551 Deinde
1219 515 1298 550 haec
1340 527 1441 551 nova
1472 527 1574 551 eom-

154 588 305 636 paratio
335 589 578 636 praemiorum
611 587 727 624 Acilii
758 586 995 634 militumque
1026 587 1290 622 Romanorum
1337 592 1374 620 et
1421 598 1469 621 ex
1520 585 1575 621 al-

155 665 236 695 tera
267 666 377 707 parte
408 658 577 707 Philippi
608 658 710 694 nullo
743 657 857 693 modo
888 657 940 693 ita
969 669 1052 693 euin
1070 656 1294 693 AEtolornin
1317 656 1575 692 deminutione

156 729 335 777 componi
367 735 511 777 potest.
543 735 583 764 ut
616 741 691 764 non
722 734 869 764 tantum
904 728 1085 763 interesse
1116 728 1382 763 Romanorum
1414 727 1574 772 dicatur,

154 799 375 835 ilitolorum
390 800 490 835 vires
504 799 633 843 minui,
648 804 832 846 quantum
845 811 919 834 non
934 798 1061 845 inique
1078 796 1253 833 distribui
1270 796 1367 833 inter
1376 798 1573 834 Romanos

152 870 451 918 Philippumque
481 869 649 905 vietoriae
680 869 858 916 p1·ae1nia;
889 869 968 904 haec·
1000 868 1099 904 enim
1115 867 1332 904 distributio
1363 868 1455 904 nihil
1486 881 1570 905 eum

151 940 215 976 illa
249 940 507 976 deminutione
541 939 729 975 coniuncti
762 939 887 975 habet.
962 939 1166 974 Postremo
1208 951 1254 974 ne
1296 939 1344 974 ad
1375 951 1573 987 gramma—

152 1011 265 1047 ticam
301 1011 452 1059 quidem
492 1009 616 1046 oratio
647 1015 747 1045 reete
784 1009 979 1058 procedit,
1020 1008 1250 1056 pravissime
1281 1021 1329 1044 ex
1368 1009 1444 1045 his:
1480 1022 1572 1045 non

151 1093 297 1129 supra
333 1081 514 1117 modum
546 1079 825 1128 Philippum
860 1091 1080 1115 erescere
1120 1079 1325 1127 negatione
1355 1086 1571 1128 propagata

150 1152 198 1186 ad
228 1151 388 1187 alterum
422 1151 656 1198 membrum;
687 1151 741 1187 sie
771 1150 869 1186 enim
886 1149 1044 1197 intelligi
1067 1155 1237 1197 oportet:
1269 1157 1313 1185 et
1343 1157 1524 1198 quantu
1536 1164 1570 1186 m

149 1221 368 1265 interest,
400 1234 489 1257 non
521 1221 744 1257 vietoriae
774 1220 1016 1269 praemium
1049 1226 1092 1256 te
1124 1226 1193 1258 cet.
1228 1219 1431 1269 (quantum
1456 1222 1572 1258 inter-

149 1297 227 1335 est,
259 1304 334 1327 non
366 1292 420 1328 ita
450 1292 578 1340 inique
621 1291 737 1327 dividi
770 1291 965 1339 praemia‘·;
1000 1291 1163 1327 debebat
1196 1291 1330 1327 saltem
1363 1292 1457 1328 diei:
1488 1305 1571 1328 nec

148 1361 371 1398 vietoriae
406 1368 493 1398 tute
523 1368 592 1399 ete.
667 1362 722 1399 Ut
752 1374 851 1397 nune
882 1362 1084 1403 scribitur,
1123 1362 1261 1398 dieitur
1305 1363 1569 1399 Romanorum

148 1432 342 1477 intel-essm
373 1433 425 1468 sie
470 1432 588 1468 dividi
631 1432 801 1481 praemia.
871 1434 1010 1481 Itaque
1042 1438 1185 1468 certum
1219 1438 1275 1468 est
1306 1433 1405 1469 hane
1436 1434 1482 1468 (le
1513 1446 1571 1477 eo,

147 1502 248 1549 qnod
294 1503 557 1539 Romanorum
596 1503 763 1546 intersit,
809 1503 1037 1539 sententiam
1084 1503 1142 1538 his
1191 1503 1318 1538 verbis
1357 1504 1571 1540 terminari:

147 1573 360 1620 Atquin.
391 1581 417 1611 t.
450 1573 473 1611 i.
505 1586 559 1617 n.²
592 1573 866 1609 AEtolorum
899 1586 1013 1622 opes
1058 1603 1094 1610 ..
1134 1573 1302 1618 minui,
1342 1583 1569 1621 quantuni

147 1654 237 1678 non
269 1654 415 1691 supra
448 1643 630 1679 niodum
655 1644 733 1679 I'h.
767 1655 998 1679 creseere.
1065 1643 1211 1680 Verum
1243 1644 1327 1689 illa,
1360 1657 1443 1692 quae
1474 1657 1569 1693 prae-

147 1720 251 1748 terea
282 1713 487 1757 adhaerent,
519 1713 622 1748 nullo
648 1714 762 1749 modo
795 1714 843 1749 ab
874 1714 1139 1762 interpretanti
1171 1715 1303 1751 addita
1332 1716 1460 1764 putari
1481 1728 1569 1764 pos-

146 1788 245 1827 suntt
276 1783 455 1830 quoniam
488 1796 557 1820 nee
589 1784 776 1820 eiusmodi
806 1785 949 1820 habent
980 1784 1165 1821 orationis
1196 1784 1375 1827 formam,
1406 1786 1471 1822 sed
1502 1800 1571 1835 per

144 1863 185 1888 se
218 1859 361 1889 rectam
395 1861 430 1890 et
462 1854 686 1899 Livimmm,
733 1866 802 1891 nee
840 1855 1044 1902 quiequam
1081 1861 1160 1900 est,
1204 1856 1307 1903 quod
1339 1857 1412 1893 illis
1443 1858 1568 1894 verbis

145 1935 325 1959 enarrare
372 1925 551 1973 cuiquam
593 1926 630 1961 in
675 1931 838 1961 mentem
878 1925 1006 1960 venire
1050 1926 1236 1973 potuerit3
1276 1940 1435 1975 prorsus
1466 1942 1567 1965 nova

143 2005 203 2029 res
233 1993 270 2029 in
302 1994 347 2030 iis
379 2002 713 2033 commemoratur.
775 1995 876 2042 Quid
907 1995 1023 2043 igitur
1057 1997 1323 2033 censebimus?
1368 1999 1567 2035 Aeeidisse

142 2064 215 2100 hoe
245 2064 330 2100 loco
360 2067 581 2113 putabimus
613 2067 650 2103 in
683 2067 814 2103 codiee
845 2072 1064 2102 nostrorum
1097 2067 1289 2117 principe,
1330 2069 1431 2116 quod
1464 2076 1500 2104 et
1529 2069 1567 2105 in

140 2133 273 2181 primae
317 2142 353 2171 et
400 2136 437 2171 in
476 2137 596 2173 tertiae
640 2137 793 2173 decadis
839 2136 1033 2173 codic-ibus
1079 2144 1299 2174 nostrorum
1349 2140 1566 2189 archetypis

142 2203 343 2251 aliquoties
373 2207 557 2243 accidisse
601 2207 863 2243 demonstravi
909 2206 972 2254 (ad
1010 2207 1127 2252 VIII,
1189 2211 1259 2254 10,
1301 2211 1344 2246 12
1378 2217 1413 2245 et
1455 2212 1496 2246 13
1529 2223 1566 2259 p.

147 2276 234 2319 164,
264 2275 312 2311 ad
344 2276 485 2319 XXII,
524 2279 582 2321 10,
619 2278 639 2312 3
672 2291 709 2326 p.
748 2279 839 2322 236,
871 2277 920 2313 ad
952 2277 1094 2322 XXX,
1132 2281 1166 2324 5,
1195 2282 1215 2315 4
1248 2293 1284 2329 p.
1318 2281 1421 2327 320)
1464 2287 1498 2317 et
1527 2281 1565 2317 in

141 2344 212 2380 hac
253 2344 398 2381 decade
427 2347 564 2382 iterum
596 2348 780 2383 accidisse
811 2348 1084 2385 demonstrabo
1115 2349 1154 2385 in
1185 2350 1275 2396 XL,
1314 2353 1374 2396 13,
1413 2354 1422 2387 1
1462 2359 1497 2388 et
1530 2353 1565 2395 2,

139 2420 179 2449 ut
209 2426 325 2451 voces
358 2415 516 2464 aliquot,
546 2417 711 2465 primum
743 2431 871 2455 errore
902 2419 1079 2461 omissae,
1111 2420 1259 2466 deinde⁷
1290 2434 1406 2469 quum
1438 2431 1564 2459 essent

139 2484 176 2519 in
210 2486 383 2534 margine
401 2487 605 2532 adnotatae,
637 2488 762 2524 alieno
795 2488 880 2525 loeo
916 2490 1081 2526 orationi
1111 2490 1381 2529 insererentur.
1424 2493 1563 2530 Omnia

139 2555 236 2592 enim
269 2556 478 2593 rectissime
509 2558 729 2604 habebunt,
772 2559 827 2601 si..
881 2560 938 2595 his
977 2560 1106 2597 verbis
1151 2562 1232 2598 sine
1264 2563 1376 2600 ullius
1407 2565 1564 2614 syllabae

140 2632 204 2661 aut
235 2625 370 2662 litterae
402 2628 614 2664 mut-atione
645 2629 766 2676 (quod
796 2629 921 2678 ipsum
954 2631 1127 2668 veritatis
1159 2633 1339 2670 indicium
1373 2636 1444 2682 est)
1477 2642 1563 2671 ante
