1811 2925
840 101 888 137 17

141 238 222 263 non
251 225 346 262 satis
375 223 610 273 respondere
638 222 744 272 prius
776 223 1006 274 (vastare)
1038 228 1216 272 putaret,
1262 222 1366 271 quod
1407 234 1485 259 non
1515 222 1573 258 in-

139 297 344 346 telligeret,
373 294 468 331 nihil
495 294 594 331 inter
620 294 835 344 ingressum
867 295 951 344 agri
979 294 1129 332 hostilis
1160 300 1197 331 et
1225 293 1485 331 vastationem
1515 293 1573 329 in-

142 375 307 412 teresse,
353 372 420 403 aut
454 365 519 414 qui
560 366 635 403 hoc
673 366 800 415 ipsum
840 366 1097 403 animadverti
1138 366 1274 412 vellet,
1319 365 1357 401 in
1390 365 1572 402 vastandi

140 441 265 476 verbo
299 437 484 475 contineri
523 437 635 474 simul
679 438 901 475 intrandi
945 438 1142 475 notionem
1186 436 1423 474 contrariam
1461 437 1572 474 alteri

143 509 449 560 egrediendi,
495 522 617 558 eaque
656 509 737 547 sive
775 510 962 546 correctio
1007 509 1089 546 sive
1128 509 1330 546 adnotatio
1362 521 1486 562 ‘quum
1517 509 1571 546 sic

767 581 956 617 intrare

138 645 246 676 esset
278 637 509 687 perscripta:
554 636 635 673 ubi
677 642 720 674 et
760 644 979 684 vastare,
1019 636 1109 673 inde
1145 636 1184 673 in
1216 637 1341 683 Med.7
1384 637 1495 673 Leid.
1536 640 1568 684 1,

144 711 229 747 aliis
261 718 388 747 ortum
419 714 495 745 est:
534 708 614 745 ubi
656 714 699 744 et
738 708 925 745 intrare
964 715 1184 755 vastare,
1232 709 1370 745 deinde
1400 709 1438 745 in
1469 709 1567 756 aliis⁷

142 781 382 830 transposita
411 779 566 828 copula:
597 779 675 816 ubi
709 779 899 817 intrare
936 787 980 817 et
1023 787 1236 817 vastare.
1298 780 1391 829 (Qui
1422 780 1569 818 factum

144 854 205 899 sit,
236 859 279 889 ut
305 853 397 889 Par.
429 857 465 887 et
495 850 558 887 alii
588 851 704 900 pauci
732 852 806 887 1100
835 851 921 887 1000
952 851 1090 898 integri
1121 851 1208 897 sint,
1239 852 1433 900 aperietur
1451 853 1569 901 paulo

142 921 266 973 post.)
334 923 434 959 Item
464 922 847 971 interpretamentum
878 927 982 967 erat,
1017 935 1096 958 non
1125 922 1325 959 varietatis
1356 923 1570 970 adnotatio,

143 995 249 1043 quod
280 994 378 1030 libro
420 994 485 1039 ΙΙ,
526 995 596 1038 56,
637 994 658 1029 2
697 993 752 1030 510
783 993 907 1030 codex
937 993 1169 1042 archetypus
1200 993 1384 1042 scriptum
1414 995 1567 1032 habuit:

1105 1065 1569 1103 administraturum

142 1135 245 1158 eum
274 1121 509 1158 vexandis
539 1120 721 1170 prioris
753 1120 865 1157 anni
896 1121 1184 1158 consulibus
1218 1122 1571 1170 permissurum

140 1193 446 1230 tribunatum
478 1193 758 1238 credebant,
805 1205 853 1229 ex
891 1205 967 1240 quo
1004 1193 1042 1228 in
1072 1193 1177 1232 Med.
1210 1199 1247 1230 et
1277 1193 1362 1233 cod.
1393 1194 1572 1231 Rhenani

139 1264 285 1302 factum
319 1271 394 1301 est:
441 1264 796 1314 permissurum
843 1263 1304 1301 administraturum
1347 1265 1570 1302 tribuna—

138 1342 237 1372 tum
273 1335 426 1384 (deinde
455 1337 493 1372 in
522 1335 815 1381 recentissimis,
861 1335 965 1384 quod
1003 1334 1095 1372 ferri
1128 1336 1272 1385 duplex
1300 1338 1462 1374 verbum
1492 1350 1570 1375 non

139 1413 316 1457 poterat:
357 1406 817 1456 pertinacissimum
849 1406 1313 1444 administraturum
1345 1408 1569 1446 tribuna-

141 1484 240 1515 tum
282 1484 348 1515 aut
381 1477 838 1527 pertinacissimum
870 1478 1194 1514 admissurum
1224 1479 1570 1529 tribunatum),

136 1549 180 1585 in
209 1550 303 1586 Par.
340 1550 395 1594 (et
425 1550 542 1585 Voss.
578 1552 614 1593 l)
648 1548 724 1584 alio
756 1549 907 1585 ordine:
950 1549 1418 1587 administraturum
1463 1566 1569 1601 per-

139 1621 403 1657 missurum
434 1620 874 1667 tribunatum(unde
905 1620 943 1656 in
972 1633 1049 1656 uno
1080 1620 1224 1656 recenti
1245 1627 1390 1657 ortum:
1423 1623 1570 1660 admi-

138 1691 458 1727 nistraturum
491 1689 776 1739 permissum
808 1692 1126 1729 tribunatum.
1200 1691 1365 1737 Leid.1‚
1395 1692 1508 1729 Harl.
1549 1697 1562 1730 1

139 1763 329 1811 multique
351 1762 559 1798 deteriores
590 1762 662 1797 1100
692 1761 1075 1811 interpretamentum
1107 1776 1183 1799 non
1214 1763 1388 1811 habent).
1448 1765 1570 1802 Pror-

140 1846 206 1870 sus
237 1840 366 1871 autem
396 1833 565 1870 eiusdem
596 1839 660 1882 est·
683 1833 847 1881 generis7
879 1834 983 1882 quod
1013 1834 1051 1870 in
1078 1835 1176 1871 libro
1207 1835 1262 1881 X,
1291 1837 1326 1881 6,
1348 1836 1369 1872 3
1398 1835 1452 1872 510
1483 1837 1568 1873 dieo

1334 1907 1544 1945 deducta

138 1962 326 2010 scriptum
371 1960 579 2008 aliquando
625 1959 764 1997 fuisse:
814 1961 1002 2010 plebem
1043 1961 1258 2010 quietam
1298 1970 1569 2000 exonerata

136 2032 187 2069 in
216 2033 441 2069 colonias
479 2031 750 2068 multitudo
788 2032 1078 2081 praestabat,
1119 2032 1192 2068 nisi
1224 2033 1328 2081 quod
1358 2046 1567 2071 consensus

135 2111 362 2141 nostrorum
407 2103 583 2140 codicum
612 2103 813 2139 ostendere
846 2104 999 2140 videtur
1011 2131 1020 2149 ,
1064 2103 1144 2139 iam
1180 2103 1218 2140 in
1259 2105 1391 2142 codice
1433 2119 1565 2144 eorum

139 2178 352 2226 archetypo
391 2188 440 2212 ex
481 2174 696 2222 antiquiore
737 2175 957 2212 huiusmodi
989 2175 1239 2212 adnotatione
1270 2183 1396 2214 ortum
1427 2177 1565 2215 fuisse:

139 2247 356 2296 quietam
389 2252 433 2282 et
459 2258 547 2282 exo
561 2251 779 2282 neratam
814 2246 837 2282 d
851 2246 906 2282 ed
919 2258 972 2282 uc
985 2252 1000 2282 t
1015 2259 1051 2284 a.
1114 2245 1279 2296 (Contra
1307 2248 1346 2285 in
1377 2249 1480 2296 VH,
1519 2252 1564 2287 16

1372 2332 1486 2356 acce
1506 2320 1566 2357 Jit

144 2378 158 2412 l
195 2374 234 2410 in
265 2374 475 2422 archetypo
506 2373 599 2409 nihil
628 2372 746 2410 fuisse
775 2374 848 2410 nisi
882 2372 1036 2410 scivit
1067 2374 1261 2422 aceepit
1301 2382 1368 2411 aut
1398 2334 1563 2421 scidit,

136 2445 306 2482 ostendit
351 2444 436 2482 cod.
474 2444 694 2489 Mediceus3
742 2444 780 2480 in
823 2444 958 2481 ceteris
1003 2450 1061 2481 est
1102 2446 1430 2496 accepitque.)
1518 2448 1565 2484 In

136 2516 333 2565 plerisque
375 2520 503 2552 autem
545 2515 763 2552 huiusmodi
800 2515 974 2552 locorum
1012 2516 1051 2552 in
1081 2517 1213 2553 codice
1249 2524 1470 2554 nostrorum
1502 2532 1564 2555 ar-

136 2588 306 2637 chetypo
337 2599 457 2635 supra
487 2587 684 2636 scriptum,
713 2600 790 2623 non
819 2587 857 2623 in
887 2587 972 2636 ipso
1004 2588 1137 2624 ordine
1168 2588 1423 2637 perscriptum
1448 2589 1566 2625 inter-

212 2671 356 2694 nmnvmu
378 2672 501 2695 numan.
516 2671 589 2695 Lm.
1251 2656 1270 2689 2
