1811 2925
222 157 298 189 Lib.
324 156 452 188 XLIV.
896 156 971 191 572

223 286 335 317 sunt
366 291 504 328 quam
535 276 718 313 Fabius
749 275 855 313 fuit.
918 274 1014 312 Cod.
1047 281 1297 324 possentq.
1315 276 1495 312 Fabius
1526 273 1640 318 fuit;

221 351 465 387 scribendum
497 354 570 385 est:
621 352 829 396 possunt
874 359 1013 395 quam
1059 345 1107 392 Q.
1139 346 1318 383 Fabius
1355 345 1462 384 suit.
1537 345 1642 381 Nam

224 420 458 469 praenomine
488 430 619 454 carere
649 417 729 453 haee
759 417 923 453 hominis
947 430 1023 453 non
1045 422 1133 453 ante
1147 417 1437 453 commemorati
1450 415 1641 465 signifiea-

223 491 276 527 tio
306 489 448 537 nequit.
523 490 728 525 Postremo
783 491 801 532 ξ
838 490 884 524 13
931 488 1127 535 (Itaque
1176 487 1213 523 si
1248 487 1361 535 quis
1402 493 1496 532 est,
1539 485 1644 534 qui,

226 561 405 609 quode
430 572 524 608 rep.
557 559 643 604 sit,
685 559 894 595 suadere
925 570 972 594 se
1003 557 1114 593 mihi
1153 557 1198 593 in
1238 570 1290 594 eo
1322 557 1472 603 bello⁷
1515 557 1644 605 quod

224 637 458 680 gesturus
488 642 599 676 sum,
631 628 866 674 confidat,
888 629 926 664 is
957 641 1012 664 ne
1044 628 1248 677 deneget
1278 641 1481 677 operam
1506 627 1644 676 reip.)

227 702 368 738 excidit
407 713 551 750 posse
594 701 816 748 (suadere
858 711 905 735 se
936 698 1119 747 posse);
1162 712 1286 747 neque
1329 698 1427 735 enim
1462 697 1642 734 Latinum

226 779 301 809 est:
333 772 532 809 confido
564 784 632 808 me
665 770 872 807 suadere
904 770 950 805 de
980 782 1021 805 re
1054 768 1196 806 futura.

338 842 432 891 Cap.
465 845 542 888 23,
591 845 610 878 7
658 840 744 891 (ubi
785 840 831 876 de
861 840 1045 876 societate
1076 840 1174 877 inter
1203 842 1349 877 Persea
1394 846 1430 877 et
1462 839 1645 877 Gentium

227 915 356 951 iuncta
401 914 564 962 agitur):
614 911 939 949 Venientibus
986 911 1181 960 Illyriis
1226 913 1443 948 Perseus
1590 909 1648 945 ad

227 986 365 1022 Dium
399 986 631 1021 occurrit.
705 983 800 1020 Cod.
827 982 1134 1031 Illyriorun1;
1177 981 1319 1017 excidit
1356 981 1472 1030 igitur
1505 980 1648 1028 lega-

227 1057 302 1095 tis.
363 1057 465 1093 Tum
479 1055 515 1091 in
532 1055 589 1099 iis,
608 1066 692 1101 quae
708 1059 938 1100 sequuntur:
970 1052 1045 1089 Ibi
1070 1065 1135 1098 ea,
1168 1065 1268 1100 quae
1299 1056 1647 1094 convenerunt⁷

229 1126 531 1164 circumfuso
563 1123 757 1172 agmine
788 1123 1005 1171 equitum
1034 1122 1189 1168 facta,
1220 1123 1440 1160 necessario
1475 1122 1647 1158 scriben—

228 1199 318 1234 dum
353 1200 691 1233 convenerant
723 1196 827 1239 (ante
860 1194 1069 1239 Medeone,
1101 1200 1142 1230 ut
1171 1195 1337 1231 Perseus
1367 1194 1512 1230 iuraret
1544 1198 1647 1230 certo

229 1268 334 1315 ritu).

350 1337 446 1386 Cap.
481 1338 544 1382 24,
580 1339 600 1372 4
634 1336 691 1385 (in
724 1335 915 1371 mandatis
950 1335 1082 1371 Persei
1115 1336 1164 1371 ad
1194 1336 1405 1371 Eumenem
1438 1340 1474 1371 et
1505 1334 1649 1371 Antio·-

230 1410 382 1453 chum):
430 1408 514 1444 sub
546 1406 709 1455 specie
744 1406 1117 1442 liberandarum
1163 1405 1450 1450 civitatum„
1515 1404 1650 1442 Codex

229 1479 493 1516 liberanda
524 1477 782 1522 civit-atisg
824 1477 1068 1513 scribendum
1100 1476 1236 1524 igitur:
1269 1477 1354 1513 sub
1393 1476 1565 1525 specie
1596 1475 1650 1511 li-

228 1549 432 1587 berandi
464 1548 721 1585 civitates.
774 1547 1040 1583 Liberandi
1076 1554 1264 1583 mutatum
1286 1553 1344 1583 est
1359 1540 1518 1596 propter
1548 1559 1650 1595 spe-

230 1621 316 1657 cie.
369 1623 387 1664 ξ
425 1623 443 1656 7
478 1619 659 1667 quoniam
691 1619 729 1655 in
761 1617 892 1655 codice
922 1631 993 1666 pro
1026 1631 1191 1654 verum
1235 1624 1292 1654 est
1338 1630 1479 1662 vera,
1521 1617 1650 1654 nescio

232 1704 280 1727 an
311 1691 364 1727 sie
395 1690 637 1726 scribendum
673 1690 740 1725 sit:
785 1688 839 1725 ad
871 1688 1132 1724 Eumenem
1166 1702 1248 1737 per
1280 1688 1489 1737 speciem
1541 1701 1649 1737 cap-

231 1763 445 1799 tivorum
488 1761 885 1797 redimendorum
928 1759 1103 1794 missus
1149 1758 1345 1806 legatus
1378 1764 1502 1805 erat3
1535 1771 1648 1798 vere

231 1831 511 1869 occultiora
543 1831 758 1878 quaedam
789 1830 1086 1877 agebantur3
1122 1828 1215 1864 nihil
1245 1834 1373 1865 tamen
1411 1828 1575 1867 affirmo.
1590 1825 1622 1875 1)

343 1902 440 1950 Cap.
475 1902 547 1946 252
597 1904 608 1937 1
647 1910 682 1937 et
714 1902 757 1936 ⁶2:
802 1901 1039 1936 Eumenes
1070 1911 1229 1947 neque
1274 1898 1400 1935 favit
1430 1899 1651 1936 victoriae

231 1974 400 2012 Persei
451 1985 606 2020 neque
652 1972 780 2008 bello
832 1983 935 2006 eum
986 1970 1222 2006 invadere
1272 1970 1430 2006 animo
1462 1970 1650 2014 l1abuit;

232 2059 323 2082 non
368 2051 464 2080 tam
510 2043 623 2090 quia
668 2050 883 2090 paternae
926 2040 1055 2076 inter
1095 2054 1174 2076 eos
1205 2040 1480 2077 inimicitiae
1511 2046 1650 2076 erant

232 2128 370 2165 quam
402 2115 617 2162 ipsorum
650 2111 774 2148 odiis
805 2111 935 2147 inter
965 2124 1012 2147 se
1046 2122 1270 2147 accensae.
1344 2111 1453 2148 Non
1496 2123 1549 2147 ea
1582 2123 1651 2146 re-

232 2200 336 2236 gum
369 2183 648 2226 aemulatio,
683 2188 733 2217 ut
763 2193 892 2229 {equo
925 2182 1088 2218 animo
1120 2181 1307 2217 Persea
1346 2187 1518 2217 tantas
1554 2180 1650 2229 api-

233 2257 302 2294 sci
334 2267 448 2303 opes
480 2259 767 2300 tantamque
797 2251 1028 2301 gloriam,
1065 2257 1255 2299 quanta
1284 2251 1517 2288 Romanis
1558 2251 1651 2287 vic-

259 2443 288 2482 1)
333 2446 433 2484 Quod
463 2446 481 2483 ξ
509 2450 526 2476 5
555 2446 680 2477 editur:
715 2446 982 2477 Antiochum
1017 2445 1235 2475 victorem
1261 2443 1436 2484 praemio
1462 2443 1574 2474 belli
1602 2442 1650 2473 ab

326 2506 514 2547 AEgypto
548 2508 637 2547 (cod.
666 2507 904 2549 abegypto)
930 2507 1090 2542 arceri,
1134 2507 1181 2536 sic
1208 2505 1349 2543 dieitur,
1377 2511 1538 2544 tanquam
1564 2512 1653 2545 prae·

326 2569 431 2599 mium
473 2568 554 2598 belli
585 2569 699 2599 nescio
737 2569 827 2608 quod
879 2570 1139 2599 instrumentum
1178 2567 1220 2597 sit
1246 2566 1409 2598 Antiochi
1449 2566 1492 2596 ab
1519 2565 1654 2605 AEgyp-

331 2636 363 2660 to
391 2630 537 2660 arcendi.
593 2629 815 2661 Scribendum
855 2631 958 2670 igitur
985 2639 1062 2661 cum
1097 2629 1286 2660 Gronovio:
1322 2638 1404 2669 prae
1420 2627 1504 2658 mio
1542 2625 1652 2657 belli

327 2691 515 2732 AEgypto
542 2691 691 2722 arceri.
