1811 2925
247 143 317 173 Lib.
341 142 417 174 XL.
916 144 992 180 478

246 264 411 313 suspicio
454 264 648 308 nascitur,
699 263 867 300 Gracchi
915 276 1053 299 nomen
1084 264 1328 302 incommodo
1370 266 1456 303 loco
1488 266 1659 302 additum

247 348 328 371 esse
358 335 406 370 ab
439 334 569 381 aliquo
604 333 789 376 (fortasse
817 334 902 381 ipso
934 334 1058 381 primo
1089 335 1265 383 editore),
1296 336 1359 384 qui
1391 337 1471 373 eius
1502 337 1539 372 in
1557 349 1661 373 com-

245 404 446 452 paratione
490 417 627 440 nomen
670 411 705 440 et
742 410 871 452 partes
904 404 1026 439 omitti
1057 417 1132 440 non
1165 418 1279 453 posse
1327 407 1520 445 sensisset.
1585 407 1661 444 Sed

245 481 347 510 totus
391 474 498 509 locus
536 486 693 510 mancus
739 481 806 510 est.
886 475 988 510 Nam
1035 487 1150 522 quum
1186 475 1319 511 Livius
1350 475 1534 521 dixisset,
1578 489 1662 524 quae

246 544 391 587 Albini,
423 557 506 592 quae
540 544 708 581 Gracchi
740 551 870 593 partes
902 551 1049 589 essent5
1089 545 1225 581 deinde
1256 547 1304 582 ad
1334 559 1394 582 res
1425 560 1448 582 a
1479 546 1661 583 Graccho

246 621 374 663 gestas
409 615 609 650 transisset
654 615 721 657 (ad
753 615 936 651 Albinum
969 615 1193 652 brevissime
1224 622 1260 651 et
1289 628 1375 652 cum
1405 618 1661 664 repugnantia

246 685 478 721 narrationis
509 685 699 721 rediturus
730 698 761 721 c.
796 688 858 726 50,
893 688 942 729 6),
974 693 1130 722 servata
1159 694 1246 723 sunt
1276 692 1447 731 tantum,
1489 699 1572 733 quae
1614 687 1661 722 ad

246 756 431 792 Albinum
462 754 672 803 pertinent:
700 764 721 793 ’.
742 786 748 793 .
770 785 777 792 .
817 761 867 790 ut
896 755 940 791 in
972 756 1023 794 V.
1055 769 1141 805 per
1176 756 1282 792 Lus.
1314 756 1406 791 iret
1435 756 1662 795 Albinus.

247 840 331 875 per
361 825 681 862 Celtiberiam
712 825 824 861 inde
855 833 1209 871 reverteretur3
1249 826 1289 862 si
1322 826 1474 863 mains
1503 827 1574 863 ibi
1607 828 1660 874 (in

248 898 445 944 Vaccaeis)
487 896 666 931 bellum
707 903 855 941 esset⁷
896 897 941 932 in
981 897 1158 933 ultima
1188 896 1469 933 Celtiberiae
1513 911 1662 946 pene-

247 976 403 1004 traret
448 967 620 1017 (omissis
652 967 826 1003 Vaccaeis
876 974 910 1003 et
944 968 1179 1014 Lusitanis);
1211 968 1455 1010 exciderunt,
1499 981 1583 1016 quae
1615 969 1660 1004 de

250 1038 418 1075 Gracchi
449 1038 623 1086 partibus
668 1037 769 1073 dicta
799 1046 926 1083 erant,
966 1039 1102 1086 quibus
1149 1039 1457 1087 adiungebantur
1502 1040 1582 1075 haec
1614 1039 1662 1075 ad

252 1109 414 1144 cundem
448 1108 667 1145 Gracchum
701 1109 951 1157 pertinentia:
986 1109 1210 1146 Mundam
1250 1109 1413 1144 urbem
1455 1110 1662 1157 primum

250 1186 320 1215 cet.
399 1179 538 1226 Itaque
582 1178 679 1214 inter
719 1187 1010 1226 penetraret
1042 1187 1076 1215 et
1108 1180 1332 1215 Mundam
1378 1179 1525 1214 lacunae
1570 1186 1662 1215 nota

247 1249 338 1297 poni
365 1249 489 1286 dehet.

362 1318 458 1367 Cap.
491 1320 560 1355 49.
612 1322 629 1354 7
674 1319 710 1354 in
748 1319 833 1354 loco
876 1320 1105 1368 desperatoq
1157 1319 1259 1367 quod
1290 1331 1366 1354 non
1401 1318 1564 1353 libenter
1593 1330 1662 1354 nec

249 1402 350 1437 saepe
394 1389 515 1434 facio,
566 1389 820 1437 suspicionem
870 1403 1011 1437 ponam
1054 1403 1124 1427 nee
1168 1389 1341 1426 codicum
1372 1389 1544 1436 vestigiis
1570 1389 1663 1424 satis

249 1459 368 1495 firmis
401 1459 532 1495 nixam
571 1460 768 1507 (quoniam
801 1460 912 1496 unius
943 1461 1085 1497 codicis
1128 1461 1262 1496 ductus
1301 1472 1348 1495 nc
1392 1464 1494 1494 recte
1543 1459 1660 1494 inter-

247 1536 437 1578 pretatum
471 1530 621 1577 quidem
644 1542 726 1566 esse
755 1530 920 1578 primum
952 1531 1135 1566 editorem
1167 1531 1333 1575 constat)
1349 1541 1419 1565 nec
1440 1535 1543 1565 certo
1577 1541 1662 1565 sen-

247 1601 452 1637 tentiarum
483 1605 663 1636 contextu
696 1606 962 1636 monstratam.
1022 1601 1125 1637 Nam
1149 1600 1293 1636 Thurri
1320 1599 1456 1647 reguli,
1481 1600 1662 1636 Graccho

252 1678 288 1707 et
317 1671 503 1708 Romanis
534 1682 573 1705 sc
606 1670 777 1705 dedentis
815 1677 852 1706 et.
893 1671 1104 1719 iungentis,
1145 1671 1265 1706 verba
1309 1670 1362 1705 sic
1398 1683 1474 1706 non
1505 1683 1662 1718 prorsus

252 1740 558 1790 improbabiliter
588 1741 726 1788 corrigi
756 1753 870 1788 posse
901 1741 1096 1777 videntur:
1133 1741 1337 1788 Sequar,
1368 1740 1542 1788 inquit,
1576 1752 1662 1776 vos

251 1812 484 1847 adversus
515 1816 708 1846 veteres
740 1811 900 1847 socios
931 1823 1071 1855 meos,
1103 1811 1333 1859 quoniam
1364 1810 1478 1846 illos
1509 1823 1561 1847 ac
1592 1824 1662 1847 me

249 1881 480 1929 populum
515 1881 780 1917 Romanum
823 1883 884 1928 (P.
915 1882 970 1918 Ri
1001 1881 1161 1930 opes?)
1202 1882 1247 1917 di
1276 1880 1444 1916 volunt
1493 1882 1660 1929 suspi-

249 1963 370 1987 cere.
484 1951 608 1986 Paulo
641 1957 728 1987 ante
761 1954 802 1997 (ξ
837 1954 877 1995 6)
921 1952 1161 1988 scribendum
1192 1951 1363 1995 videtur,
1404 1950 1580 1998 proxime
1613 1951 1662 1986 ad

251 2020 441 2058 Gronovii
471 2022 794 2057 emendationem:
829 2021 1053 2070 quaesivit
1084 2021 1141 2056 ab
1173 2033 1250 2064 co5
1283 2018 1478 2068 [libero]
1518 2033 1575 2056 ne
1606 2021 1662 2056 si·

249 2091 294 2127 bi
324 2091 499 2127 liceret
529 2105 580 2128 ac
612 2092 710 2128 suis
752 2092 930 2128 vivere.
997 2091 1111 2138 Quod
1148 2090 1484 2126 Weissenbornius
1522 2091 1664 2138 posuit,

251 2162 338 2197 sub
371 2174 511 2205 eonef¹
540 2175 673 2198 verum
705 2175 788 2198 esse
819 2162 970 2210 nequit;
1014 2174 1138 2209 neque
1169 2162 1267 2198 enirn
1298 2161 1336 2197 id
1366 2161 1542 2197 Thurrus
1574 2173 1664 2210 age-

254 2232 332 2276 bat,
381 2237 423 2266 ut
449 2232 519 2267 snb
551 2232 730 2268 Graccho
780 2233 1019 2281 potissimum
1051 2232 1209 2277 viveret&
1256 2232 1321 2279 qui
1351 2231 1529 2279 proximo
1562 2244 1662 2268 anno

259 2314 305 2337 cx
334 2301 527 2349 Hispania
556 2302 792 2338 discessurus
823 2309 917 2339 erat.

365 2370 460 2419 Cap.
494 2374 557 2415 50,
592 2374 635 2407 3:
666 2373 850 2408 Multos
880 2372 1122 2420 utrimque
1153 2372 1434 2417 (Romanorum
1467 2371 1663 2420 Hispano-

253 2445 437 2488 rumque)
470 2441 710 2478 cecidisse
741 2443 912 2490 (quidam
941 2449 1115 2478 auctores
1137 2444 1340 2483 sunt)nec
1371 2441 1503 2477 aliud
1534 2453 1660 2489 mag-

252 2524 441 2560 nopere
479 2512 679 2547 berbicc
713 2513 940 2549 crederes
971 2511 1125 2547 fuisse
1155 2512 1426 2555 Romanos,
1457 2511 1552 2547 nisi
1587 2512 1667 2559 qui

254 2587 451 2629 postero
500 2581 572 2616 die
627 2582 932 2618 accesserint
974 2587 1229 2617 manentes
1274 2581 1463 2629 proelio
1505 2582 1667 2629 spolia

253 2651 380 2687 intra
411 2650 588 2687 vallum
620 2665 703 2699 per
733 2658 886 2688 totum
921 2652 1041 2687 diem
1073 2651 1290 2699 legisset.
1349 2651 1413 2688 sic
1443 2652 1559 2687 editio
1578 2652 1665 2688 Mo-
