1811 2925
249 169 323 200 Lib.
341 168 511 200 XXXVI.
916 169 993 205 420

248 291 383 328 dedit
426 295 470 327 et
513 289 758 338 regionem
792 290 943 326 Mella
987 303 1174 338 quoque
1217 292 1395 328 aditum
1436 292 1561 328 haud
1603 291 1671 328 fa-

248 362 387 399 cilem
435 372 549 409 pars
590 359 824 406 habebat,
866 361 921 399 M.
956 361 1116 397 Baebio
1149 362 1217 408 (13;
1252 376 1271 398 e
1302 363 1436 399 ceteris
1468 363 1516 398 ad
1547 362 1667 411 scrip-

248 440 372 468 turam
424 431 479 467 M.
525 429 739 467 Baebium
790 431 882 467 nihil
931 431 1126 478 notatur),
1182 433 1237 468 ab
1285 432 1440 469 altero
1489 432 1670 481 angulo

248 502 436 550 (quidam,
466 500 497 536 si
528 506 630 536 recte
647 507 811 537 tacetur:
844 502 900 538 ab
932 500 1090 537 altero
1122 501 1395 550 amniculo),
1428 503 1667 550 quemMe-

248 573 356 608 lena
385 576 585 616 vocant,
617 570 853 607 adversus
884 571 1054 607 Dianae
1084 571 1330 620 templum,
1372 574 1492 621 App.
1527 572 1669 609 Clau-

248 643 374 679 (lium
406 641 651 690 opposuit,
682 640 719 676 in
750 654 827 689 qua
848 641 1049 689 scriptura,
1081 648 1121 678 ut
1145 642 1221 678 alia
1244 642 1359 678 dubia
1382 643 1467 687 sint,
1500 643 1536 678 id
1557 643 1666 680 dubi-

248 726 321 749 um
354 725 429 749 non
462 718 539 757 est,
584 710 675 759 quin
717 716 805 747 ante
835 710 1145 759 frequentius
1186 711 1330 760 aliquid
1365 711 1559 748 exciderit.
1619 713 1666 748 In

247 785 289 821 M
318 783 483 832 primum
528 780 766 818 Carbachius
807 781 861 817 sic
893 782 1008 818 scribi
1049 782 1269 818 adnotavit:
1421 794 1667 830 oppugna-

248 854 370 891 tioni
400 851 668 901 praeposuit
708 864 867 887 arcem
909 858 1050 889 extra
1082 864 1260 897 muros,
1301 864 1402 900 quae
1440 851 1669 900 frequen-

247 925 341 961 tius
388 936 537 972 prope
584 934 720 969 quam
765 923 875 959 urbs
917 923 1258 967 liabitabatur3
1303 922 1438 958 deinde
1468 935 1538 970 pro
1569 922 1668 958 illis:

247 995 494 1044 regionem
528 992 678 1029 Mella
711 1005 799 1040 quo
814 1005 901 1040 que
933 992 1117 1030 Gelenius
1152 993 1189 1028 in
1222 994 1264 1029 M
1295 998 1331 1029 et
1361 992 1534 1041 Spirensi
1565 995 1665 1041 (quo

248 1065 368 1101 altero
401 1063 531 1100 codice
563 1075 652 1099 usus
699 1062 770 1111 est)
818 1063 908 1099 dicit
943 1075 1042 1099 esse:
1090 1078 1112 1100 a
1155 1064 1259 1100 sinu
1294 1064 1503 1100 Maliaco
1550 1077 1666 1112 quae;

246 1141 441 1184 postremo
473 1147 589 1182 quum
622 1133 659 1169 in
691 1133 857 1170 editione
887 1134 970 1182 ipsa
1003 1134 1234 1182 Moguntina
1265 1139 1381 1179 esset,
1414 1140 1455 1169 ut
1485 1134 1521 1169 in
1553 1146 1664 1183 supe-

246 1205 428 1242 rioribus:
470 1205 526 1240 ab
573 1204 728 1240 altero
772 1204 1030 1249 amniculo,
1077 1217 1212 1252 quem
1244 1204 1433 1241 Melena
1463 1210 1666 1249 vocant,

246 1275 485 1313 Carbachius
531 1287 550 1310 e
595 1274 679 1311 cod.
724 1273 941 1310 adnotavit:
989 1275 1045 1310 ab
1090 1274 1246 1311 altero
1293 1275 1442 1310 amnis
1487 1274 1667 1319 latere,

246 1359 381 1395 quem
418 1345 614 1381 Melana
657 1350 853 1388 vocant,
901 1345 967 1380 sed
1013 1344 1196 1382 Gelenius
1242 1345 1430 1389 affirmat,
1477 1349 1514 1380 et
1547 1344 1589 1380 M
1629 1351 1665 1380 et

247 1416 348 1465 Spir.
369 1416 513 1451 habere
544 1415 599 1450 ab
631 1414 788 1450 altero
821 1414 1081 1451 amniculo.
1140 1414 1312 1451 Primum
1343 1415 1381 1450 in
1412 1415 1663 1463 Mellaquo

247 1499 335 1535 que
367 1486 417 1528 (B
449 1484 555 1531 dett.)
589 1490 720 1532 aperte
751 1484 849 1520 inest
879 1485 916 1521 id
947 1485 1084 1534 ipsum,
1117 1485 1219 1533 quod
1242 1486 1281 1521 M
1309 1484 1495 1521 servavit:
1527 1484 1668 1520 Mali-

246 1570 354 1601 aco,
398 1569 506 1604 quae.
591 1554 745 1590 Deinde
784 1554 878 1591 illud
924 1562 1062 1591 extra
1103 1568 1266 1591 muros
1306 1554 1507 1604 perspicue
1538 1560 1572 1591 et
1606 1567 1668 1591 res

245 1628 447 1663 confirmat
490 1631 526 1662 et
569 1625 673 1673 quod
716 1638 747 1663 c.
790 1627 854 1670 24ᾖ
903 1628 923 1661 5
963 1625 1010 1661 de
1042 1625 1175 1661 eadem
1198 1625 1258 1664 Ti.
1300 1624 1517 1672 Sempronii
1556 1631 1666 1673 parte

246 1700 294 1744 (c.
328 1699 392 1742 24,
433 1700 470 1744 1)
502 1696 539 1732 in
571 1695 705 1731 eodem
736 1696 779 1731 M
814 1696 1016 1742 scribitur,
1061 1695 1194 1732 ceteris
1235 1695 1348 1743 longe
1379 1695 1665 1731 aberrantibus:

248 1770 370 1805 Pars
400 1780 512 1811 una,
553 1766 602 1802 in
636 1778 727 1814 qua
758 1764 973 1801 aedificia
1004 1770 1143 1801 extra
1175 1767 1334 1802 urbem
1367 1771 1518 1801 erant.
1588 1766 1664 1803 Sed

245 1838 294 1875 ab
325 1850 434 1874 arce
465 1837 568 1885 (quae
602 1837 826 1872 imminebat
855 1835 941 1871 loco
974 1835 1051 1872 alto
1084 1842 1120 1871 et
1150 1835 1318 1882 undique
1347 1835 1544 1884 praecipiti,
1576 1839 1594 1881 ἓ
1628 1839 1664 1882 5,

245 1913 281 1943 et
309 1907 346 1943 in
386 1920 502 1955 quarn
541 1906 667 1943 AEtoli
710 1919 750 1942 se
792 1912 1039 1954 receperunt,
1075 1918 1191 1954 quum
1222 1905 1287 1941 illa
1318 1905 1403 1953 ipsa
1432 1911 1542 1953 parte
1573 1907 1665 1942 urbs

245 1983 360 2026 capta
390 1983 500 2022 esset,
532 1990 564 2015 c.
600 1979 665 2022 24,
701 1979 741 2019 6)
774 1976 998 2012 suburbium
1031 1976 1123 2011 illud
1155 1975 1346 2011 diversum
1380 1975 1509 2021 fuisse,
1541 1975 1663 2012 mani—

244 2048 383 2084 festum
414 2054 490 2091 est;
535 2047 665 2095 itaque
710 2046 902 2083 Gronovii
933 2045 1203 2090 coniecturam,
1234 2052 1419 2094 partem
1451 2045 1663 2091 scribentis,

245 2120 324 2154 fere
354 2118 656 2166 amplectuntur,
700 2130 775 2153 non
809 2116 921 2153 valde
951 2116 1203 2164 probabilem.
1267 2116 1364 2152 Mihi
1395 2115 1492 2151 arcis
1524 2128 1662 2152 nomen

244 2188 355 2224 malae
385 2188 542 2236 originis
574 2194 792 2236 suspectum
825 2193 881 2222 est
913 2196 1096 2234 tanquam
1131 2186 1316 2232 additum,
1351 2186 1453 2234 quod
1484 2186 1662 2222 substan-

245 2259 364 2294 tivum
396 2258 694 2302 desideraretur,
726 2257 836 2293 etsie
858 2255 1100 2292 scribendum
1123 2256 1291 2292 videtur:
1323 2262 1462 2292 extra
1492 2268 1663 2301 muros,

245 2340 335 2379 qua
365 2327 672 2375 frequentius
703 2340 853 2375 prope
885 2338 1019 2373 quam
1052 2325 1096 2361 in
1119 2326 1229 2374 ipsa
1259 2326 1375 2362 urbe
1405 2325 1662 2362 habitaba-

243 2404 330 2443 tur,
347 2397 416 2436 Ti.
442 2397 732 2445 Sempronio
756 2398 925 2444 Longo
959 2396 1289 2445 oppugnanda
1320 2395 1472 2439 dedit3
1503 2408 1526 2431 a
1556 2395 1660 2431 sinu

244 2467 475 2511 Maliaco,
519 2479 621 2514 quae
669 2467 851 2502 aditum
898 2466 1023 2502 haud
1061 2466 1256 2501 facilem
1289 2477 1400 2513 pars
1430 2465 1662 2508 habebat,

245 2537 297 2573 M.
329 2537 560 2579 Baebium,
592 2538 648 2572 ab
680 2537 836 2572 altero
869 2536 1112 2572 amniculo
1254 2536 1374 2582 App.
1409 2533 1660 2570 Claudium

244 2607 485 2656 opposuit.
558 2606 598 2643 Si
638 2606 722 2654 quis
764 2606 802 2641 in
848 2607 881 2642 B
928 2605 1140 2653 ceterisque
1186 2604 1247 2653 (et
1291 2604 1549 2652 regionem)
1581 2605 1661 2641 veri

243 2677 444 2725 vestigium
475 2677 595 2712 latere
627 2677 767 2718 credet,
799 2676 954 2712 scribet:
992 2682 1131 2711 extra
1165 2687 1342 2718 muros,
1376 2687 1465 2722 qua
1494 2705 1502 2713 .
1521 2705 1530 2714 .
1549 2705 1558 2714 .
1585 2676 1662 2711 ha-
