1811 2925
168 148 244 181 Lib.
272 147 330 177 VI.
797 148 868 183 137

119 271 173 308 tio
206 270 506 319 interpungitur,
545 276 581 306 et
620 269 745 318 ipsum
786 266 967 303 vitiosum
999 267 1086 316 (pro
1129 268 1196 309 id)
1238 274 1273 304 et
1304 267 1388 302 loco
1419 278 1541 314 pravo

119 341 287 391 positum
321 342 373 390 (in
404 341 477 377 fine
507 338 842 388 interrogationis,
882 337 946 374 ubi
988 345 1068 374 tum
1102 339 1254 375 demum
1292 344 1393 374 recte
1423 349 1541 385 pone-

119 419 235 457 retur,
267 412 298 448 si
332 412 368 448 id
397 412 642 461 significaret,
671 410 773 459 quod
805 409 933 445 statim
964 410 1253 456 subiiceretur),
1284 415 1428 445 rectum
1459 408 1542 451 erit,

119 483 484 532 interrogationibus
529 483 583 518 sic
623 480 822 528 descriptis
865 486 902 516 et>
941 481 1172 517 terminatis:
1218 479 1366 529 Quid?
1416 479 1455 516 si
1494 485 1543 514 tu

120 562 210 590 non
250 554 449 597 tuleris,
491 554 616 602 quod
647 551 943 589 commodum
986 558 1061 588 est
1090 552 1273 601 populo
1306 550 1542 598 accipere,

119 637 253 661 nemo
299 625 408 669 erit,
451 625 530 674 qui
573 623 728 661 ferat?
802 621 929 658 Illud
977 622 1020 658 si
1053 623 1158 670 quis
1189 621 1452 671 patricius,
1504 620 1543 656 si

121 696 227 744 quis
275 718 316 723 —
368 695 602 733 Claudius
631 695 836 732 diceret:
880 694 977 730 Aut
1021 694 1179 730 omnia
1220 692 1432 741 accipite
1463 696 1543 727 aut·

120 767 244 804 nihil
273 766 389 811 fero,
421 767 527 815 quis
559 765 1030 812 vestrum,Quirit-es,
1062 765 1241 802 ferret?
1309 763 1435 801 Paulo
1455 769 1543 798 ante

122 838 156 883 (ἓ
182 841 241 880 10,
272 838 337 874 ubi
368 837 510 874 tribuni
541 836 614 873 civi
644 837 691 873 de
720 836 831 885 plebe
865 837 1031 884 roganti.¹
1064 842 1130 881 ut,
1163 848 1258 884 quas
1293 835 1449 884 probet,
1479 845 1542 869 ro-

120 909 296 957 gationes
328 908 513 956 accipere,
546 920 641 955 quas
672 907 876 956 improbet,
909 906 1113 955 antiquare
1142 907 1278 951 liceat,
1309 904 1543 954 respondere

119 979 331 1028 finguntur)
368 980 448 1016 haec
492 978 754 1026 interrogandi
800 976 927 1014 forma
961 978 1195 1014 coniunctivi
1225 977 1348 1014 modi:
1394 982 1440 1011 tu
1488 975 1542 1010 de

121 1050 290 1087 fenore
330 1050 577 1086 —iubeas
609 1055 652 1085 et
681 1049 769 1085 hoe
800 1048 1017 1097 portenti
1048 1061 1139 1085 non
1170 1048 1280 1094 fiat,
1318 1053 1366 1084 ut
1398 1067 1444 1073 —-
1478 1045 1542 1082 vi-

122 1119 262 1156 deas?
293 1133 368 1156 uno
400 1121 515 1157 modo
548 1120 708 1170 intelligi
740 1126 888 1169 potest,
929 1126 969 1154 ut
1000 1131 1084 1156 cum
1121 1119 1377 1156 admiratione
1408 1124 1444 1154 et
1472 1117 1541 1154 im-

121 1192 350 1241 probatione
380 1191 613 1241 proferatur.
689 1191 766 1229 Sed
812 1203 937 1239 neque
984 1203 1054 1238 per
1102 1203 1142 1226 se
1184 1190 1347 1227 tribunis
1379 1189 1542 1239 superbe

120 1263 350 1312 negantibus
390 1263 593 1299 convenire
624 1262 776 1298 videtur
813 1262 893 1297 haec
924 1261 1131 1297 admiratio
1164 1268 1199 1298 et
1233 1261 1446 1310 indignatio
1477 1273 1542 1296 ne-

124 1346 198 1382 que
227 1334 266 1370 in
296 1347 379 1370 eam
412 1341 500 1383 apte
530 1334 775 1371 includuntur
807 1344 875 1375 ea,
917 1345 1000 1381 quae
1033 1333 1186 1382 Appius
1222 1346 1269 1369 ex
1300 1345 1369 1369 sno
1400 1332 1542 1369 iudicio

121 1405 356 1441 intermiscet
370 1411 404 1441 et
424 1406 598 1454 adiungit>
614 1409 675 1451 (et
700 1405 788 1441 hoc
812 1404 1030 1452 portenti
1060 1416 1152 1440 non
1182 1403 1276 1441 fiat
1295 1410 1395 1449 etc.).
1435 1406 1543 1452 Apta

127 1476 208 1511 haec
247 1482 356 1511 erunt
391 1483 426 1512 et
458 1477 682 1513 commoda.
724 1475 755 1511 si
794 1474 927 1510 sedate
971 1474 1025 1510 sic
1056 1474 1322 1523 proferentur,
1366 1481 1406 1511 ut
1436 1487 1543 1523 paene

127 1546 310 1594 ambigua
339 1546 438 1582 inter
466 1547 641 1583 tribunos
673 1552 709 1582 et-
735 1545 907 1593 Appium
941 1546 1065 1582 oratio
1096 1546 1162 1590 sit3
1195 1545 1249 1594 (et
1272 1547 1326 1582 ita
1341 1546 1545 1588 inducitur,

126 1617 253 1665 posito
284 1617 461 1665 inquit:
502 1617 637 1657 nein,
668 1616 821 1653 heisst
853 1616 934 1662 es):
966 1617 1093 1659 Non,
1124 1617 1306 1665 inquit,
1356 1617 1545 1662 licebit,

126 1691 174 1727 ut
207 1688 262 1725 de
289 1688 456 1725 fenore
487 1694 631 1735 atque
663 1700 803 1736 agro,
836 1687 960 1735 quod
993 1688 1049 1723 ad
1081 1700 1166 1724 vos
1196 1689 1428 1736 pertinet,
1474 1688 1545 1724 iu-

126 1759 242 1795 beas
281 1767 325 1795 et
364 1761 451 1796 hoc
489 1760 706 1807 portenti
749 1771 839 1794 non
887 1758 978 1794 fiat
1010 1759 1055 1795 in
1086 1760 1202 1795 urbe
1231 1760 1457 1796 Romana.
1497 1765 1546 1795 ut

127 1851 178 1856 —
217 1830 398 1867 videas.
482 1830 590 1877 (Non
630 1830 759 1866 licebit-
790 1830 869 1865 haee
915 1829 990 1865 duo
1033 1842 1239 1879 separare.
1286 1830 1446 1865 alterum
1477 1829 1546 1865 tibi

126 1900 275 1948 plebeio
296 1901 553 1943 commodum,
574 1901 735 1937 alterum
757 1901 837 1945 tibi,
855 1907 897 1936 ut
919 1901 1109 1946 omnibus,
1131 1901 1402 1947 intolerabile.)
1434 1901 1546 1937 Duas

124 1970 273 2007 litteras
304 1971 536 2018 transposui.

238 2041 333 2091 Cap.
373 2044 436 2086 41,
468 2045 489 2078 4
526 2040 587 2088 (in
617 2042 751 2079 eadem
783 2040 993 2087 oratione):
1030 2041 1099 2078 De
1144 2040 1446 2089 indignitate
1476 2054 1545 2079 sa-

124 2112 187 2148 tis
219 2113 396 2149 dictum
431 2119 520 2156 est3
572 2114 747 2150 etenim
794 2113 1010 2162 dignitas
1057 2111 1113 2147 ad
1143 2112 1361 2148 homines
1391 2113 1545 2160 perti-

125 2189 220 2220 net:
253 2183 447 2231 quidde
477 2184 805 2232 religionibus
837 2190 983 2231 atque
1014 2182 1271 2230 auspiciis,
1313 2196 1411 2231 quae
1440 2196 1545 2232 pro-

124 2253 232 2301 pria
263 2254 456 2290 deorum
488 2254 834 2291 immortalium
867 2253 1165 2302 contemptio
1197 2261 1342 2301 atque
1364 2253 1545 2290 iniuria

125 2331 208 2368 est,
255 2324 454 2372 loquar?
518 2325 616 2362 Mire
657 2337 776 2362 causa
805 2324 979 2367 additur,
1018 2336 1086 2361 cur
1115 2324 1207 2361 satis
1239 2324 1379 2361 dictum
1413 2325 1459 2361 de
1488 2324 1544 2360 in-

124 2394 311 2443 dignitate
341 2395 407 2439 sit,
452 2408 536 2443 quae
577 2408 701 2443 neque
743 2395 833 2431 addi
864 2407 1034 2442 unquam
1076 2396 1173 2432 solet
1215 2397 1254 2433 in
1285 2396 1353 2432 tali
1383 2396 1545 2432 transitu

127 2465 175 2500 ad
206 2465 330 2502 maius
377 2473 412 2502 et
444 2479 513 2514 per
543 2479 582 2502 se
613 2466 719 2502 nulla
749 2472 824 2510 est;
856 2465 988 2513 quidni
1023 2466 1121 2502 enim
1147 2467 1260 2503 liceat
1283 2467 1545 2515 copiosissime

125 2536 173 2571 de
203 2548 243 2571 re
274 2537 322 2572 ad
354 2537 526 2573 homines
557 2536 760 2584 pertinenti
791 2534 944 2572 dicere?
991 2543 1027 2572 et
1060 2537 1157 2573 dixit
1187 2537 1279 2574 satis
1310 2537 1430 2574 multa
1460 2539 1545 2586 Ap-

124 2604 222 2653 pius.
288 2607 395 2654 Apta
428 2608 499 2644 erit
522 2607 707 2644 orationis
737 2607 877 2651 forma,
909 2620 985 2643 una
1014 2606 1142 2643 littera
1175 2614 1340 2644 mutata:
1371 2608 1439 2644 De
1472 2609 1544 2644 in-

124 2675 366 2723 dignitate
419 2678 544 2715 satis
575 2679 754 2715 dietum
796 2684 879 2714 est.
978 2678 1174 2714 Atenim
1223 2678 1439 2726 dignitas
1489 2679 1545 2714 ad
