1811 2925
887 117 964 150 575
1416 114 1490 145 Lib.
1510 114 1639 146 XLIV.

214 241 301 283 post
332 234 549 271 malebat
580 235 780 272 subiicitur
813 236 897 272 sed
928 248 1013 272 cum
1045 237 1235 273 sententia
1264 237 1412 274 infinita
1443 238 1640 285 (mavult

215 306 348 349 dare,
392 305 473 342 Sed
503 313 677 354 postea
729 307 974 347 daturum,
1019 314 1059 343 ut
1103 307 1285 343 audiatur
1330 308 1478 357 dicit).
1562 310 1639 348 Sed

214 376 362 414 accedit
393 377 468 412 alia
499 377 694 425 pravitas3
742 389 827 425 quae
870 385 927 413 cst
964 377 1063 414 enim
1096 378 1178 414 liaec
1216 379 1365 424 oratio,
1410 386 1452 416 ut
1497 381 1639 418 malle

213 461 288 484 non
319 459 498 484 recusare
529 448 690 491 dicatur,
724 448 801 496 qui,
833 461 950 496 quum
985 448 1149 484 alterum
1179 461 1256 485 non
1287 449 1446 495 dederit,
1477 450 1637 488 alterum

214 531 291 555 non
321 518 496 555 recuset?
540 525 606 554 aut
637 531 722 566 quae
764 525 821 555 est
850 520 932 555 haec
960 519 1140 555 voluntas
1166 526 1233 556 aut
1263 520 1376 556 etiam
1409 522 1538 570 potior
1567 535 1638 560 vo-

212 589 340 626 luntas
371 602 448 626 non
479 589 708 626 recusandi?
767 591 974 627 Postremo
1020 603 1068 626 ne
1109 590 1205 626 ordo
1241 592 1449 628 verborum
1483 594 1638 642 quidem

212 666 339 697 rectus
384 667 458 705 est;
504 661 670 710 primum
716 661 815 698 enim
864 661 1061 698 sententiae
1102 661 1230 698 locum
1279 668 1409 699 tenere
1453 664 1638 711 debebat,

215 732 320 779 quod
351 732 461 769 alteri
493 732 660 768 mercedi
691 732 926 769 contrarium
957 732 1131 780 ponitur:
1177 733 1223 768 in
1253 745 1383 781 spem
1415 735 1529 771 Rom
1542 748 1639 773 anae

211 802 365 851 pacis.
442 803 537 839 Haec
578 810 636 839 tot
677 810 863 852 tantaque
892 803 1140 840 incommoda
1180 817 1258 840 una
1300 803 1428 842 littera
1471 807 1637 853 sublata,

213 873 335 909 altera
364 873 557 910 lenissime
586 880 736 911 mutata
768 875 799 918 (i
832 887 904 922 pro
936 874 966 922 Ι)
999 874 1210 911 certissime
1236 876 1431 912 sanaLunt
1459 877 1638 914 reddent-

212 956 285 991 que
317 950 353 980 et
372 946 545 989 verbum.¹
568 945 668 982 unde
685 945 875 981 sententia
893 945 1042 981 infinita
1066 946 1246 994 pendeat,
1279 952 1315 982 et
1330 953 1474 984 rectum
1499 950 1637 986 verbo-

210 1029 294 1052 rum
330 1016 520 1052 ordinem:
562 1016 630 1052 ibi
676 1016 966 1061 haesitabat,
997 1022 1041 1051 et
1075 1016 1245 1064 utique
1277 1016 1479 1053 alteram
1512 1020 1638 1056 tanti

210 1086 414 1123 nominis
434 1087 633 1135 regibus
651 1094 838 1135 turpem
861 1099 913 1123 ac
935 1086 1183 1124 sordidam
1207 1093 1250 1123 et
1272 1088 1404 1124 danti
1426 1096 1470 1125 et
1485 1091 1638 1140 magis

210 1158 479 1206 accipienti
512 1158 783 1194 mercedem
815 1171 921 1195 esse
953 1159 1126 1198 aiebat
1166 1159 1251 1207 (pro
1295 1159 1546 1208 malebat);
1590 1163 1637 1199 in

209 1229 577 1277 spemRomanae
603 1229 741 1278 pacis
768 1242 860 1266 non
889 1241 1124 1266 recusare
1144 1229 1519 1278 impensam,sed
1538 1245 1637 1270 eam

207 1299 461 1347 pecuniam
483 1299 706 1348 perfecta
732 1314 781 1337 re
806 1301 1045 1345 daturum,
1061 1306 1133 1339 cet.
1172 1301 1341 1338 Prorsus
1359 1303 1637 1351 exprimuntur,

210 1383 295 1418 quae
337 1372 441 1420 apud
485 1370 692 1419 Polybium
735 1385 836 1408 nunc
886 1372 1065 1421 leguntur
1103 1371 1141 1407 in
1183 1370 1403 1421 fragmento
1441 1374 1636 1411 Vaticano

211 1441 391 1490 (XXIX,
429 1444 473 1478 le
509 1455 547 1490 p.
579 1443 677 1478 1033
703 1440 866 1491 Bekk.):
913 1440 1016 1492 περὶ
1051 1440 1093 1481 δέ-
1126 1441 1217 1481 vim
1248 1436 1493 1496 χρῃιιῖτων
1522 1439 1636 1498 ’ὑπὲρ

207 1511 294 1563 μὲν
327 1510 416 1552 τῶν
450 1510 762 1552 πεντακοσίων
804 1507 1045 1553 ταλάντων
1094 1508 1279 1567 αἰσχρόν
1320 1517 1486 1567 ἔφη-σᾶν
1518 1514 1636 1557 εἶναι

209 1582 279 1622 καὶ
330 1582 388 1636 (τῷ
436 1578 606 1623 διδόντι
655 1583 726 1624 καὶ
773 1582 953 1634 μᾶλλον
1005 1586 1070 1623 ἔτι
1129 1583 1187 1638 τῷ
1242 1579 1531 1638 λαμβάῑόντι
1580 1592 1639 1632 (et

207 1655 346 1692 danti
376 1662 420 1691 et
454 1656 597 1692 etiam
630 1657 917 1706 accipienti,
945 1669 992 1693 ne
1024 1657 1108 1705 quis
1133 1657 1327 1694 ablativos
1355 1658 1458 1706 apud
1483 1658 1638 1696 Livium

206 1727 341 1775 fingat)
371 1719 422 1765 τό
458 1724 605 1766 δοκεῖν
645 1726 801 1780 μισθῷ
835 1724 922 1779 τήν
952 1721 1146 1780 ἧσυχιάν
1177 1731 1308 1781 ἔχειν,
1352 1722 1406 1768 τά
1444 1726 1486 1768 δὲ
1519 1727 1637 1783 χίλια

205 1791 278 1836 καὶ
301 1789 577 1837 πεντακόσια
600 1798 804 1849 πέμψειν
837 1798 1056 1851 φέροντας
1072 1793 1181 1844 τούς
1203 1798 1307 1852 περὶ
1333 1795 1638 1852 Πολεμοκρά-

205 1880 290 1920 την
321 1867 385 1912 εἰς
410 1864 727 1922 Σαμοθρᾴκην
750 1862 878 1910 κιῖκεῑ
906 1863 1236 1923 μεσιιτεύεσθαι
1262 1865 1635 1924 (μεσιτεύσεσθαι

207 1945 274 1976 aut
303 1935 793 1992 μεσιτευθήσεσθιιιῖ).
870 1942 948 1979 Sed
986 1954 1120 1979 veram
1154 1944 1352 1980 sententiae
1383 1949 1419 1980 et
1450 1944 1636 1981 orationis

205 2009 373 2047 formam
437 2024 460 2048 a
502 2012 670 2062 Polybio
723 2014 941 2050 traductam
996 2013 1074 2049 iam
1131 2014 1339 2063 Appianus
1394 2016 1638 2052 monstrabat

208 2081 375 2126 (Maced.
414 2082 460 2119 fr.
501 2085 546 2120 16
590 2096 639 2119 ex
677 2084 869 2133 excerptis
897 2084 1108 2131 Fen-esa),
1155 2098 1230 2133 quo
1269 2086 1365 2124 duce
1396 2086 1550 2135 expleta
1580 2092 1637 2124 est

205 2150 347 2188 lacuna
375 2152 414 2188 in
445 2155 462 2197 §s
496 2156 537 2198 63
567 2167 668 2191 nunc
699 2155 1011 2203 supplementum
1042 2155 1231 2205 Polybius
1264 2154 1523 2206 colifi1·niat.1)

231 2340 260 2383 ¹)
298 2345 497 2386 Repositum
512 2346 567 2377 hic
593 2347 737 2378 aiebat
762 2358 824 2389 pro
849 2349 989 2380 maleb
1002 2354 1043 2380 at
1068 2349 1102 2379 in
1118 2350 1318 2380 memoriam
1336 2356 1473 2382 revocat
1488 2356 1634 2392 spretam

300 2407 544 2438 incredibiliter
569 2408 603 2438 in
630 2407 805 2441 Ciceronis
828 2409 926 2440 Brut.
957 2414 1011 2448 20,
1042 2412 1082 2441 79
1110 2410 1309 2443 facillimam
1342 2412 1634 2454 certissimamque

301 2468 447 2500 Manutii
474 2469 758 2509 emendationem,
785 2480 829 2501 ex
858 2470 925 2502 elo
937 2480 958 2511 q
968 2481 990 2501 u
1000 2481 1016 2502 e
1028 2477 1098 2503 nte
1109 2482 1141 2503 m
1153 2483 1185 2503 m
1197 2472 1255 2503 ali
1268 2483 1332 2504 um
1367 2474 1523 2506 facientis
1549 2485 1565 2506 e
1576 2476 1587 2506 l
1598 2485 1634 2506 0-

299 2536 502 2569 quentem
528 2532 668 2570 aiunt,
699 2537 732 2563 et
765 2537 935 2563 retentum
966 2532 1114 2564 fulcrum
1146 2535 1188 2565 ab
1217 2535 1459 2576 interpolatore
1479 2537 1634 2569 additum

300 2591 427 2623 dicun
437 2597 462 2626 t.
516 2592 663 2634 Polybio
681 2593 799 2625 Livius
820 2595 854 2624 in
873 2594 993 2626 eodem
1012 2594 1101 2633 1000,
1131 2596 1220 2627 unde
1239 2597 1374 2629 adiutus
1396 2604 1457 2637 est,
1475 2600 1634 2639 exiguam

299 2654 415 2685 reddet
440 2655 557 2685 auxilii
569 2655 725 2695 gratiam.
761 2655 850 2687 Nam
873 2657 966 2697 quod
985 2657 1030 2689 ibi
1056 2656 1197 2698 legitur:
1225 2653 1244 2691 ὁ
1261 2654 1301 2691 δὲ
1316 2656 1478 2702 Περσεὺς
1496 2656 1634 2702 ἐλέγετο
