1811 2925
288 146 362 178 Lib.
378 146 508 178 xxiv.
919 147 996 184 280

242 271 366 307 minus
416 280 596 318 perverse
640 280 787 305 naves
831 269 911 305 LV
942 268 1446 318 Carthaginiensium
1484 271 1661 307 classis

245 340 444 388 (quoniam
485 351 561 375 non
595 338 833 387 significatur
871 351 963 388 pars
994 339 1127 376 classis
1158 340 1346 377 universae
1378 347 1465 377 ante
1495 353 1662 378 comme-

244 412 417 456 morat-ae)
466 423 537 458 pro
569 410 730 446 classe
778 411 810 447 L
825 410 861 446 V
892 410 1084 446 navium
1116 410 1304 449 dicuntur.
1365 412 1504 459 Itaque
1532 411 1570 447 in
1602 424 1663 448 re-

246 481 473 518 centissimis
507 481 704 517 codicibus
739 481 1008 529 interpolando
1041 480 1205 517 factum:
1251 495 1282 519 c.
1315 483 1439 519 Boni.
1485 482 1663 519 classis

244 551 486 601 praesecto,
554 552 786 601 Simpliciter
820 551 1031 588 tollendum
1064 558 1146 588 erat
1177 552 1352 590 classis
1394 565 1552 598 nomen⁷
1589 553 1662 589 huc

245 636 292 660 ex
326 623 505 672 proximo
539 635 675 668 versu7
707 623 772 659 ubi
803 628 904 659 recte
936 623 1102 671 ponitur,
1132 623 1292 660 illatum.

358 693 453 742 Cap.
486 694 550 738 39,
585 695 606 729 9
639 694 701 737 (de
732 693 845 729 motis
876 694 1139 730 Hennensium
1187 695 1289 731 caede
1321 695 1537 733 Siculorum
1582 693 1664 730 ani-

246 765 356 811 mis):
388 764 445 800 Et
477 765 588 812 quia
619 764 742 800 caede
771 762 975 800 infanda
1013 765 1250 801 rebantur
1289 778 1379 801 non
1419 765 1663 801 hominum

246 842 456 880 tantum,
501 836 585 871 sed
636 836 780 871 etiam
822 835 1018 871 deorum
1065 835 1222 872 sedem
1252 836 1487 872 violatam
1533 847 1664 880 esse,

248 913 340 942 tum
374 919 510 951 vero,
557 906 636 954 qui
681 906 825 941 etiam
870 912 979 943 ante
1011 906 1144 942 dubii
1184 906 1399 951 fuerant,
1442 906 1665 942 defecere

249 978 304 1013 ad
336 978 539 1014 Poenos,
600 978 690 1014 Non
721 977 867 1022 solum7
911 977 974 1025 qui
1019 977 1096 1012 iam
1134 976 1205 1017 (sic
1236 977 1308 1014 dici
1344 979 1558 1026 oportebat,
1588 990 1666 1013 non

249 1049 407 1091 etiam)
448 1054 536 1085 ante
566 1048 672 1084 dubii
700 1047 872 1093 fuerant,
918 1048 1159 1092 defecerunt,
1205 1048 1270 1083 sed
1301 1055 1440 1096 praeter
1470 1061 1555 1093 eos,
1602 1049 1666 1096 qui

248 1121 324 1156 iam
357 1120 644 1156 destinaverant
675 1119 856 1163 deficere,
905 1118 1018 1154 etiam
1052 1119 1098 1163 ii,
1143 1119 1206 1166 qui
1238 1125 1351 1155 antea
1383 1120 1664 1159 dubitaverant,

250 1198 375 1228 utrum
421 1192 575 1227 Poenos
610 1191 861 1227 Romanosne
901 1196 1163 1237 sequerentur.
1236 1190 1487 1227 Scribendum
1536 1191 1665 1239 igitur,

249 1262 547 1311 transpositione
588 1261 710 1297 facta:
758 1266 852 1296 tum
902 1273 1015 1296 vero
1067 1260 1210 1296 etiam
1259 1261 1341 1308 qui
1386 1268 1495 1297 ante
1535 1261 1668 1298 dubii

249 1334 467 1378 fuerant,
509 1338 578 1370 cet.
645 1333 707 1367 De
738 1332 990 1368 correctionis
1021 1343 1160 1379 genere
1191 1331 1270 1366 dixi
1312 1331 1360 1367 ad
1390 1332 1532 1378 XXII,
1557 1334 1593 1378 2,
1627 1335 1668 1376 6;

251 1405 384 1440 eodem
416 1411 518 1440 recte
557 1416 667 1439 usum
699 1402 895 1440 Roellium
929 1402 1008 1438 dixi
1038 1402 1076 1437 in
1107 1402 1219 1438 huius
1249 1402 1336 1438 libri
1368 1415 1397 1440 c.
1431 1403 1504 1447 28,
1537 1404 1579 1447 9,
1610 1403 1667 1439 usi

252 1475 317 1511 alii
345 1482 448 1512 recte
478 1482 566 1511 sunt.
596 1487 627 1511 c.
663 1476 736 1518 47,
785 1477 804 1508 5
853 1474 1006 1521 (quam
1050 1474 1105 1509 ob
1138 1486 1312 1509 noxam
1346 1475 1668 1510 Romanorum

251 1552 330 1582 aut
361 1546 484 1594 quod
516 1546 732 1582 meritum
766 1546 1033 1581 Poenorum
1051 1557 1143 1592 pro:
1176 1544 1301 1591 quod
1333 1550 1412 1579 aut
1446 1543 1669 1579 meritum

255 1619 313 1663 P„
347 1618 449 1665 quod
480 1617 623 1654 nullam
656 1615 945 1652 excusationem
978 1611 1185 1663 1·eeipit).¹)

279 1836 307 1879 ι)
346 1839 385 1868 In
413 1839 531 1878 capitis
559 1843 600 1869 39
630 1839 725 1869 initio
753 1841 788 1876 (ξ
820 1840 853 1873 l)
881 1848 949 1868 non
982 1848 1119 1878 possum
1147 1849 1215 1869 non
1244 1838 1369 1869 mirari.
1395 1847 1456 1878 pro
1484 1837 1670 1867 certissima

349 1900 510 1931 Gronovii
555 1908 586 1932 et
622 1901 765 1931 aliorum
809 1900 1073 1935 emendatione,
1108 1899 1409 1931 Drakenborcliio.
1454 1898 1670 1939 Kreyssigio,

349 1962 505 1993 Bekkero
535 1963 688 2004 probata,
717 1972 783 2002 qua
810 1971 852 1991 ex
878 1960 929 1990 his
959 1960 1083 1990 codicis
1112 1961 1139 1991 P
1166 1962 1335 2001 vestigiis:
1364 1961 1452 1991 ulia
1478 1960 1578 1990 aliis
1605 1959 1670 1989 lo-

885 2024 1002 2053 ribus

351 2072 433 2101 ciis
477 2072 527 2101 ad
572 2070 834 2110 opsidendis
886 2070 995 2100 itine
1035 2069 1394 2110 claudendosque
1446 2065 1672 2108 opponitis

1072 2141 1118 2161 ea

350 2180 513 2217 exitus,
554 2190 652 2220 pars
679 2179 870 2209 maxima
898 2188 1027 2218 super
1054 2183 1241 2208 tei-trum
1269 2178 1472 2217 circaque
1500 2200 1507 2206 .
1531 2201 1538 2209 .
1566 2185 1672 2206 con-

351 2243 521 2272 sistunt
557 2241 730 2271 lenissime
757 2239 917 2271 efficitur:
955 2239 1030 2269 alii
1069 2240 1169 2269 aliis
1201 2239 1312 2269 locis
1347 2238 1398 2268 ad
1434 2235 1674 2276 opsidenda

352 2303 514 2333 itinera
541 2304 904 2342 claudendosque
931 2301 1130 2342 oppositi
1159 2308 1323 2337 eXi11153
1357 2308 1456 2339 pars
1492 2297 1675 2327 maxima

351 2373 483 2404 super
510 2365 728 2394 theatrum
758 2388 763 2394 .
794 2387 800 2393 .
831 2363 1105 2399 consistunt,
1134 2372 1193 2402 pro
1221 2371 1270 2398 ea,
1296 2362 1444 2401 inquam.
1472 2369 1578 2400 nuper
1602 2359 1673 2389 haec

351 2435 422 2456 esse
449 2426 644 2456 substituta:
673 2426 760 2456 alia
789 2424 893 2455 aliis
919 2423 1032 2454 locis
1059 2423 1110 2453 ad
1137 2423 1225 2453 obs.
1246 2423 1287 2452 it.
1309 2421 1675 2459 claudendosque

353 2488 588 2529 opponitur
613 2488 778 2518 exitus.
810 2496 910 2526 pars
944 2486 1132 2515 maxima
1159 2490 1258 2520 cet„
1289 2488 1325 2513 ut
1350 2493 1392 2514 ex
1416 2493 1514 2524 pars
1541 2482 1675 2513 maxi-

353 2560 413 2580 ma
440 2549 524 2579 miro
558 2549 698 2579 artificio
731 2548 828 2578 initio
864 2548 1037 2578 sententiae
1064 2548 1105 2577 ad
1133 2546 1221 2576 alia
1248 2546 1402 2576 audiatur
1429 2554 1526 2586 pars
1553 2549 1585 2574 et
1613 2553 1674 2584 pro

354 2621 404 2649 eo,
433 2612 523 2651 quod
549 2620 768 2641 noveramus:
796 2610 871 2640 alii
898 2610 1003 2640 aliis
1029 2609 1143 2639 locis
1170 2618 1254 2638 nove
1280 2608 1427 2637 dicatur:
1454 2606 1541 2636 alia
1576 2615 1676 2645 pars

355 2673 458 2704 aliis
495 2671 620 2705 locis.
678 2672 802 2702 Nocuit
837 2671 914 2702 huic
957 2671 1032 2701 loco
1071 2676 1106 2700 ut
1132 2670 1208 2700 aliis
1246 2669 1386 2699 nimium
1413 2668 1559 2699 studium
1587 2676 1675 2696 nova
