1811 2925
881 159 957 194 553
1404 156 1479 188 Lib.
1499 158 1630 190 XLIII.

210 290 267 320 est
297 283 401 332 apud
434 283 607 328 Livium;
637 289 679 319 ut
712 282 853 327 XXX,
886 283 950 328 27,
991 284 1030 318 11
1067 288 1156 331 post
1186 288 1464 331 prorogata
1490 282 1631 332 impe-

209 353 284 389 ria
316 353 554 401 adiungitur:
598 360 666 399 et,
710 360 757 390 ut
788 353 1002 402 placatis
1040 353 1114 389 dis
1155 353 1317 389 omnia
1354 353 1632 402 inciperent

210 426 688 473 age1·entque‚ludos
818 431 866 461 ut
903 437 985 461 eos
1015 424 1157 460 ludos
1188 425 1418 461 eonsules
1559 424 1632 461 fa-

209 502 404 539 cerent„
452 503 489 533 et
518 498 695 543 XXXI,
730 499 772 538 8,
813 500 834 534 6
867 497 944 533 his:
977 495 1206 544 Sulpicio
1239 496 1529 544 permissum
1560 501 1631 532 cet.

210 567 466 604 adnectuntur
500 582 569 617 per
602 575 650 605 ut
679 569 828 617 reliqua
855 569 1023 605 decreta.
1083 567 1234 603 Deinde
1255 567 1397 612 nescio,
1420 579 1497 612 cur,
1515 579 1631 615 quum

208 639 246 675 in
292 639 423 675 codice
460 640 661 689 perspicue
703 640 886 689 scriptum
937 646 1055 676 esset:
1102 638 1303 675 comitia
1347 637 1632 675 consulibus

209 711 473 759 rogandis.
514 712 676 747 ediderit
712 712 1056 760 subrogandis.
1126 711 1230 747 Tum
1271 709 1523 746 intolerabilis
1553 711 1633 746 haec

209 789 267 819 est
297 783 473 831 repetitio
505 782 756 819 substantivi:
788 782 989 818 comitia
1031 782 1103 818 ita
1134 782 1352 823 edicere.
1396 788 1445 817 ut
1474 793 1634 817 mense

210 854 445 891 Ianuario
477 854 680 890 comitia
720 854 891 890 haberi
923 860 1138 902 possent.
1211 853 1289 891 Sed
1322 853 1360 889 in
1397 853 1527 889 codice
1557 865 1632 889 non

210 926 349 974 legitur
381 925 575 969 haberi,
619 925 685 961 sed
715 930 864 961 tantum
896 931 946 960 ut
975 937 1138 961 mense
1170 924 1268 960 Ian.
1300 923 1500 960 comitia
1530 935 1633 972 pos-

209 1004 329 1033 sent.
391 996 643 1033 Scribendum
677 1002 734 1032 est
763 995 891 1044 igitur,
924 996 997 1032 nisi
1028 995 1160 1032 fallor:
1205 1001 1258 1031 ut
1300 1008 1349 1031 m.
1384 995 1415 1033 I.
1450 995 1632 1034 confici

209 1074 422 1117 possent.
511 1066 661 1103 Eodem
694 1067 819 1116 capite
852 1072 870 1113 ξ
909 1070 967 1110 11,
999 1067 1064 1104 ubi
1095 1067 1313 1116 exponitur,
1344 1066 1435 1115 quid
1466 1067 1581 1115 legati
1615 1079 1635 1102 e

209 1139 442 1175 Macedonia
471 1139 675 1175 redeuntes
706 1139 1023 1183 renuntiaverint,
1055 1138 1109 1174 sic
1140 1138 1338 1175 scribitur:
1369 1138 1635 1186 Ignomini-

209 1223 281 1246 am
314 1209 510 1246 Claudii
555 1210 847 1246 temeritate
897 1216 1156 1259 acceptam
1204 1210 1401 1246 elevare
1442 1222 1522 1246 eos
1552 1222 1634 1258 pa-

209 1288 308 1317 tres
341 1288 662 1330 acceperunt.
709 1281 790 1329 qui
839 1293 1122 1331 perpaucos
1154 1280 1329 1317 Italici
1359 1281 1550 1330 generis
1587 1309 1626 1320 ..

207 1353 274 1389 ibi
305 1353 487 1390 milites
523 1354 732 1390 amissos
762 1353 1061 1390 referebant.
1150 1353 1242 1390 Non
1288 1366 1336 1389 ex
1390 1352 1474 1388 aliis
1505 1360 1635 1401 patres

209 1425 521 1473 comperiebant,
560 1425 708 1473 legatos
739 1425 991 1473 ignominiam
1023 1424 1176 1461 elevare
1222 1426 1298 1470 (-—
1336 1424 1373 1460 id
1405 1430 1462 1461 est
1492 1430 1633 1467 autem,

210 1497 383 1545 accipere
414 1496 580 1544 aliquem
614 1496 759 1544 aliquid
789 1495 918 1531 facere
950 1492 1045 1540 ——)‚
1087 1495 1154 1532 sed
1193 1495 1298 1544 ipsos
1338 1508 1467 1531 coram
1499 1496 1633 1533 audie—

208 1569 320 1606 bant:
369 1568 505 1604 omitto
547 1580 654 1616 eos,
695 1568 773 1616 qui
819 1579 939 1616 prave
975 1566 1036 1602 hic
1076 1566 1167 1615 poni
1202 1566 1292 1609 (nisi
1322 1566 1423 1603 :forte
1452 1574 1632 1615 putamus

208 1646 339 1688 patres
371 1652 418 1675 ex
449 1639 584 1687 legatis
617 1640 823 1688 accepisse,
858 1638 955 1674 alios
985 1638 1115 1674 nescio
1148 1650 1244 1686 quos
1277 1638 1526 1686 ignominiam
1559 1639 1634 1676 ele-

210 1710 318 1759 vare)
364 1717 398 1746 et
436 1710 474 1746 in
518 1711 589 1747 hac
633 1717 824 1747 structura
863 1709 1028 1746 relativa
1058 1709 1319 1745 necessarium
1350 1710 1634 1747 coniunctivum

210 1794 293 1818 esse
326 1782 622 1828 (referrent).
682 1782 756 1818 His
784 1781 1040 1818 incommodis
1071 1780 1331 1822 medebimur,
1376 1780 1407 1816 si
1438 1780 1635 1830 scripseri-

212 1865 315 1889 mus:
346 1853 677 1902 Ignominiam
804 1853 1001 1892 clevari
1036 1865 1089 1891 eo
1122 1858 1296 1900 patres
1327 1859 1635 1901 acceperunt,

211 1924 341 1975 quod
379 1954 389 1963 .
409 1955 417 1962 ,
451 1923 734 1961 referebant
765 1925 856 1970 (hoe
887 1930 963 1960 est:
1009 1923 1132 1971 quod,
1178 1930 1219 1958 ut
1248 1922 1490 1967 referebant„
1520 1924 1635 1972 pauci

212 1996 342 2031 amissi
374 1995 530 2043 essent).
579 1995 792 2044 (Quippe
828 2008 900 2044 pro
933 1995 1012 2043 qui
1044 1995 1172 2044 posito
1217 2007 1292 2030 non
1324 1994 1470 2030 tollitur
1500 1995 1634 2031 vitium

211 2067 249 2103 in
280 2067 337 2103 his
369 2067 517 2103 verbis:
552 2067 745 2103 elevare
776 2079 857 2103 eos
889 2068 1215 2114 acceperunt.)
1293 2065 1480 2102 Extremo
1511 2067 1636 2115 capite

213 2140 248 2184 (ξ
290 2139 355 2185 13)
387 2138 506 2174 miror
535 2144 674 2187 praeter
703 2138 881 2174 lacunam
913 2137 1104 2174 neminem
1136 2144 1305 2182 notasse„
1338 2137 1547 2174 admodum
1579 2138 1636 2174 in-

213 2209 352 2245 usitate
399 2209 492 2245 dici:
552 2210 837 2246 sacerdotes
881 2210 1016 2249 intra
1072 2221 1173 2245 eum
1220 2221 1392 2244 annum
1437 2210 1635 2250 mortui.

214 2293 331 2328 quum
363 2281 599 2329 intelligatur
640 2293 693 2316 eo
735 2293 870 2316 anno.
938 2279 1110 2317 Difficile
1155 2286 1212 2316 est
1251 2280 1289 2315 in
1320 2280 1389 2316 tali
1418 2280 1505 2317 loco
1535 2281 1636 2317 ultra

215 2352 343 2387 mendi
370 2352 607 2388 notationem
639 2352 838 2400 progredi;
868 2359 905 2389 et
932 2360 1061 2389 tamen
1093 2351 1281 2400 suspicor.
1313 2351 1466 2388 Livium
1488 2351 1542 2388 sic
1557 2351 1637 2388 fere

214 2423 430 2471 scripsisse:
475 2422 772 2460 Sacerdotes
810 2429 907 2460 tres
948 2437 999 2460 eo
1027 2435 1152 2460 anno
1184 2422 1364 2459 mortui
1394 2429 1504 2458 sunt
1535 2423 1637 2470 (cod.

214 2500 432 2530 mortuus
472 2495 579 2538 est),
631 2493 676 2544 [*
707 2506 884 2542 augur,
932 2495 978 2531 in
1017 2496 1151 2542 cuius
1182 2493 1342 2530 locum
1373 2500 1637 2542 cooptatus

214 2562 306 2614 est]
344 2565 387 2602 L.
420 2565 751 2610 Flamininus3
793 2565 1060 2613 pontifices
1095 2566 1184 2602 duo
1217 2566 1538 2601 decesserunt
1567 2569 1637 2601 cet.

215 2636 278 2672 Ex
312 2636 631 2673 annomortui
662 2643 786 2673 ortum
819 2649 1018 2682 annum3
1048 2637 1086 2673 id
1116 2636 1265 2672 initium
1296 2635 1450 2672 erroris.
