1811 2925
399 664 972 727 EMENDATIONUM
1008 666 1468 728 LIVIANARUM

806 784 900 821 PARS
926 785 1074 825 QUARTA

222 884 319 926 le'll
366 886 583 928 LIBRORUM
615 888 802 936 QUINQUE
845 889 871 929 A
918 888 1251 936 QUADRAGESlMO
1283 889 1412 930 PRIMO
1459 891 1513 931 AD
1545 891 1652 937 QUA-

356 964 639 1006 DRAGESIMUM
679 966 869 1013 QUINTUM
899 966 1233 1008 EMENDATIONES
1265 967 1513 1009 CONTINENS.

801 1142 1068 1178 PROOEmUM.

222 1244 536 1326 Postremorum
569 1291 749 1339 quinque,
784 1292 848 1340 qui
883 1298 1059 1336 exstant,
1090 1292 1190 1327 Livii
1220 1292 1404 1327 librorum
1430 1304 1561 1327 omnes
1580 1304 1652 1327 no-

222 1367 309 1396 runt
340 1361 486 1396 nullum
517 1373 720 1409 superesse
766 1369 833 1398 aut
867 1369 955 1410 post
1000 1368 1155 1397 renatas
1196 1362 1343 1397 litteras
1387 1362 1650 1410 comparuisse

223 1431 392 1467 codicem
420 1437 559 1479 praeter
590 1445 700 1475 eum„
744 1445 793 1468 ex
838 1445 914 1480 quo
946 1444 1011 1468 eos
1042 1432 1188 1480 primus
1220 1432 1353 1469 Simon
1385 1432 1575 1480 Grynaeus
1607 1445 1641 1467 a.

231 1502 324 1537 1531
367 1501 531 1537 Basileae
573 1502 674 1550 apud
706 1502 942 1538 Frobenium
984 1502 1126 1547 edidit,
1169 1502 1237 1550 ¹qui
1275 1503 1425 1545 codex,
1459 1514 1575 1549 [plum
1608 1514 1645 1539 a.

231 1572 328 1606 1527
363 1576 425 1615 (ut
456 1577 608 1607 constat
638 1584 686 1606 cx
719 1571 884 1619 epistola
913 1571 1071 1620 Grynaei
1109 1572 1156 1607 ad
1188 1573 1260 1607 Ph.
1292 1572 1648 1617 Melanchthonelm

222 1640 271 1675 ab
305 1641 359 1676 M.
391 1641 564 1689 Hauptio
596 1641 633 1676 in
664 1642 740 1677 ind.
774 1642 893 1680 schol.
928 1642 1097 1677 Berolin.
1127 1638 1250 1682 18:3⁶5
1285 1641 1402 1689 edita)
1434 1641 1472 1676 in
1506 1653 1644 1677 coeno-

226 1710 288 1746 bio
320 1711 638 1747 Laurishamensi
670 1725 746 1748 non
778 1711 892 1758 longe
924 1723 946 1746 a
970 1711 1105 1746 Rheno
1137 1724 1157 1746 e
1187 1711 1343 1759 regione
1365 1711 1644 1758 Borbetomagi

225 1781 400 1817 inventus
427 1788 549 1825 esset7
594 1789 732 1829 postea
772 1781 891 1816 variis
935 1780 1086 1816 casibus
1117 1781 1155 1816 in
1185 1781 1372 1817 Noricum
1406 1780 1642 1829 (Tyroliam)

224 1851 259 1885 in
292 1864 419 1886 arcem
455 1853 781 1895 Ambrasensem,
813 1851 949 1886 deinde
982 1851 1255 1886 Vindobonam
1294 1851 1441 1886 delatus
1486 1857 1543 1886 est
1573 1850 1646 1886 ibi-

225 1933 298 1967 que
328 1933 427 1956 nunc
460 1921 498 1956 in
532 1922 764 1958 bibliotheca
795 1920 974 1957 Caesarea
1008 1927 1203 1964 servatur,
1236 1921 1377 1956 amisso
1409 1928 1536 1956 tamen
1567 1932 1644 1955 uno

225 1990 476 2037 quaternione
505 1998 645 2039 praeter
676 2004 766 2035 eos,
816 1991 880 2038 qui
911 1991 988 2025 iam
1023 1990 1182 2038 Grynaei
1216 1997 1327 2026 aetate
1358 1990 1642 2026 interciderant.

224 2061 327 2096 Nam
366 2072 481 2107 quum
520 2061 667 2109 integer
709 2062 856 2101 conX,
902 2067 941 2095 ut
988 2059 1179 2107 Grynaeus
1228 2060 1429 2108 diligenter
1467 2059 1647 2107 exposuit

223 2130 260 2164 in
292 2130 587 2177 compellatione
618 2131 770 2167 lectoris
801 2131 838 2166 in
874 2130 960 2165 edit.
985 2130 1232 2166 Frobeniana
1263 2137 1351 2178 post
1381 2129 1543 2165 indicem
1574 2142 1643 2177 po-

224 2199 297 2234 sita
328 2200 446 2245 (unde
475 2201 596 2236 verba
626 2202 861 2249 repetierunt
892 2199 1234 2236 Drakenborchius
1276 2201 1351 2235 vol.
1384 2199 1464 2235 VII
1493 2212 1531 2247 p.
1564 2200 1642 2234 225

225 2275 261 2304 et
291 2269 538 2317 Kreyssigius
569 2270 607 2305 in
638 2271 843 2307 Adnotatt.
876 2272 990 2318 pe),
1022 2269 1180 2316 triginta
1211 2275 1392 2317 quattuor
1424 2269 1643 2316 quaternio-

224 2351 290 2373 nes
322 2345 547 2374 octonorum
579 2339 759 2375 foliorum
791 2341 1002 2383 habuisset,
1032 2339 1110 2374 iam
1144 2346 1222 2375 tum
1254 2340 1412 2374 deerant
1443 2338 1643 2386 quaternio

227 2409 255 2452 Ι,
287 2408 346 2443 IV
377 2415 514 2455 praeter
545 2422 662 2445 unum
693 2410 828 2446 folium
876 2416 971 2457 (quo
1005 2410 1220 2445 continetur
1256 2408 1514 2455 fragmentum
1557 2407 1643 2443 libri

226 2478 323 2512 XLI
354 2490 377 2512 a
406 2490 443 2515 v,
475 2479 680 2514 deduxit
711 2487 882 2515 extremo
915 2492 945 2514 c.
988 2480 1031 2514 18
1064 2478 1287 2526 incipiens),
1318 2478 1355 2512 V
1385 2477 1474 2512 item
1505 2483 1645 2525 praeter

226 2559 341 2582 unum
378 2546 512 2582 folium
550 2549 691 2593 (XLI,
737 2551 831 2594 20)7
875 2549 977 2593 XV„
1009 2549 1135 2590 XVI,
1168 2548 1311 2585 XVII,
1349 2547 1497 2583 XVIII
1530 2547 1646 2592 (inter

226 2617 366 2652 XLIII
397 2629 426 2652 c.
462 2618 482 2652 3
517 2624 553 2651 et
586 2618 649 2663 4),
687 2619 949 2664 quaternionis
982 2619 1107 2654 XXV
1152 2618 1246 2653 folia
1277 2618 1352 2652 duo
1383 2616 1511 2652 media
1542 2618 1645 2663 (quae
