1811 2925
842 127 919 161 465
1443 123 1520 156 Lib.
1538 123 1602 154 XL

168 246 257 283 tris
288 247 501 284 fortunae
532 259 791 284 successor
961 258 1090 295 spem
1129 245 1316 295 meam);
1362 259 1486 295 neque
1533 247 1602 283 ad-

171 318 328 354 modum
362 325 494 367 aptum
533 330 735 366 usquam
769 317 994 354 adverbium
1027 317 1196 360 videtum
1232 317 1363 365 itaque
1406 318 1487 354 fieri
1533 331 1602 367 po-

168 396 255 435 test,
286 395 328 426 ut
359 389 493 426 Livius
519 389 715 438 scripserit
756 395 923 425 tantum:
965 387 1060 425 Cur
1098 400 1298 436 usquam
1337 388 1399 433 (in
1439 388 1518 424 ulla
1543 388 1601 437 re)

167 460 237 497 tui
268 460 446 497 mentio
483 459 563 504 fit,
609 457 860 496 Demetri?
902 459 1060 496 Nullam
1093 458 1192 495 enim
1225 459 1382 495 omnino
1413 459 1604 496 Demetrii

167 531 354 567 rat-ionem
404 531 539 567 haberi
579 530 861 566 mentionemve
904 529 986 566 fieri
1018 530 1165 566 Persea
1205 529 1303 566 velle
1351 530 1602 578 significatur.

169 600 323 638 Certior
355 607 485 637 tamen
537 608 592 637 est
632 600 819 638 correctio
870 601 1091 637 adhibenda
1119 600 1236 650 paulo
1268 607 1358 649 post
1389 598 1493 650 (10),
1538 601 1603 637 ubi

168 673 222 709 sic
254 672 396 709 editur:
428 671 477 709 Si
508 672 621 708 mihi
651 677 793 720 pater
823 678 1150 716 suscenseret,
1171 678 1228 716 te,
1256 672 1487 708 maiorem
1509 670 1603 707 fra-

169 751 308 788 trem,
350 755 434 791 pro
485 742 673 778 minore
704 741 965 790 deprecari
997 743 1290 792 oportebat,
1340 748 1386 778 te
1432 742 1602 778 adole-

169 814 443 859 scentiae‚te
464 813 623 849 errori
652 812 841 849 veniam
873 812 1154 861 impetrare.
1206 813 1259 849 In
1290 826 1354 857 eo,
1385 813 1466 849 ubi
1492 824 1602 861 prae-

169 885 343 922 sidium
386 896 493 920 esse
535 884 822 932 oportebat,
867 884 934 920 ibi
979 883 1181 920 exitium
1228 890 1311 921 est.
1391 882 1602 919 Manifesto

169 956 350 992 vitiosum
383 961 440 991 est·
473 955 518 990 in
547 967 600 990 eo
640 985 647 991 .
669 985 675 991 .
695 984 704 992 .
743 953 827 999 ibi;
858 954 990 1002 itaque
1023 954 1228 991 Creverius
1264 955 1308 991 in
1342 967 1394 990 eo
1428 954 1510 990 tolli
1533 966 1602 990 vo-

168 1028 284 1070 lebat,
314 1025 653 1061 Weissenbornius
684 1037 754 1072 pro
788 1038 833 1061 eo
865 1025 981 1061 scribi
1012 1038 1145 1062 nunc.
1212 1026 1346 1062 Livius
1376 1025 1602 1074 scripserat:

169 1104 214 1134 te
246 1096 403 1133 errori
450 1095 641 1131 veniam
679 1096 950 1144 impetrare
994 1109 1106 1136 mco.
1183 1096 1277 1135 Ubi
1325 1095 1602 1144 praesidium

169 1175 241 1204 cet.
308 1167 457 1204 Eadem
489 1166 725 1202 correctione
772 1166 888 1215 (meo
931 1180 1002 1215 pro
1049 1167 1094 1202 in
1127 1170 1200 1212 eo)
1246 1167 1336 1204 olim
1368 1167 1504 1202 sanavi
1536 1165 1602 1203 Ci-

170 1238 319 1275 ceronis
358 1237 464 1273 locos
496 1249 566 1285 pro
598 1238 715 1274 Roso.
747 1239 839 1273 Am.
876 1238 951 1280 27‚
987 1239 1034 1273 73
1083 1244 1119 1273 et
1149 1250 1221 1286 pro
1253 1236 1403 1274 Cluent.
1437 1239 1501 1283 24,
1536 1241 1600 1287 65,

170 1320 333 1356 quorum
367 1307 406 1343 in
437 1307 558 1342 altero
589 1313 727 1355 postea
758 1307 932 1344 codicum
964 1309 1126 1345 accessit
1156 1304 1420 1351 auctoritas,¹)

194 1486 227 1529 1)
268 1489 396 1519 Eodem
441 1498 514 1529 cap.
557 1489 573 1527 ξ
601 1493 621 1518 4
647 1488 773 1519 frustra
799 1489 1098 1520 Weissenbornius
1133 1489 1315 1520 defendere
1342 1490 1414 1530 haec
1442 1496 1602 1521 conatur:

266 1556 313 1581 ut
337 1550 551 1589 indignus
587 1557 626 1580 te
649 1556 794 1591 patre,
831 1551 1042 1592 indignus
1069 1551 1272 1582 omnibus
1299 1552 1466 1590 videar3
1493 1561 1601 1593 neque

266 1612 355 1642 enim
383 1621 458 1642 cum
492 1612 648 1643 omnibus
671 1612 867 1643 hominibus
906 1613 984 1643 talis
1023 1619 1093 1643 erat
1121 1612 1297 1644 Demetrio
1325 1614 1539 1651 coniunctio,
1566 1621 1603 1645 ut

267 1674 308 1705 iis
335 1683 369 1705 se
396 1674 537 1714 dignum
563 1681 723 1715 praestare
750 1675 903 1713 deberet3
930 1684 1040 1715 neque
1067 1675 1223 1706 omnibus
1249 1676 1409 1715 indignus
1440 1676 1602 1707 continuo

269 1742 351 1774 erat,
379 1736 435 1776 qui
464 1745 544 1776 rege
569 1742 666 1777 patre
694 1746 762 1767 non
790 1737 912 1776 dignus
941 1742 1022 1767 erat.
1094 1737 1165 1766 Aut
1205 1746 1280 1768 cum
1308 1736 1482 1769 Gronovio
1521 1739 1603 1769 scri-

266 1798 411 1829 bendum
439 1804 509 1829 est:
538 1798 748 1837 indignus
777 1803 816 1828 te
842 1802 987 1839 patre,
1034 1799 1244 1838 indignus
1271 1800 1511 1830 maioribus
1539 1801 1602 1830 vi-

265 1859 369 1889 dear
395 1865 469 1890 aut:
506 1859 715 1899 indignus
758 1866 797 1890 te
833 1865 960 1900 patre
987 1860 1187 1891 omnibus
1214 1861 1373 1892 videar.
1427 1862 1515 1892 Tum
1543 1873 1602 1893 au-

265 1926 331 1952 tem
359 1921 478 1959 miror,
514 1931 617 1961 quum
651 1921 717 1951 iam
744 1921 1033 1952 Drakenborchio
1068 1932 1182 1952 verum
1220 1923 1253 1953 in
1281 1930 1431 1954 mentem
1457 1924 1603 1955 venisset

267 1982 341 2023 (sed
371 1983 500 2014 incerto
534 1989 567 2014 et
600 1983 820 2022 fluctuanti)⁷
849 1983 1000 2013 noudum
1036 1984 1229 2014 restitutum
1260 1994 1333 2015 esse
1361 1993 1378 2014 e
1405 1985 1601 2016 codicibus:

266 2044 305 2074 id
333 2043 447 2075 enim
473 2045 608 2083 vitiis,
637 2055 719 2075 non
747 2045 927 2075 cedendi
954 2044 1020 2084 (sic
1046 2045 1130 2076 Lov.
1159 2049 1190 2082 3,
1218 2044 1344 2083 Μεο<1.,
1377 2046 1514 2080 Gaertn.
1540 2057 1601 2088 pro

266 2106 471 2139 cedendo,
499 2107 540 2137 de
567 2105 604 2136 M
629 2105 794 2146 tacetur)⁷
840 2106 906 2137 cui
944 2107 1009 2137 ius
1052 2105 1212 2146 fasque
1249 2113 1331 2145 est,
1383 2109 1602 2139 modestia

267 2176 515 2207 consequar
541 2168 632 2206 (edd.
661 2175 779 2199 contra
805 2167 956 2199 codices:
982 2177 1066 2198 non
1092 2168 1308 2199 modestia
1330 2174 1601 2210 consequar).

269 2228 368 2260 Vitiis
404 2235 493 2260 recte
532 2240 600 2260 una
626 2231 796 2260 contraria
822 2229 960 2270 ponitur
995 2229 1180 2260 cedendi
1219 2231 1447 2269 modestia,
1491 2232 1602 2262 minus

266 2295 357 2321 recte
383 2291 579 2322 cedendo
606 2297 647 2321 et
670 2292 898 2323 modestia.
946 2292 1092 2332 Propter
1118 2291 1247 2323 vitiis
1275 2293 1437 2334 scriptum
1464 2302 1514 2325 est
1543 2303 1601 2325 ce-

268 2352 427 2389 dendo,
455 2361 525 2383 non
550 2353 784 2384 animadversa
808 2354 987 2385 verborum
1014 2353 1230 2386 cohaerentia.
1286 2354 1452 2386 Extremo
1491 2356 1601 2397 capite

267 2413 301 2455 (ξ
331 2413 390 2453 16)
419 2414 689 2455 obtemperatum
717 2416 867 2456 oportuit
891 2415 1198 2454 Drakenborchio,
1242 2417 1299 2457 qui
1324 2427 1386 2458 pro
1413 2427 1473 2455 eo,
1509 2419 1600 2458 quod

267 2485 357 2506 nunc
383 2475 511 2506 editur:
549 2476 618 2515 qui
652 2476 731 2506 iam
759 2484 871 2505 nunc
897 2477 1110 2515 sanguine
1142 2487 1234 2508 meo
1264 2478 1348 2509 sibi
1374 2479 1601 2519 indulgeri

265 2546 424 2578 aequum
453 2541 614 2573 censet,
643 2545 660 2566 e
688 2536 842 2566 codicum
866 2536 1005 2567 incertis
1032 2539 1185 2579 vestigiis
1211 2540 1312 2570 eruit:
1347 2541 1600 2581 sanguinem

266 2608 401 2629 meum
428 2598 515 2630 sibi
540 2597 766 2637 indulgeri
793 2607 830 2627 ae.
860 2607 890 2628 c.
934 2598 1047 2638 (quod
1089 2599 1202 2640 ipsum
1227 2600 1261 2630 in
1286 2602 1441 2642 margine
1466 2602 1551 2633 Lov.
1581 2606 1599 2632 2

266 2660 466 2691 adnotatum
493 2663 565 2698 est).
615 2658 860 2699 Indulgere
886 2659 1027 2690 alicui
1053 2661 1273 2701 sanguine
1303 2662 1410 2694 aliave
1437 2673 1472 2694 re
1502 2673 1600 2695 nemo

249 2731 392 2754 MADUGH
411 2731 618 2756 Emunu.1.nv.
1287 2741 1331 2769 30
