<?xml version="1.0" encoding="UTF-8"?>
<!DOCTYPE html PUBLIC "-//W3C//DTD XHTML 1.0 Transitional//EN"
    "http://www.w3.org/TR/xhtml1/DTD/xhtml1-transitional.dtd">
<html xmlns="http://www.w3.org/1999/xhtml" xml:lang="en" lang="en">
 <head>
  <title>
</title>
<meta http-equiv="Content-Type" content="text/html;charset=utf-8" />
  <meta name='ocr-system' content='tesseract 3.04.00' />
  <meta name='ocr-capabilities' content='ocr_page ocr_carea ocr_par ocr_line ocrx_word'/>
</head>
<body>
  <div class='ocr_page' id='page_1' title='image "./emendationeslivi00madvuoft_0539.png"; bbox 0 0 1811 2925; ppageno 0'>
   <div class='ocr_carea' id='block_1_1' title="bbox 819 127 1575 163">
    <p class='ocr_par' dir='ltr' id='par_1_1' title="bbox 819 127 1575 163">
     <span class='ocr_line' id='line_1_1' title="bbox 819 127 1575 163; baseline -0.005 0"><span class='ocrx_word' id='word_1_1' title='bbox 819 128 895 163; x_wconf 82' lang='lat'>533</span> <span class='ocrx_word' id='word_1_2' title='bbox 1357 127 1435 158; x_wconf 87' lang='lat' dir='ltr'>Lib.</span> <span class='ocrx_word' id='word_1_3' title='bbox 1458 127 1575 159; x_wconf 86' lang='lat' dir='ltr'>XLII.</span> 
     </span>
    </p>
   </div>
   <div class='ocr_carea' id='block_1_2' title="bbox 146 248 1575 369">
    <p class='ocr_par' dir='ltr' id='par_1_2' title="bbox 146 248 1575 369">
     <span class='ocr_line' id='line_1_2' title="bbox 146 248 1575 297; baseline 0.002 -13"><span class='ocrx_word' id='word_1_4' title='bbox 146 261 218 297; x_wconf 87' lang='lat' dir='ltr'>pro</span> <span class='ocrx_word' id='word_1_5' title='bbox 250 248 336 294; x_wconf 89' lang='lat' dir='ltr'>ad).</span> <span class='ocrx_word' id='word_1_6' title='bbox 402 248 632 286; x_wconf 85' lang='lat' dir='ltr'>Interfectos</span> <span class='ocrx_word' id='word_1_7' title='bbox 673 250 746 287; x_wconf 87' lang='lat' dir='ltr'>hos</span> <span class='ocrx_word' id='word_1_8' title='bbox 788 250 963 286; x_wconf 87' lang='lat' dir='ltr'>homines</span> <span class='ocrx_word' id='word_1_9' title='bbox 998 261 1094 293; x_wconf 73' lang='lat' dir='ltr'>esse,</span> <span class='ocrx_word' id='word_1_10' title='bbox 1127 261 1244 297; x_wconf 85' lang='lat' dir='ltr'>quum</span> <span class='ocrx_word' id='word_1_11' title='bbox 1275 250 1442 286; x_wconf 85' lang='lat' dir='ltr'>Romam</span> <span class='ocrx_word' id='word_1_12' title='bbox 1476 251 1575 287; x_wconf 87' lang='lat' dir='ltr'>irent</span> 
     </span>
     <span class='ocr_line' id='line_1_3' title="bbox 148 318 1574 369; baseline 0.002 -15"><span class='ocrx_word' id='word_1_13' title='bbox 148 319 362 361; x_wconf 72' lang='lat' dir='ltr'>(delaturos</span> <span class='ocrx_word' id='word_1_14' title='bbox 389 331 429 355; x_wconf 89' lang='lat' dir='ltr'>se</span> <span class='ocrx_word' id='word_1_15' title='bbox 453 319 502 355; x_wconf 88' lang='lat' dir='ltr'>ad</span> <span class='ocrx_word' id='word_1_16' title='bbox 517 320 716 357; x_wconf 88' lang='lat' dir='ltr'>Romanos</span> <span class='ocrx_word' id='word_1_17' title='bbox 734 319 912 369; x_wconf 75' lang='lat' dir='ltr'><strong>professi,</strong></span> <span class='ocrx_word' id='word_1_18' title='bbox 934 331 1019 367; x_wconf 84' lang='lat' dir='ltr'>quae</span> <span class='ocrx_word' id='word_1_19' title='bbox 1045 332 1068 355; x_wconf 90' lang='lat' dir='ltr'>a</span> <span class='ocrx_word' id='word_1_20' title='bbox 1081 320 1227 356; x_wconf 88' lang='lat' dir='ltr'>Perseo</span> <span class='ocrx_word' id='word_1_21' title='bbox 1246 318 1483 368; x_wconf 82' lang='lat' dir='ltr'>agerentur),</span> <span class='ocrx_word' id='word_1_22' title='bbox 1498 333 1574 357; x_wconf 90' lang='lat' dir='ltr'>non</span> 
     </span>
    </p>
   </div>
   <div class='ocr_carea' id='block_1_3' title="bbox 1038 392 1057 403">
    <p class='ocr_par' dir='ltr' id='par_1_3' title="bbox 1038 392 1057 403">
     <span class='ocr_line' id='line_1_4' title="bbox 1038 392 1057 403; baseline 0 -3"><span class='ocrx_word' id='word_1_23' title='bbox 1038 392 1057 403; x_wconf 73' lang='grc'>,-</span> 
     </span>
    </p>
   </div>
   <div class='ocr_carea' id='block_1_4' title="bbox 143 389 1586 2693">
    <p class='ocr_par' dir='ltr' id='par_1_4' title="bbox 145 389 1578 580">
     <span class='ocr_line' id='line_1_5' title="bbox 148 389 1575 440; baseline 0.001 -14"><span class='ocrx_word' id='word_1_24' title='bbox 148 402 263 437; x_wconf 89' lang='lat' dir='ltr'>quum</span> <span class='ocrx_word' id='word_1_25' title='bbox 294 390 383 426; x_wconf 92' lang='lat' dir='ltr'>inde</span> <span class='ocrx_word' id='word_1_26' title='bbox 413 389 594 431; x_wconf 77' lang='lat' dir='ltr'>redirent,</span> <span class='ocrx_word' id='word_1_27' title='bbox 627 396 790 440; x_wconf 87' lang='lat' dir='ltr'>apparet</span> <span class='ocrx_word' id='word_1_28' title='bbox 822 403 842 427; x_wconf 89' lang='lat' dir='ltr'>e</span> <span class='ocrx_word' id='word_1_29' title='bbox 872 403 904 427; x_wconf 90' lang='lat' dir='ltr'>c.</span> <span class='ocrx_word' id='word_1_30' title='bbox 941 392 1001 434; x_wconf 72' lang='lat'>13,</span> <span class='ocrx_word' id='word_1_31' title='bbox 1043 402 1074 426; x_wconf 79' lang='lat' dir='ltr'>t.</span> <span class='ocrx_word' id='word_1_32' title='bbox 1145 390 1216 435; x_wconf 84' lang='lat' dir='ltr'>(In</span> <span class='ocrx_word' id='word_1_33' title='bbox 1248 393 1265 435; x_wconf 65' lang='grc' dir='ltr'>ξ</span> <span class='ocrx_word' id='word_1_34' title='bbox 1302 392 1317 426; x_wconf 87' lang='grc'><strong>1</strong></span> <span class='ocrx_word' id='word_1_35' title='bbox 1353 390 1451 426; x_wconf 88' lang='lat' dir='ltr'>sitne</span> <span class='ocrx_word' id='word_1_36' title='bbox 1482 391 1575 427; x_wconf 87' lang='lat' dir='ltr'>sim-</span> 
     </span>
     <span class='ocr_line' id='line_1_6' title="bbox 145 460 1578 510; baseline 0.001 -14"><span class='ocrx_word' id='word_1_37' title='bbox 145 460 295 508; x_wconf 87' lang='lat' dir='ltr'>pliciter</span> <span class='ocrx_word' id='word_1_38' title='bbox 324 460 534 496; x_wconf 88' lang='lat' dir='ltr'>tollendum</span> <span class='ocrx_word' id='word_1_39' title='bbox 579 473 667 498; x_wconf 88' lang='lat' dir='ltr'>nos</span> <span class='ocrx_word' id='word_1_40' title='bbox 708 474 757 498; x_wconf 88' lang='lat' dir='ltr'>an</span> <span class='ocrx_word' id='word_1_41' title='bbox 791 461 1039 501; x_wconf 72' lang='lat' dir='ltr'>mutandum,</span> <span class='ocrx_word' id='word_1_42' title='bbox 1076 460 1230 506; x_wconf 81' lang='lat' dir='ltr'>nescio;</span> <span class='ocrx_word' id='word_1_43' title='bbox 1262 473 1347 498; x_wconf 89' lang='lat' dir='ltr'>cum</span> <span class='ocrx_word' id='word_1_44' title='bbox 1378 473 1578 510; x_wconf 86' lang='lat' dir='ltr'>respon—</span> 
     </span>
     <span class='ocr_line' id='line_1_7' title="bbox 146 531 935 580; baseline 0.001 -13"><span class='ocrx_word' id='word_1_45' title='bbox 146 531 280 567; x_wconf 89' lang='lat' dir='ltr'>deam</span> <span class='ocrx_word' id='word_1_46' title='bbox 293 543 342 567; x_wconf 88' lang='lat' dir='ltr'>us</span> <span class='ocrx_word' id='word_1_47' title='bbox 375 531 529 579; x_wconf 88' lang='lat' dir='ltr'>quidem</span> <span class='ocrx_word' id='word_1_48' title='bbox 562 532 741 580; x_wconf 86' lang='lat' dir='ltr'>coniungi</span> <span class='ocrx_word' id='word_1_49' title='bbox 773 531 935 580; x_wconf 87' lang='lat' dir='ltr'>nequit.)</span> 
     </span>
    </p>

    <p class='ocr_par' dir='ltr' id='par_1_5' title="bbox 143 599 1586 2693">
     <span class='ocr_line' id='line_1_8' title="bbox 260 599 1577 651; baseline 0.002 -15"><span class='ocrx_word' id='word_1_50' title='bbox 260 599 356 649; x_wconf 89' lang='lat' dir='ltr'>Cap.</span> <span class='ocrx_word' id='word_1_51' title='bbox 391 603 455 645; x_wconf 72' lang='lat'>41,</span> <span class='ocrx_word' id='word_1_52' title='bbox 489 602 510 637; x_wconf 91' lang='grc'>9</span> <span class='ocrx_word' id='word_1_53' title='bbox 543 600 601 651; x_wconf 92' lang='lat' dir='ltr'>(in</span> <span class='ocrx_word' id='word_1_54' title='bbox 631 602 802 651; x_wconf 89' lang='lat' dir='ltr'>Philippi</span> <span class='ocrx_word' id='word_1_55' title='bbox 836 602 885 638; x_wconf 88' lang='lat' dir='ltr'>ad</span> <span class='ocrx_word' id='word_1_56' title='bbox 916 602 1109 639; x_wconf 88' lang='lat' dir='ltr'>Marcium</span> <span class='ocrx_word' id='word_1_57' title='bbox 1144 599 1358 650; x_wconf 84' lang='lat' dir='ltr'>oratione):</span> <span class='ocrx_word' id='word_1_58' title='bbox 1389 601 1449 637; x_wconf 80' lang='lat' dir='ltr'>Et</span> <span class='ocrx_word' id='word_1_59' title='bbox 1482 602 1577 638; x_wconf 82' lang='lat' dir='ltr'>haec</span> 
     </span>
     <span class='ocr_line' id='line_1_9' title="bbox 147 671 1578 720; baseline 0.001 -13"><span class='ocrx_word' id='word_1_60' title='bbox 147 671 336 718; x_wconf 90' lang='lat' dir='ltr'>quidem</span> <span class='ocrx_word' id='word_1_61' title='bbox 379 671 493 708; x_wconf 89' lang='lat' dir='ltr'>mihi</span> <span class='ocrx_word' id='word_1_62' title='bbox 537 678 763 720; x_wconf 82' lang='lat' dir='ltr'>tanquam</span> <span class='ocrx_word' id='word_1_63' title='bbox 797 684 990 709; x_wconf 89' lang='lat' dir='ltr'>causam</span> <span class='ocrx_word' id='word_1_64' title='bbox 1033 672 1216 709; x_wconf 89' lang='lat' dir='ltr'>dicenti</span> <span class='ocrx_word' id='word_1_65' title='bbox 1259 684 1342 709; x_wconf 86' lang='lat' dir='ltr'>reo</span> <span class='ocrx_word' id='word_1_66' title='bbox 1378 671 1578 708; x_wconf 87' lang='lat' dir='ltr'>obiecta</span> 
     </span>
     <span class='ocr_line' id='line_1_10' title="bbox 146 741 1576 792; baseline 0.001 -16"><span class='ocrx_word' id='word_1_67' title='bbox 146 747 273 783; x_wconf 75' lang='lat' dir='ltr'>sunt,</span> <span class='ocrx_word' id='word_1_68' title='bbox 316 741 402 777; x_wconf 90' lang='lat' dir='ltr'>illa</span> <span class='ocrx_word' id='word_1_69' title='bbox 469 748 701 790; x_wconf 83' lang='lat' dir='ltr'>tanquam</span> <span class='ocrx_word' id='word_1_70' title='bbox 747 743 849 792; x_wconf 87' lang='lat' dir='ltr'>regi</span> <span class='ocrx_word' id='word_1_71' title='bbox 892 749 933 779; x_wconf 89' lang='lat' dir='ltr'>et</span> <span class='ocrx_word' id='word_1_72' title='bbox 981 755 1080 791; x_wconf 82' lang='lat' dir='ltr'>quae</span> <span class='ocrx_word' id='word_1_73' title='bbox 1112 743 1167 779; x_wconf 92' lang='lat' dir='ltr'>de</span> <span class='ocrx_word' id='word_1_74' title='bbox 1197 742 1419 788; x_wconf 78' lang='lat' dir='ltr'>foedere,</span> <span class='ocrx_word' id='word_1_75' title='bbox 1453 742 1576 790; x_wconf 89' lang='lat' dir='ltr'>quod</span> 
     </span>
     <span class='ocr_line' id='line_1_11' title="bbox 147 811 1578 863; baseline 0.001 -17"><span class='ocrx_word' id='word_1_76' title='bbox 147 811 260 847; x_wconf 91' lang='lat' dir='ltr'>mihi</span> <span class='ocrx_word' id='word_1_77' title='bbox 291 818 362 847; x_wconf 91' lang='lat' dir='ltr'>est</span> <span class='ocrx_word' id='word_1_78' title='bbox 394 812 648 849; x_wconf 77' lang='lat' dir='ltr'>vobiscum</span> <span class='ocrx_word' id='word_1_79' title='bbox 690 814 1103 863; x_wconf 81' lang='lat' dir='ltr'>disceptationem</span> <span class='ocrx_word' id='word_1_80' title='bbox 1135 814 1361 850; x_wconf 80' lang='lat' dir='ltr'>habeant.</span> <span class='ocrx_word' id='word_1_81' title='bbox 1428 813 1475 848; x_wconf 91' lang='lat' dir='ltr'>In</span> <span class='ocrx_word' id='word_1_82' title='bbox 1504 813 1578 848; x_wconf 90' lang='lat' dir='ltr'>hac</span> 
     </span>
     <span class='ocr_line' id='line_1_12' title="bbox 148 881 1579 932; baseline 0.001 -15"><span class='ocrx_word' id='word_1_83' title='bbox 148 881 333 918; x_wconf 87' lang='lat' dir='ltr'>orationis</span> <span class='ocrx_word' id='word_1_84' title='bbox 365 882 493 918; x_wconf 84' lang='lat' dir='ltr'>forma</span> <span class='ocrx_word' id='word_1_85' title='bbox 534 883 622 919; x_wconf 93' lang='lat' dir='ltr'>illa</span> <span class='ocrx_word' id='word_1_86' title='bbox 664 896 881 932; x_wconf 87' lang='lat' dir='ltr'>pronomen</span> <span class='ocrx_word' id='word_1_87' title='bbox 912 885 1059 920; x_wconf 88' lang='lat' dir='ltr'>infinite</span> <span class='ocrx_word' id='word_1_88' title='bbox 1091 885 1332 921; x_wconf 85' lang='lat' dir='ltr'>demonstrat</span> <span class='ocrx_word' id='word_1_89' title='bbox 1378 895 1436 927; x_wconf 76' lang='lat' dir='ltr'>ea,</span> <span class='ocrx_word' id='word_1_90' title='bbox 1493 894 1579 930; x_wconf 86' lang='lat' dir='ltr'>quae</span> 
     </span>
     <span class='ocr_line' id='line_1_13' title="bbox 146 952 1578 1003; baseline 0.001 -16"><span class='ocrx_word' id='word_1_91' title='bbox 146 952 386 989; x_wconf 86' lang='lat' dir='ltr'>subiecturus</span> <span class='ocrx_word' id='word_1_92' title='bbox 440 961 529 1002; x_wconf 88' lang='lat' dir='ltr'>post</span> <span class='ocrx_word' id='word_1_93' title='bbox 571 955 739 991; x_wconf 84' lang='lat' dir='ltr'>Perseus</span> <span class='ocrx_word' id='word_1_94' title='bbox 791 962 866 1000; x_wconf 69' lang='lat' dir='ltr'>est,</span> <span class='ocrx_word' id='word_1_95' title='bbox 917 955 1173 1002; x_wconf 86' lang='lat' dir='ltr'>definiturque</span> <span class='ocrx_word' id='word_1_96' title='bbox 1216 953 1407 1003; x_wconf 88' lang='lat' dir='ltr'>particula</span> <span class='ocrx_word' id='word_1_97' title='bbox 1449 965 1578 997; x_wconf 70' lang='lat' dir='ltr'>nam,</span> 
     </span>
     <span class='ocr_line' id='line_1_14' title="bbox 149 1021 1578 1073; baseline -0.001 -14"><span class='ocrx_word' id='word_1_98' title='bbox 149 1023 251 1070; x_wconf 88' lang='lat' dir='ltr'>quod</span> <span class='ocrx_word' id='word_1_99' title='bbox 281 1035 403 1072; x_wconf 84' lang='lat' dir='ltr'>genus</span> <span class='ocrx_word' id='word_1_100' title='bbox 435 1025 676 1072; x_wconf 83' lang='lat' dir='ltr'>pronominis</span> <span class='ocrx_word' id='word_1_101' title='bbox 706 1024 790 1060; x_wconf 88' lang='lat' dir='ltr'>ille</span> <span class='ocrx_word' id='word_1_102' title='bbox 820 1025 990 1073; x_wconf 86' lang='lat' dir='ltr'>ponendi</span> <span class='ocrx_word' id='word_1_103' title='bbox 1022 1025 1126 1073; x_wconf 89' lang='lat' dir='ltr'>apud</span> <span class='ocrx_word' id='word_1_104' title='bbox 1149 1024 1374 1061; x_wconf 83' lang='lat' dir='ltr'>Ciceronem</span> <span class='ocrx_word' id='word_1_105' title='bbox 1397 1021 1578 1071; x_wconf 84' lang='lat' dir='ltr'>frequens</span> 
     </span>
     <span class='ocr_line' id='line_1_15' title="bbox 147 1093 1577 1143; baseline 0 -14"><span class='ocrx_word' id='word_1_106' title='bbox 147 1099 203 1130; x_wconf 88' lang='lat' dir='ltr'>est</span> <span class='ocrx_word' id='word_1_107' title='bbox 247 1093 342 1141; x_wconf 80' lang='lat' dir='ltr'>(vid.</span> <span class='ocrx_word' id='word_1_108' title='bbox 378 1094 511 1130; x_wconf 86' lang='lat' dir='ltr'>Hand.</span> <span class='ocrx_word' id='word_1_109' title='bbox 545 1095 710 1131; x_wconf 88' lang='lat' dir='ltr'>Tursell.</span> <span class='ocrx_word' id='word_1_110' title='bbox 756 1095 799 1131; x_wconf 92' lang='lat' dir='ltr'>II</span> <span class='ocrx_word' id='word_1_111' title='bbox 828 1108 866 1143; x_wconf 92' lang='lat' dir='ltr'>p.</span> <span class='ocrx_word' id='word_1_112' title='bbox 901 1095 1000 1134; x_wconf 72' lang='lat'>379,</span> <span class='ocrx_word' id='word_1_113' title='bbox 1052 1093 1197 1142; x_wconf 87' lang='lat' dir='ltr'>Opusc.</span> <span class='ocrx_word' id='word_1_114' title='bbox 1234 1106 1322 1130; x_wconf 88' lang='lat' dir='ltr'>mea</span> <span class='ocrx_word' id='word_1_115' title='bbox 1363 1093 1491 1130; x_wconf 87' lang='lat' dir='ltr'>Acad.</span> <span class='ocrx_word' id='word_1_116' title='bbox 1535 1093 1577 1129; x_wconf 90' lang='lat' dir='ltr'>II</span> 
     </span>
     <span class='ocr_line' id='line_1_16' title="bbox 146 1163 1579 1213; baseline 0.001 -14"><span class='ocrx_word' id='word_1_117' title='bbox 146 1178 183 1213; x_wconf 81' lang='lat' dir='ltr'>p.</span> <span class='ocrx_word' id='word_1_118' title='bbox 218 1166 334 1211; x_wconf 76' lang='lat'><strong>286);</strong></span> <span class='ocrx_word' id='word_1_119' title='bbox 378 1165 528 1213; x_wconf 86' lang='lat' dir='ltr'>reliqua</span> <span class='ocrx_word' id='word_1_120' title='bbox 571 1171 699 1202; x_wconf 87' lang='lat' dir='ltr'>autem</span> <span class='ocrx_word' id='word_1_121' title='bbox 743 1165 797 1201; x_wconf 86' lang='lat' dir='ltr'>sic</span> <span class='ocrx_word' id='word_1_122' title='bbox 829 1165 1049 1201; x_wconf 86' lang='lat' dir='ltr'>enarranda</span> <span class='ocrx_word' id='word_1_123' title='bbox 1079 1172 1185 1202; x_wconf 85' lang='lat' dir='ltr'>sunt:</span> <span class='ocrx_word' id='word_1_124' title='bbox 1229 1171 1272 1201; x_wconf 87' lang='lat' dir='ltr'>et</span> <span class='ocrx_word' id='word_1_125' title='bbox 1316 1163 1579 1201; x_wconf 85' lang='lat' dir='ltr'>eiusmodi.</span> 
     </span>
     <span class='ocr_line' id='line_1_17' title="bbox 147 1235 1580 1285; baseline 0 -14"><span class='ocrx_word' id='word_1_126' title='bbox 147 1242 195 1271; x_wconf 88' lang='lat' dir='ltr'>ut</span> <span class='ocrx_word' id='word_1_127' title='bbox 233 1267 269 1273; x_wconf 91' lang='lat'>..</span> <span class='ocrx_word' id='word_1_128' title='bbox 309 1236 729 1285; x_wconf 80' lang='lat' dir='ltr'>disceptationem</span> <span class='ocrx_word' id='word_1_129' title='bbox 772 1235 1000 1272; x_wconf 80' lang='lat' dir='ltr'>habeant.</span> <span class='ocrx_word' id='word_1_130' title='bbox 1080 1236 1157 1273; x_wconf 87' lang='lat' dir='ltr'>Sed</span> <span class='ocrx_word' id='word_1_131' title='bbox 1198 1242 1237 1272; x_wconf 89' lang='lat' dir='ltr'>ut</span> <span class='ocrx_word' id='word_1_132' title='bbox 1269 1236 1478 1272; x_wconf 83' lang='lat' dir='ltr'>concedam</span> <span class='ocrx_word' id='word_1_133' title='bbox 1514 1235 1580 1271; x_wconf 91' lang='lat' dir='ltr'>Li-</span> 
     </span>
     <span class='ocr_line' id='line_1_18' title="bbox 143 1305 1578 1355; baseline 0 -13"><span class='ocrx_word' id='word_1_134' title='bbox 143 1307 249 1343; x_wconf 73' lang='lat' dir='ltr'>vium</span> <span class='ocrx_word' id='word_1_135' title='bbox 279 1307 353 1342; x_wconf 90' lang='lat' dir='ltr'>hoc</span> <span class='ocrx_word' id='word_1_136' title='bbox 386 1307 501 1343; x_wconf 91' lang='lat' dir='ltr'>modo</span> <span class='ocrx_word' id='word_1_137' title='bbox 532 1307 761 1355; x_wconf 86' lang='lat' dir='ltr'>pronomine</span> <span class='ocrx_word' id='word_1_138' title='bbox 798 1306 886 1342; x_wconf 92' lang='lat' dir='ltr'>ille</span> <span class='ocrx_word' id='word_1_139' title='bbox 930 1311 967 1341; x_wconf 88' lang='lat' dir='ltr'>et</span> <span class='ocrx_word' id='word_1_140' title='bbox 993 1305 1185 1353; x_wconf 86' lang='lat' dir='ltr'>particula</span> <span class='ocrx_word' id='word_1_141' title='bbox 1221 1319 1326 1342; x_wconf 87' lang='lat' dir='ltr'>nam</span> <span class='ocrx_word' id='word_1_142' title='bbox 1372 1306 1440 1351; x_wconf 78' lang='lat' dir='ltr'>uti,</span> <span class='ocrx_word' id='word_1_143' title='bbox 1472 1306 1578 1342; x_wconf 79' lang='lat' dir='ltr'>cuius</span> 
     </span>
     <span class='ocr_line' id='line_1_19' title="bbox 144 1375 1576 1426; baseline -0.001 -13"><span class='ocrx_word' id='word_1_144' title='bbox 144 1377 198 1413; x_wconf 86' lang='lat' dir='ltr'>rei</span> <span class='ocrx_word' id='word_1_145' title='bbox 231 1377 375 1413; x_wconf 88' lang='lat' dir='ltr'>nullum</span> <span class='ocrx_word' id='word_1_146' title='bbox 420 1383 477 1413; x_wconf 83' lang='lat' dir='ltr'>est</span> <span class='ocrx_word' id='word_1_147' title='bbox 517 1377 723 1426; x_wconf 81' lang='lat' dir='ltr'>vestigium</span> <span class='ocrx_word' id='word_1_148' title='bbox 767 1389 844 1412; x_wconf 90' lang='lat' dir='ltr'>non</span> <span class='ocrx_word' id='word_1_149' title='bbox 885 1375 1009 1424; x_wconf 85' lang='lat' dir='ltr'>magis</span> <span class='ocrx_word' id='word_1_150' title='bbox 1053 1388 1168 1424; x_wconf 87' lang='lat' dir='ltr'>quam</span> <span class='ocrx_word' id='word_1_151' title='bbox 1212 1377 1315 1425; x_wconf 89' lang='lat' dir='ltr'>apud</span> <span class='ocrx_word' id='word_1_152' title='bbox 1359 1376 1457 1413; x_wconf 87' lang='lat' dir='ltr'>alios</span> <span class='ocrx_word' id='word_1_153' title='bbox 1488 1382 1576 1425; x_wconf 90' lang='lat' dir='ltr'>post</span> 
     </span>
     <span class='ocr_line' id='line_1_20' title="bbox 145 1446 1575 1496; baseline -0.001 -12"><span class='ocrx_word' id='word_1_154' title='bbox 145 1447 399 1493; x_wconf 62' lang='lat' dir='ltr'>Ciceronem,</span> <span class='ocrx_word' id='word_1_155' title='bbox 444 1460 569 1496; x_wconf 90' lang='lat' dir='ltr'>neque</span> <span class='ocrx_word' id='word_1_156' title='bbox 610 1460 769 1496; x_wconf 86' lang='lat' dir='ltr'>prorsus</span> <span class='ocrx_word' id='word_1_157' title='bbox 802 1446 1047 1491; x_wconf 56' lang='lat' dir='ltr'>contendann</span> <span class='ocrx_word' id='word_1_158' title='bbox 1088 1452 1177 1495; x_wconf 89' lang='lat' dir='ltr'>post</span> <span class='ocrx_word' id='word_1_159' title='bbox 1221 1447 1420 1484; x_wconf 87' lang='lat' dir='ltr'>obiecta</span> <span class='ocrx_word' id='word_1_160' title='bbox 1462 1452 1575 1483; x_wconf 85' lang='lat' dir='ltr'>sunt</span> 
     </span>
     <span class='ocr_line' id='line_1_21' title="bbox 145 1517 1577 1566; baseline 0.001 -13"><span class='ocrx_word' id='word_1_161' title='bbox 145 1517 347 1554; x_wconf 86' lang='lat' dir='ltr'>dicendum</span> <span class='ocrx_word' id='word_1_162' title='bbox 382 1517 501 1554; x_wconf 83' lang='lat' dir='ltr'>fuisse</span> <span class='ocrx_word' id='word_1_163' title='bbox 534 1519 798 1563; x_wconf 62' lang='lat' dir='ltr'>haberent,</span> <span class='ocrx_word' id='word_1_164' title='bbox 837 1524 938 1554; x_wconf 90' lang='lat' dir='ltr'>certe</span> <span class='ocrx_word' id='word_1_165' title='bbox 971 1529 1094 1564; x_wconf 84' lang='lat' dir='ltr'>neque</span> <span class='ocrx_word' id='word_1_166' title='bbox 1129 1523 1361 1566; x_wconf 85' lang='lat' dir='ltr'>tanquam</span> <span class='ocrx_word' id='word_1_167' title='bbox 1396 1517 1501 1566; x_wconf 82' lang='lat' dir='ltr'>regi</span> <span class='ocrx_word' id='word_1_168' title='bbox 1533 1524 1577 1553; x_wconf 86' lang='lat' dir='ltr'>et</span> 
     </span>
     <span class='ocr_line' id='line_1_22' title="bbox 147 1588 1580 1637; baseline 0.001 -14"><span class='ocrx_word' id='word_1_169' title='bbox 147 1600 243 1635; x_wconf 86' lang='lat' dir='ltr'>quae</span> <span class='ocrx_word' id='word_1_170' title='bbox 288 1588 341 1625; x_wconf 88' lang='lat' dir='ltr'>sic</span> <span class='ocrx_word' id='word_1_171' title='bbox 387 1589 566 1637; x_wconf 86' lang='lat' dir='ltr'>coniungi</span> <span class='ocrx_word' id='word_1_172' title='bbox 613 1595 799 1637; x_wconf 65' lang='lat' dir='ltr'>possunt,</span> <span class='ocrx_word' id='word_1_173' title='bbox 846 1594 887 1623; x_wconf 90' lang='lat' dir='ltr'>ut</span> <span class='ocrx_word' id='word_1_174' title='bbox 932 1600 1034 1635; x_wconf 82' lang='lat' dir='ltr'>quae</span> <span class='ocrx_word' id='word_1_175' title='bbox 1079 1601 1151 1636; x_wconf 89' lang='lat' dir='ltr'>pro</span> <span class='ocrx_word' id='word_1_176' title='bbox 1205 1588 1447 1624; x_wconf 85' lang='lat' dir='ltr'>eiusmodi</span> <span class='ocrx_word' id='word_1_177' title='bbox 1479 1600 1580 1636; x_wconf 88' lang='lat' dir='ltr'>quae</span> 
     </span>
     <span class='ocr_line' id='line_1_23' title="bbox 147 1659 1581 1708; baseline 0 -14"><span class='ocrx_word' id='word_1_178' title='bbox 147 1660 348 1706; x_wconf 81' lang='lat' dir='ltr'>(tanquam</span> <span class='ocrx_word' id='word_1_179' title='bbox 396 1660 635 1708; x_wconf 85' lang='lat' dir='ltr'>praecedcnte</span> <span class='ocrx_word' id='word_1_180' title='bbox 682 1659 898 1704; x_wconf 81' lang='lat' dir='ltr'>adiectivo)</span> <span class='ocrx_word' id='word_1_181' title='bbox 943 1659 1178 1707; x_wconf 72' lang='lat' dir='ltr'>accipiatur7</span> <span class='ocrx_word' id='word_1_182' title='bbox 1221 1671 1345 1707; x_wconf 86' lang='lat' dir='ltr'>neque</span> <span class='ocrx_word' id='word_1_183' title='bbox 1386 1671 1453 1703; x_wconf 58' lang='lat' dir='ltr'>ea„</span> <span class='ocrx_word' id='word_1_184' title='bbox 1495 1670 1581 1706; x_wconf 86' lang='lat' dir='ltr'>quae</span> 
     </span>
     <span class='ocr_line' id='line_1_24' title="bbox 146 1729 1581 1778; baseline 0 -13"><span class='ocrx_word' id='word_1_185' title='bbox 146 1735 371 1777; x_wconf 72' lang='lat' dir='ltr'>sequuntur,</span> <span class='ocrx_word' id='word_1_186' title='bbox 413 1730 742 1767; x_wconf 84' lang='lat' dir='ltr'>enumerationem</span> <span class='ocrx_word' id='word_1_187' title='bbox 785 1730 932 1766; x_wconf 88' lang='lat' dir='ltr'>habent</span> <span class='ocrx_word' id='word_1_188' title='bbox 972 1742 1099 1766; x_wconf 90' lang='lat' dir='ltr'>rerum</span> <span class='ocrx_word' id='word_1_189' title='bbox 1131 1737 1263 1778; x_wconf 87' lang='lat' dir='ltr'>aptam</span> <span class='ocrx_word' id='word_1_190' title='bbox 1307 1729 1356 1766; x_wconf 89' lang='lat' dir='ltr'>ad</span> <span class='ocrx_word' id='word_1_191' title='bbox 1386 1729 1493 1765; x_wconf 87' lang='lat' dir='ltr'>illam</span> <span class='ocrx_word' id='word_1_192' title='bbox 1523 1729 1581 1765; x_wconf 92' lang='lat' dir='ltr'>in—</span> 
     </span>
     <span class='ocr_line' id='line_1_25' title="bbox 146 1799 1580 1849; baseline 0.001 -14"><span class='ocrx_word' id='word_1_193' title='bbox 146 1799 293 1835; x_wconf 86' lang='lat' dir='ltr'>finitam</span> <span class='ocrx_word' id='word_1_194' title='bbox 326 1800 696 1838; x_wconf 79' lang='lat' dir='ltr'>demonstrationem</span> <span class='ocrx_word' id='word_1_195' title='bbox 726 1801 996 1843; x_wconf 69' lang='lat' dir='ltr'>definiendam„</span> <span class='ocrx_word' id='word_1_196' title='bbox 1038 1801 1104 1836; x_wconf 91' lang='lat' dir='ltr'>sed</span> <span class='ocrx_word' id='word_1_197' title='bbox 1147 1800 1272 1849; x_wconf 83' lang='lat' dir='ltr'>ipsam</span> <span class='ocrx_word' id='word_1_198' title='bbox 1316 1800 1580 1848; x_wconf 70' lang='lat' dir='ltr'>quaestionem.</span> 
     </span>
     <span class='ocr_line' id='line_1_26' title="bbox 147 1867 1579 1919; baseline 0.001 -13"><span class='ocrx_word' id='word_1_199' title='bbox 147 1870 270 1906; x_wconf 87' lang='lat' dir='ltr'>sintne</span> <span class='ocrx_word' id='word_1_200' title='bbox 301 1883 359 1915; x_wconf 77' lang='lat' dir='ltr'>ea,</span> <span class='ocrx_word' id='word_1_201' title='bbox 406 1884 490 1919; x_wconf 86' lang='lat' dir='ltr'>quae</span> <span class='ocrx_word' id='word_1_202' title='bbox 532 1873 704 1909; x_wconf 85' lang='lat' dir='ltr'>Marcius</span> <span class='ocrx_word' id='word_1_203' title='bbox 739 1871 1071 1916; x_wconf 72' lang='lat' dir='ltr'>commemoravit,</span> <span class='ocrx_word' id='word_1_204' title='bbox 1113 1877 1249 1908; x_wconf 85' lang='lat' dir='ltr'>contra</span> <span class='ocrx_word' id='word_1_205' title='bbox 1293 1867 1430 1907; x_wconf 86' lang='lat' dir='ltr'>foedus</span> <span class='ocrx_word' id='word_1_206' title='bbox 1463 1870 1579 1907; x_wconf 84' lang='lat' dir='ltr'>facta.</span> 
     </span>
     <span class='ocr_line' id='line_1_27' title="bbox 153 1940 1581 1990; baseline 0 -13"><span class='ocrx_word' id='word_1_207' title='bbox 153 1940 256 1977; x_wconf 76' lang='lat' dir='ltr'>Casu</span> <span class='ocrx_word' id='word_1_208' title='bbox 287 1941 405 1990; x_wconf 83' lang='lat' dir='ltr'>igitur</span> <span class='ocrx_word' id='word_1_209' title='bbox 434 1948 527 1978; x_wconf 88' lang='lat' dir='ltr'>nata</span> <span class='ocrx_word' id='word_1_210' title='bbox 559 1949 615 1978; x_wconf 83' lang='lat' dir='ltr'>est</span> <span class='ocrx_word' id='word_1_211' title='bbox 645 1943 725 1978; x_wconf 78' lang='lat' dir='ltr'>haec</span> <span class='ocrx_word' id='word_1_212' title='bbox 757 1941 917 1978; x_wconf 84' lang='lat' dir='ltr'>rarioris</span> <span class='ocrx_word' id='word_1_213' title='bbox 943 1941 1094 1977; x_wconf 84' lang='lat' dir='ltr'>dicendi</span> <span class='ocrx_word' id='word_1_214' title='bbox 1124 1940 1259 1976; x_wconf 84' lang='lat' dir='ltr'>formae</span> <span class='ocrx_word' id='word_1_215' title='bbox 1282 1941 1430 1989; x_wconf 90' lang='lat' dir='ltr'>species</span> <span class='ocrx_word' id='word_1_216' title='bbox 1461 1941 1581 1990; x_wconf 87' lang='lat' dir='ltr'>scrip·</span> 
     </span>
     <span class='ocr_line' id='line_1_28' title="bbox 149 2011 1582 2061; baseline 0.001 -14"><span class='ocrx_word' id='word_1_217' title='bbox 149 2018 329 2059; x_wconf 87' lang='lat' dir='ltr'>seratque</span> <span class='ocrx_word' id='word_1_218' title='bbox 360 2012 513 2048; x_wconf 77' lang='lat' dir='ltr'>Livius:</span> <span class='ocrx_word' id='word_1_219' title='bbox 558 2012 647 2049; x_wconf 87' lang='lat' dir='ltr'>illa</span> <span class='ocrx_word' id='word_1_220' title='bbox 687 2019 917 2060; x_wconf 87' lang='lat' dir='ltr'>tanquam</span> <span class='ocrx_word' id='word_1_221' title='bbox 965 2011 1091 2061; x_wconf 80' lang='lat' dir='ltr'>regi,</span> <span class='ocrx_word' id='word_1_222' title='bbox 1133 2022 1232 2061; x_wconf 83' lang='lat' dir='ltr'>quae</span> <span class='ocrx_word' id='word_1_223' title='bbox 1273 2011 1327 2047; x_wconf 88' lang='lat' dir='ltr'>de</span> <span class='ocrx_word' id='word_1_224' title='bbox 1357 2011 1582 2057; x_wconf 54' lang='lat' dir='ltr'>foedere7</span> 
     </span>
     <span class='ocr_line' id='line_1_29' title="bbox 152 2080 1582 2130; baseline 0 -13"><span class='ocrx_word' id='word_1_225' title='bbox 152 2082 280 2129; x_wconf 89' lang='lat' dir='ltr'>quod</span> <span class='ocrx_word' id='word_1_226' title='bbox 311 2083 424 2118; x_wconf 89' lang='lat' dir='ltr'>mihi</span> <span class='ocrx_word' id='word_1_227' title='bbox 456 2088 527 2119; x_wconf 85' lang='lat' dir='ltr'>est</span> <span class='ocrx_word' id='word_1_228' title='bbox 557 2082 830 2127; x_wconf 80' lang='lat' dir='ltr'>vobiscum,</span> <span class='ocrx_word' id='word_1_229' title='bbox 874 2080 1293 2130; x_wconf 83' lang='lat' dir='ltr'>disceptationem</span> <span class='ocrx_word' id='word_1_230' title='bbox 1328 2082 1582 2121; x_wconf 76' lang='lat' dir='ltr'>habebant.</span> 
     </span>
     <span class='ocr_line' id='line_1_30' title="bbox 153 2151 1580 2200; baseline 0.001 -13"><span class='ocrx_word' id='word_1_231' title='bbox 153 2152 348 2188; x_wconf 84' lang='lat' dir='ltr'>Habeat</span> <span class='ocrx_word' id='word_1_232' title='bbox 388 2165 459 2200; x_wconf 92' lang='lat' dir='ltr'>pro</span> <span class='ocrx_word' id='word_1_233' title='bbox 501 2153 713 2188; x_wconf 85' lang='lat' dir='ltr'>habebat</span> <span class='ocrx_word' id='word_1_234' title='bbox 758 2151 796 2188; x_wconf 90' lang='lat' dir='ltr'>in</span> <span class='ocrx_word' id='word_1_235' title='bbox 839 2152 972 2188; x_wconf 90' lang='lat' dir='ltr'>codice</span> <span class='ocrx_word' id='word_1_236' title='bbox 1015 2151 1194 2188; x_wconf 86' lang='lat' dir='ltr'>scribitur</span> <span class='ocrx_word' id='word_1_237' title='bbox 1236 2152 1362 2196; x_wconf 72' lang='lat' dir='ltr'>XLI,</span> <span class='ocrx_word' id='word_1_238' title='bbox 1407 2153 1480 2197; x_wconf 49' lang='lat'>237</span> <span class='ocrx_word' id='word_1_239' title='bbox 1520 2153 1580 2192; x_wconf 72' lang='lat'>12,</span> 
     </span>
     <span class='ocr_line' id='line_1_31' title="bbox 152 2221 1583 2267; baseline 0.001 -10"><span class='ocrx_word' id='word_1_240' title='bbox 152 2228 365 2258; x_wconf 83' lang='lat' dir='ltr'>correctum</span> <span class='ocrx_word' id='word_1_241' title='bbox 412 2235 435 2258; x_wconf 88' lang='lat' dir='ltr'>a</span> <span class='ocrx_word' id='word_1_242' title='bbox 476 2223 817 2266; x_wconf 75' lang='lat' dir='ltr'>Weissenbornio,</span> <span class='ocrx_word' id='word_1_243' title='bbox 860 2229 897 2259; x_wconf 81' lang='lat' dir='ltr'>et</span> <span class='ocrx_word' id='word_1_244' title='bbox 936 2221 1077 2258; x_wconf 86' lang='lat' dir='ltr'>similia</span> <span class='ocrx_word' id='word_1_245' title='bbox 1123 2222 1225 2258; x_wconf 89' lang='lat' dir='ltr'>alibi.</span> <span class='ocrx_word' id='word_1_246' title='bbox 1299 2222 1333 2267; x_wconf 65' lang='grc' dir='ltr'>(ξ</span> <span class='ocrx_word' id='word_1_247' title='bbox 1374 2224 1396 2259; x_wconf 82' lang='grc'>2</span> <span class='ocrx_word' id='word_1_248' title='bbox 1437 2222 1583 2259; x_wconf 79' lang='lat' dir='ltr'>frustra</span> 
     </span>
     <span class='ocr_line' id='line_1_32' title="bbox 154 2292 1581 2341; baseline 0.001 -13"><span class='ocrx_word' id='word_1_249' title='bbox 154 2292 266 2328; x_wconf 82' lang='lat' dir='ltr'>Livio</span> <span class='ocrx_word' id='word_1_250' title='bbox 300 2292 497 2341; x_wconf 84' lang='lat' dir='ltr'>affingitur</span> <span class='ocrx_word' id='word_1_251' title='bbox 527 2292 696 2341; x_wconf 81' lang='lat' dir='ltr'>elegans,</span> <span class='ocrx_word' id='word_1_252' title='bbox 727 2293 759 2329; x_wconf 89' lang='lat' dir='ltr'>si</span> <span class='ocrx_word' id='word_1_253' title='bbox 791 2293 849 2329; x_wconf 92' lang='lat' dir='ltr'>dis</span> <span class='ocrx_word' id='word_1_254' title='bbox 869 2293 1009 2341; x_wconf 60' lang='lat' dir='ltr'>placet„</span> <span class='ocrx_word' id='word_1_255' title='bbox 1040 2292 1291 2337; x_wconf 76' lang='lat' dir='ltr'>Graecismus,</span> <span class='ocrx_word' id='word_1_256' title='bbox 1323 2299 1362 2329; x_wconf 90' lang='lat' dir='ltr'>ut</span> <span class='ocrx_word' id='word_1_257' title='bbox 1394 2305 1581 2341; x_wconf 85' lang='lat' dir='ltr'>negare</span> 
     </span>
     <span class='ocr_line' id='line_1_33' title="bbox 154 2362 1584 2412; baseline 0 -13"><span class='ocrx_word' id='word_1_258' title='bbox 154 2363 217 2399; x_wconf 86' lang='lat' dir='ltr'>sit</span> <span class='ocrx_word' id='word_1_259' title='bbox 248 2376 319 2411; x_wconf 90' lang='lat' dir='ltr'>pro</span> <span class='ocrx_word' id='word_1_260' title='bbox 352 2375 537 2411; x_wconf 86' lang='lat' dir='ltr'>negare</span> <span class='ocrx_word' id='word_1_261' title='bbox 568 2362 720 2400; x_wconf 88' lang='lat' dir='ltr'>liceat</span> <span class='ocrx_word' id='word_1_262' title='bbox 751 2363 895 2400; x_wconf 80' lang='lat' dir='ltr'>dixisse</span> <span class='ocrx_word' id='word_1_263' title='bbox 916 2369 1084 2412; x_wconf 74' lang='lat' dir='ltr'>putetur,</span> <span class='ocrx_word' id='word_1_264' title='bbox 1116 2375 1193 2411; x_wconf 90' lang='lat' dir='ltr'>quo</span> <span class='ocrx_word' id='word_1_265' title='bbox 1225 2362 1440 2400; x_wconf 84' lang='lat' dir='ltr'>Graecismo</span> <span class='ocrx_word' id='word_1_266' title='bbox 1470 2376 1584 2400; x_wconf 90' lang='lat' dir='ltr'>nemo</span> 
     </span>
     <span class='ocr_line' id='line_1_34' title="bbox 155 2432 1584 2482; baseline 0 -13"><span class='ocrx_word' id='word_1_267' title='bbox 155 2433 193 2469; x_wconf 92' lang='lat' dir='ltr'>in</span> <span class='ocrx_word' id='word_1_268' title='bbox 223 2445 341 2482; x_wconf 90' lang='lat' dir='ltr'>prosa</span> <span class='ocrx_word' id='word_1_269' title='bbox 373 2433 549 2470; x_wconf 89' lang='lat' dir='ltr'>oratione</span> <span class='ocrx_word' id='word_1_270' title='bbox 589 2445 680 2469; x_wconf 86' lang='lat' dir='ltr'>usus</span> <span class='ocrx_word' id='word_1_271' title='bbox 722 2439 790 2470; x_wconf 88' lang='lat' dir='ltr'>est.</span> <span class='ocrx_word' id='word_1_272' title='bbox 863 2434 996 2477; x_wconf 63' lang='lat' dir='ltr'>Recte„</span> <span class='ocrx_word' id='word_1_273' title='bbox 1044 2433 1261 2482; x_wconf 89' lang='lat' dir='ltr'>quicunque</span> <span class='ocrx_word' id='word_1_274' title='bbox 1290 2434 1353 2470; x_wconf 88' lang='lat' dir='ltr'>sit</span> <span class='ocrx_word' id='word_1_275' title='bbox 1384 2445 1432 2469; x_wconf 82' lang='lat' dir='ltr'>ex</span> <span class='ocrx_word' id='word_1_276' title='bbox 1462 2432 1584 2469; x_wconf 86' lang='lat' dir='ltr'>satis</span> 
     </span>
     <span class='ocr_line' id='line_1_35' title="bbox 152 2503 1585 2552; baseline 0 -13"><span class='ocrx_word' id='word_1_277' title='bbox 152 2503 221 2539; x_wconf 76' lang='lat' dir='ltr'>sit.</span> <span class='ocrx_word' id='word_1_278' title='bbox 250 2510 375 2540; x_wconf 88' lang='lat' dir='ltr'>ortum</span> <span class='ocrx_word' id='word_1_279' title='bbox 406 2503 569 2552; x_wconf 83' lang='lat' dir='ltr'>putavit.</span> <span class='ocrx_word' id='word_1_280' title='bbox 646 2507 664 2548; x_wconf 62' lang='grc' dir='ltr'>ξ</span> <span class='ocrx_word' id='word_1_281' title='bbox 709 2505 729 2540; x_wconf 88' lang='lat'>3</span> <span class='ocrx_word' id='word_1_282' title='bbox 763 2516 881 2551; x_wconf 91' lang='lat' dir='ltr'>quum</span> <span class='ocrx_word' id='word_1_283' title='bbox 926 2503 965 2539; x_wconf 91' lang='lat' dir='ltr'>in</span> <span class='ocrx_word' id='word_1_284' title='bbox 997 2504 1128 2540; x_wconf 90' lang='lat' dir='ltr'>codice</span> <span class='ocrx_word' id='word_1_285' title='bbox 1158 2504 1224 2540; x_wconf 90' lang='lat' dir='ltr'>sit:</span> <span class='ocrx_word' id='word_1_286' title='bbox 1268 2511 1315 2540; x_wconf 89' lang='lat' dir='ltr'>ut</span> <span class='ocrx_word' id='word_1_287' title='bbox 1346 2516 1585 2540; x_wconf 88' lang='lat' dir='ltr'>accusare</span> 
     </span>
     <span class='ocr_line' id='line_1_36' title="bbox 158 2573 1584 2621; baseline 0.001 -12"><span class='ocrx_word' id='word_1_288' title='bbox 158 2573 325 2621; x_wconf 88' lang='lat' dir='ltr'>potius</span> <span class='ocrx_word' id='word_1_289' title='bbox 363 2586 474 2610; x_wconf 85' lang='lat' dir='ltr'>vere</span> <span class='ocrx_word' id='word_1_290' title='bbox 521 2586 660 2621; x_wconf 86' lang='lat' dir='ltr'>quam</span> <span class='ocrx_word' id='word_1_291' title='bbox 706 2573 1061 2610; x_wconf 85' lang='lat' dir='ltr'>conviciantur</span> <span class='ocrx_word' id='word_1_292' title='bbox 1100 2575 1382 2619; x_wconf 74' lang='lat' dir='ltr'>videantur,</span> <span class='ocrx_word' id='word_1_293' title='bbox 1424 2586 1501 2610; x_wconf 91' lang='lat' dir='ltr'>non</span> <span class='ocrx_word' id='word_1_294' title='bbox 1530 2574 1584 2610; x_wconf 87' lang='lat' dir='ltr'>ita</span> 
     </span>
     <span class='ocr_line' id='line_1_37' title="bbox 157 2643 1586 2693; baseline 0 -14"><span class='ocrx_word' id='word_1_295' title='bbox 157 2643 302 2681; x_wconf 83' lang='lat' dir='ltr'>difficili</span> <span class='ocrx_word' id='word_1_296' title='bbox 345 2644 500 2693; x_wconf 86' lang='lat' dir='ltr'>negotio</span> <span class='ocrx_word' id='word_1_297' title='bbox 542 2644 623 2680; x_wconf 88' lang='lat' dir='ltr'>fieri</span> <span class='ocrx_word' id='word_1_298' title='bbox 678 2643 821 2693; x_wconf 88' lang='lat' dir='ltr'>possit:</span> <span class='ocrx_word' id='word_1_299' title='bbox 874 2656 1010 2692; x_wconf 90' lang='lat' dir='ltr'>quam</span> <span class='ocrx_word' id='word_1_300' title='bbox 1054 2644 1333 2681; x_wconf 87' lang='lat' dir='ltr'>conviciari</span> <span class='ocrx_word' id='word_1_301' title='bbox 1372 2643 1586 2692; x_wconf 88' lang='lat' dir='ltr'>turpiter</span> 
     </span>
    </p>
   </div>
  </div>
 </body>
</html>
