1811 2925
823 120 866 153 10
875 118 895 153 3
1350 115 1424 146 Lib.
1454 115 1514 146 IV.

146 249 296 291 partem
328 241 550 278 Gronovius
581 240 746 284 invenit,
779 240 844 276 sed
875 240 999 289 plura,
1031 251 1147 287 quam
1181 250 1277 287 opus
1309 243 1414 284 erat,
1446 246 1568 275 muta-

147 314 216 349 vit.
285 312 349 349 Sic
381 312 479 348 enim
514 311 664 347 Livium
697 311 915 359 scripsisse,
947 311 1007 348 vir
1037 311 1237 360 egregius,
1269 310 1300 346 si
1331 322 1430 345 nunc
1461 309 1565 345 vive-

147 390 217 429 ret,
244 383 357 420 facile
387 384 650 419 confiteretur:
682 394 808 430 quae,
840 381 1135 430 pensitanda
1165 392 1368 428 quoque,
1419 393 1455 415 111
1468 392 1558 429 agn

148 454 297 490 animi
329 460 477 501 atque
508 453 704 502 ingenii
736 456 897 489 essent.
929 452 1105 495 (welcheS
1136 451 1233 487 auch
1268 462 1380 486 wenn
1411 450 1465 485 sie
1496 463 1568 486 nur

147 524 353 561 benrtbcilt
385 525 538 560 werden
569 524 729 564 sollten.
781 524 853 560 hoc
884 529 962 559 cst:
1008 524 1105 558 auch
1136 536 1209 558 nur
1238 535 1283 558 zu
1312 521 1415 557 ihrer
1444 521 1566 558 Beur-

146 595 330 643 thcilung,
365 595 473 631 einen
525 608 685 644 grossen
725 594 837 631 Geist
869 594 1140 636 crforderteu).
1202 592 1401 630 Librarius
1433 592 1481 628 ad
1501 604 1567 640 ge-

147 666 349 702 rundivum
383 665 533 701 dativos
567 665 776 713 requisivit.
836 665 1019 703 Similiter
1049 664 1303 712 gerundivum
1332 662 1466 699 Livius
1497 676 1567 711 po-

148 737 221 773 suit
254 737 324 782 VI,
359 738 427 773 37:
458 736 708 784 imperium
744 742 893 784 atque
928 736 1171 779 honorem,
1193 734 1402 783 gloriam
1433 734 1567 777 belli,

146 820 329 856 genus,
363 807 700 851 nobilitatem,
749 819 920 854 magna
950 806 1072 854 ipsis
1110 805 1339 849 fruenda,
1381 805 1569 841 maiora

147 878 315 914 liberis
346 878 674 925 relinquenda
705 878 887 925 (gl-osser,
920 890 1030 912 wenn
1062 889 1150 912 man
1183 889 1231 912 an
1263 875 1324 911 die
1356 876 1568 913 Uebertra-

145 961 250 997 gung
279 948 349 984 auf
375 948 434 983 die
454 947 757 988 Kindcrdenke)
790 954 838 991 et,
870 953 910 983 ut
940 947 1089 995 opinor,
1108 947 1201 991 VH,
1223 947 1373 990 3211:
1407 952 1567 982 utrum

147 1020 241 1068 qui,
273 1018 547 1056 audiendus
587 1018 861 1064 duntaxat,
922 1016 1220 1066 magnificus
1261 1018 1570 1054 adhort-ator

145 1091 206 1126 sit
244 1093 371 1131 (wcnn
402 1102 441 1125 es
471 1103 542 1125 nnr
571 1089 639 1138 gilt
669 1090 733 1126 ibn
764 1104 809 1126 zu
840 1090 972 1125 heren.
1032 1088 1383 1134 Weissenbornius,
1414 1089 1566 1125 sublato

147 1161 239 1209 qui,
271 1161 498 1197 sententiam
528 1161 652 1208 ipsam
684 1161 866 1208 sustulit).

267 1230 364 1279 Cap.
397 1232 460 1267 ⁴3.
495 1234 515 1266 5
548 1231 698 1267 obsidet·
728 1231 878 1268 codices
919 1236 1073 1266 nostros
1108 1242 1156 1266 ex
1186 1231 1396 1279 archetypo
1427 1232 1570 1268 tradita

145 1302 412 1351 interpolatim
456 1314 572 1350 quam
603 1302 827 1350 perdifficile
868 1308 925 1338 est
959 1309 1062 1338 certo
1095 1301 1267 1337 remedio
1298 1301 1445 1341 tollere,
1477 1314 1568 1338 con-

143 1373 296 1409 vincere
327 1372 481 1408 difficile
522 1385 598 1408 non
630 1378 698 1408 est.
795 1373 986 1410 Scribitur
1034 1373 1133 1408 enim
1184 1372 1255 1408 ita:
1318 1373 1569 1409 Adversus

148 1457 285 1492 quam
319 1444 561 1480 actionem
594 1443 855 1487 (tribunorum
895 1443 941 1479 de
970 1451 1081 1491 parte
1116 1449 1349 1490 quaestorum
1380 1456 1427 1478 ex
1457 1443 1570 1491 plebe

149 1515 332 1561 creanda)
377 1514 530 1562 primo
563 1520 606 1549 et
636 1514 861 1550 consules
893 1520 936 1550 et
966 1519 1134 1562 patres
1168 1525 1346 1549 summa
1377 1526 1464 1561 ope
1496 1513 1570 1549 ad-

146 1586 241 1622 nisi
271 1592 400 1625 suut-3
435 1584 744 1621 concedendo
775 1585 970 1629 deinde,
1002 1590 1068 1625 ut,
1100 1583 1495 1632 quemadmodum
1525 1584 1570 1620 in

148 1656 362 1693 tribunis
396 1655 646 1692 consulari
677 1661 924 1703 potestate
956 1655 1180 1691 creandis
1212 1654 1284 1690 usi
1317 1655 1570 1699 sunt‚adae-

150 1727 311 1775 quein
344 1727 667 1774 quaestoribus
698 1726 900 1762 liberum
933 1733 1062 1762 esset
1100 1726 1357 1762 arbitrium
1389 1726 1570 1774 populi.

150 1810 287 1845 quum
332 1810 497 1846 parum
550 1797 874 1846 proficerent..
929 1804 1078 1833 totam
1122 1810 1216 1833 rem
1267 1796 1320 1832 de
1351 1797 1569 1844 augendo

150 1874 440 1916 quaest-orum
488 1880 683 1904 numero
734 1867 974 1903 omit-tunt.
1061 1868 1236 1904 Primum
1275 1874 1425 1916 tempus
1463 1868 1570 1904 verbi

149 1939 224 1975 usi
268 1945 377 1975 sunt
419 1950 576 1987 prorsus
607 1951 769 1987 pravum
802 1944 876 1981 θεῖς
922 1951 1010 1974 nam
1049 1939 1152 1987 quod
1183 1938 1520 1975 WVeissenbornius
1551 1952 1570 1975 e

150 2010 251 2046 Livii
281 2009 400 2058 ipsius
431 2022 598 2058 persona
628 2010 701 2046 hoc
735 2009 807 2046 dici
839 2009 941 2055 vult,
980 2010 1044 2058 qui
1084 2017 1210 2058 potest
1240 2010 1320 2045 haec
1353 2010 1569 2045 concessio·

148 2081 206 2116 nis
236 2093 327 2129 pars
359 2093 378 2116 e
408 2080 507 2116 Livii
538 2092 705 2128 persona
733 2079 832 2116 dici?
873 2087 930 2120 et,
970 2081 1000 2116 si
1031 2087 1188 2128 posset,
1232 2081 1297 2128 qui
1327 2086 1481 2129 poterat
1506 2081 1570 2117 Li-

148 2151 234 2187 vius
268 2152 315 2187 de
347 2151 446 2188 illius
478 2151 681 2199 temporis,
723 2151 770 2186 de
808 2164 884 2199 quo
922 2152 1126 2197 narrabat,
1174 2152 1347 2187 instituto
1389 2164 1433 2188 ac
1465 2164 1571 2188 more

150 2221 320 2270 perfecto
352 2222 417 2262 utiq
448 2234 525 2257 non
555 2221 805 2269 imperfecto?
838 2222 933 2268 Quae
963 2222 1050 2258 hinc
1080 2222 1250 2259 nascitur
1280 2222 1460 2271 suspicio,
1483 2235 1567 2258 eam

149 2293 352 2328 confirmat
391 2300 427 2329 et
466 2292 646 2328 invictam
678 2291 772 2327 facit-
809 2292 914 2340 ipsus
953 2292 1060 2328 verbi
1091 2299 1128 2328 et
1157 2293 1451 2330 constructionis
1481 2305 1570 2341 pra·

150 2362 269 2405 vitas;
303 2363 387 2411 quis
418 2363 515 2399 enim
548 2375 717 2411 unquam
751 2362 869 2399 fando
904 2363 1075 2408 audivit-2
1108 2364 1244 2400 Latine
1275 2361 1367 2400 dici:
1409 2363 1454 2399 in
1484 2364 1571 2399 hac

150 2434 297 2470 reita
327 2434 515 2477 utimur,
548 2439 587 2468 ut
617 2439 734 2468 esset:
770 2434 858 2469 hae
898 2433 1075 2469 utimur
1105 2434 1456 2471 consuetudine
1487 2440 1571 2469 ant:

151 2504 220 2540 ita
257 2503 489 2540 facimus?
561 2504 735 2541 Tertium
774 2504 937 2552 denique
976 2503 1123 2540 accedit
1159 2505 1288 2540 mendi
1329 2517 1407 2540 non
1447 2504 1571 2540 minus

153 2575 396 2612 manifestum
427 2574 620 2619 indicium,
651 2587 730 2610 vox
760 2575 943 2611 Plautina
973 2573 1191 2622 adaeque,
1231 2587 1309 2622 qua
1340 2588 1452 2611 nemo
1483 2582 1569 2624 post

150 2645 255 2681 illum
288 2658 335 2681 ex
376 2645 444 2690 iis,
491 2658 652 2694 quorum
690 2645 834 2694 scripta
871 2651 1042 2689 exstant,
1085 2658 1209 2693 neque
1242 2645 1279 2681 in
1309 2646 1417 2694 poesi
1447 2659 1573 2694 neque
