1811 2925
771 149 792 184 2
799 150 820 184 9
827 151 846 184 7
1252 149 1328 180 Lib.
1360 149 1474 180 XXV.

216 269 310 319 Cap.
330 271 392 314 22,
416 272 457 308 8:
487 271 567 307 Ita
599 271 694 307 tria
723 271 955 319 praetoria
989 271 1124 307 circa
1145 269 1353 319 Capuam
1389 284 1512 309 erec·

103 348 171 386 ta,
201 348 298 378 tres
330 340 410 391 [et]
447 341 700 377 exercitus
746 340 959 377 diversis
1005 341 1230 388 partibus
1277 354 1395 390 opus
1432 343 1514 378 ad-

103 411 265 461 gressi
296 417 366 450 etc.
431 411 577 447 Notavi
612 411 839 459 particulam
871 423 1059 460 pravam,
1105 410 1138 446 si
1175 423 1246 459 pro
1277 411 1419 448 etiam
1453 424 1515 448 ac-

104 481 242 530 cipiaS,
286 481 518 530 praviorem,
563 481 593 517 si
625 487 724 517 tres
757 488 801 517 et
833 493 904 530 pro
935 487 980 517 et
1008 486 1107 517 tres
1138 493 1160 516 a
1191 480 1302 518 Livio
1333 482 1370 518 in
1400 495 1515 531 prosa

105 551 278 587 oratione
315 551 481 600 positum
522 558 644 600 putes.
711 552 846 588 Potest
884 557 1012 588 tamen
1055 551 1329 599 transpositum
1360 565 1442 589 esse
1473 560 1516 590 et

105 620 168 669 (et
201 619 333 669 tres).

216 689 394 740 Capsu,
415 693 457 728 3:
491 693 652 740 Prope
682 691 980 740 Hexapylon
1020 699 1091 728 est
1120 692 1319 740 portula
1348 706 1518 742 magna

106 761 152 796 vi
192 761 400 810 refringi
437 769 624 811 coepta.
709 762 968 798 Vehementer
1015 760 1172 798 offendit
1222 763 1330 799 verbi
1359 764 1517 812 positus.

106 831 263 867 Fuitne:
299 833 345 871 P.
378 833 429 868 H.
460 839 533 868 est
567 832 786 881 portula3
819 844 873 868 ea
903 844 1078 880 magna
1107 845 1143 867 v.
1173 845 1203 868 r.
1235 832 1297 869 c.?

228 901 323 950 Cap,
359 904 423 946 26,
459 903 525 938 12:
555 902 710 938 Multo
739 909 895 938 tamen
926 901 998 937 vis
1033 903 1186 938 maior
1216 903 1373 951 pestis
1403 905 1518 940 Poe·

105 983 268 1008 norum
301 980 463 1009 castra
493 985 633 1020 quam
656 972 873 1008 Romana
906 971 985 1007 diu
1017 972 1422 1010 circumsedendo
1440 976 1519 1023 Sy-

106 1054 312 1078 racusas
343 1042 479 1079 caelo
517 1042 762 1090 aquisque
793 1041 1064 1077 adsuerant
1093 1042 1258 1090 magis.
1317 1044 1519 1082 Excidisse

106 1112 263 1148 verbum
295 1120 476 1161 appa1·et;
505 1111 718 1161 supplenda
749 1111 872 1148 oratio
902 1112 941 1147 in
972 1112 1072 1148 hunc
1089 1113 1244 1149 modum
1259 1114 1426 1150 videtur:
1445 1145 1453 1152 .
1473 1145 1481 1153 .
1502 1143 1510 1152 .

105 1182 376 1218 Poenorum
407 1189 570 1219 castra
591 1195 730 1231 quam
764 1184 978 1219 Romana
1010 1180 1364 1232 [corripueram
1394 1183 1516 1235 nam]

105 1252 184 1288 diu
214 1252 613 1289 circumsedendo
652 1260 724 1291 cet.
785 1252 997 1290 Aberravit
1027 1253 1159 1289 oculus
1191 1266 1214 1289 a
1250 1267 1307 1290 na
1339 1255 1393 1301 (in
1421 1256 1519 1292 Ro-

105 1323 263 1370 mana)
296 1323 345 1359 ad
375 1336 495 1361 nam.
556 1324 604 1360 In
645 1323 835 1361 Gronovii
883 1322 1149 1372 supplemento
1195 1337 1312 1360 unum
1359 1325 1518 1361 verbum

105 1393 347 1430 incommode
380 1394 597 1442 parenthesi
629 1407 653 1430 a
682 1394 831 1442 reliqua
861 1394 1050 1430 sententia
1080 1394 1284 1433 divellitur.

229 1462 324 1512 Cap.
360 1465 439 1508 28,
483 1468 503 1500 6
541 1465 604 1511 (de
636 1464 772 1513 legatis
803 1463 1019 1501 Siculorum
1059 1465 1325 1513 Syracusanos
1363 1465 1520 1501 hortan-

107 1531 227 1576 tibus,
258 1540 299 1569 ut-
331 1546 372 1570 se
402 1535 587 1571 Romanis
619 1535 842 1581 dederent):
891 1533 1208 1571 Multitudine
1238 1536 1294 1571 ad
1327 1535 1519 1572 contio-

108 1614 209 1638 nem
242 1612 422 1641 vocata
450 1605 766 1654 inopiamque
810 1617 910 1652 quae
942 1605 1036 1653 ipsi
1079 1605 1211 1642 inter
1239 1618 1288 1642 se
1318 1605 1520 1642 fremere

109 1674 290 1710 occulti
321 1675 458 1712 soliti
492 1683 651 1714 erant,
695 1676 969 1722 conquesti,
1013 1689 1300 1724 quamquam
1332 1683 1401 1712 tot
1432 1690 1520 1713 ma-

109 1743 153 1780 la
199 1753 451 1793 urgerent,
503 1753 745 1795 negarunt
782 1745 1034 1782 fortunam
1083 1747 1404 1783 accusandam
1450 1754 1520 1784 cet.

110 1814 173 1851 Sic
204 1815 255 1858 P;
288 1815 326 1851 in
357 1816 441 1852 aliis
473 1817 668 1853 codicibus
700 1816 837 1852 dicitur
873 1828 956 1852 esse
986 1816 1305 1865 inopiamque
1337 1830 1427 1866 qua
1457 1825 1523 1855 aut

109 1897 267 1932 quam;
297 1886 412 1935 vulgo
444 1887 647 1923 edebatur:
678 1886 1006 1935 inopiamque,
1039 1900 1141 1935 qua,
1174 1888 1343 1925 ablativo
1374 1889 1522 1937 inepto;

109 1955 446 1993 Weissenbornius
501 1958 744 2004 [iniurias]
806 1957 1146 2006 inopiamque,
1207 1970 1306 2006 quae
1358 1958 1521 2007 scripsit.

110 2025 363 2063 Scribendum
394 2035 494 2063 erat:
523 2028 733 2076 inopiam
766 2040 966 2076 quaeque
995 2027 1089 2076 ipsi
1118 2028 1250 2064 inter
1280 2041 1327 2064 se
1358 2028 1410 2064 fr.
1446 2041 1523 2065 oc-

110 2096 721 2147 culte(nonocculti)soliti
753 2099 1268 2145 erant,conquesticet.
1320 2098 1524 2147 Quaeque

111 2173 148 2202 ct
178 2167 424 2214 quequaein
442 2168 627 2209 codicum,
643 2168 757 2204 etiam
771 2168 818 2215 P,
836 2168 1025 2216 scriptura
1041 2169 1133 2205 nihil
1163 2182 1299 2218 reapse
1331 2167 1522 2205 differunt.

113 2236 441 2281 (XXVI,12,15
462 2239 494 2274 P
524 2237 782 2285 famesquae
814 2250 914 2285 que,
934 2239 993 2282 19,
1021 2241 1066 2274 10
1083 2251 1284 2287 qnequae
1306 2255 1329 2276 a
1355 2240 1524 2276 Puteo-

111 2306 184 2345 lis.
205 2307 268 2351 22,
288 2310 307 2342 4
342 2308 765 2356 centuriamquaeq.
805 2308 951 2345 Contra
967 2309 1047 2345 Pin
1065 2309 1199 2346 ceteris
1216 2310 1303 2346 etin
1322 2309 1524 2346 edd.erra-

113 2383 192 2413 tum
224 2384 280 2414 est
300 2378 482 2422 XXVII,
514 2380 570 2422 13,
595 2378 671 2426 ΙΙ.)
749 2379 936 2415 Extremo
956 2379 1080 2428 capite
1111 2380 1166 2427 (9)
1192 2380 1331 2417 lacuna
1361 2380 1415 2416 sic
1444 2379 1524 2416 fere

212 2602 269 2632 sed
297 2607 340 2632 ut
371 2604 499 2639 (ortum
526 2611 570 2633 ex
595 2602 746 2643 sequenti
774 2603 802 2641 t)
829 2612 848 2633 a
873 2602 940 2633 loci
967 2603 1132 2633 sententia.
1157 2602 1304 2634 alienum
1331 2610 1390 2640 est,
1410 2605 1524 2644 inqua

210 2662 296 2693 nihil
322 2668 414 2693 certo
438 2662 503 2694 fine
529 2662 825 2694 circumscribitur.
