1811 2925
858 111 903 146 21

181 240 284 289 quod
313 239 351 275 in
375 237 515 275 Leid.1
556 243 593 272 et
628 235 712 272 aliis
742 231 1026 281 transponendo
1058 230 1201 267 factum
1235 235 1310 266 est:
1342 230 1506 277 Prope
1536 241 1588 266 eo

180 312 286 360 ipso
332 309 439 345 loeo
478 306 686 353 temere.)
753 306 887 341 Restat
923 303 972 339 ad
1009 301 1314 351 cognoscendam
1357 300 1497 336 codicis
1527 312 1588 335 ar-

180 380 330 430 chetypi
368 378 531 415 formam
562 376 673 412 unius
713 375 766 412 rei
803 373 1127 410 commemoratio.
1186 372 1290 408 Nam
1321 384 1438 420 quum
1474 370 1511 406 in
1542 382 1588 406 eo

178 452 216 488 in
241 450 475 498 marginibus
493 447 719 496 paginarum
738 445 956 493 frequenter
979 449 1244 492 argumentum
1271 441 1502 478 narrationis
1520 441 1588 477 Li—

178 522 301 558 vianae
331 519 496 556 breviter
512 518 735 554 adnotatum
760 522 869 559 esset,
901 515 1059 554 librarii,
1091 514 1154 562 qui
1174 526 1221 549 ex
1242 525 1286 549 eo
1305 512 1400 548 alios
1418 511 1588 559 descrip-

178 597 319 634 serunt,
349 590 537 626 interdum
569 600 710 631 errore,
743 587 818 632 alii,
849 592 890 622 ut
913 587 966 632 fit,
992 585 1142 634 saepius,
1174 584 1239 620 alii
1266 583 1390 620 rarius
1419 583 1489 618 has
1520 581 1587 618 ad-

177 661 395 699 notationes
439 659 510 709 ipsi
551 658 715 695 orationi
755 657 926 693 Livianae
966 657 1224 699 inseruerunt3
1268 655 1396 703 plures
1435 653 1585 701 quidem

176 734 303 781 longe,
336 744 450 779 quam
483 730 619 773 ceteri,
650 735 851 765 tenuerunt
879 728 1026 764 librarii
1055 726 1197 763 codicis
1227 724 1390 762 Medic-ei
1421 730 1458 760 et
1486 723 1587 760 Rhe-

176 804 285 848 nani,
315 803 375 839 vel
405 802 529 851 potins
558 800 736 837 librarius
767 799 847 835 eius
877 798 1041 842 codicis,
1079 810 1127 833 ex
1159 809 1233 844 quo
1264 797 1400 832 horum
1428 802 1588 842 uterque

177 880 283 911 ortus
315 880 390 917 est,
420 873 523 909 velut
552 872 613 915 11,
656 871 727 914 36,
771 871 812 913 3,
851 869 919 905 etsi
960 868 1043 903 aliis
1080 868 1173 904 locis
1202 868 1410 904 Rhenanus
1441 866 1488 901 de
1517 877 1587 902 suo

176 945 306 982 codice
335 943 476 981 tacuit.
508 942 612 978 velut
640 941 727 984 III,
767 942 838 982 41,
888 943 928 978 1,
957 938 1024 975 ubi
1052 951 1099 974 ne
1130 937 1294 974 Medic-ei
1325 936 1477 984 quidem
1507 937 1587 972 haec

175 1014 394 1051 adnotatio:
433 1012 732 1050 Ferociores
770 1011 949 1047 iterum
983 1009 1145 1046 coorti
1183 1007 1422 1045 Valerius
1465 1007 1587 1043 Vale-

174 1085 252 1122 rius
282 1084 544 1131 Horatiusque
575 1089 710 1119 contra
750 1081 976 1118 sententiam
1010 1080 1286 1128 Maluginensis
1327 1078 1586 1115 Horatius-

175 1168 263 1204 que
295 1153 581 1198 vociferari,
613 1152 714 1200 apud
737 1151 1096 1188 Drakenborchium
1128 1155 1462 1187 commemoratur.
1513 1151 1586 1186 At-

174 1239 247 1275 que
277 1227 308 1262 is
338 1226 419 1274 ipse
447 1223 647 1268 librarius,
693 1235 808 1270 quum
842 1229 955 1258 antea
984 1234 1099 1258 unam
1131 1222 1341 1258 alteramve
1370 1220 1589 1256 huiusmodi

173 1296 462 1332 adnotationem
501 1308 521 1331 e
550 1293 721 1341 margine
751 1293 916 1329 orationi
946 1292 1259 1341 interposuisset,
1298 1292 1336 1328 in
1369 1291 1467 1328 libro
1498 1303 1587 1339 sep—

172 1367 266 1404 timo
294 1379 415 1416 prope
445 1366 655 1402 deliberato
686 1364 844 1400 consilio
875 1364 914 1400 id
944 1364 1070 1401 facere
1101 1363 1273 1412 coepisse
1302 1363 1453 1399 videtur
1485 1361 1533 1411 (c.
1550 1363 1585 1408 3,

173 1439 210 1482 5,
241 1437 307 1474 ubi
336 1442 436 1473 tacet
464 1436 682 1475 Drakenb.,
712 1448 743 1473 e.
782 1439 850 1480 15,
882 1436 903 1471 2
937 1443 972 1471 et
1005 1435 1161 1479 8--12,
1191 1434 1267 1470 vid.
1298 1433 1517 1471 Alschefsk.
1547 1446 1585 1482 p.

175 1509 275 1552 185,
317 1520 348 1543 c.
380 1508 442 1552 16,
474 1509 495 1543 6
529 1515 566 1543 et
596 1508 640 1552 9,
668 1519 699 1544 e.
738 1509 797 1545 17.
830 1508 865 1550 2,
899 1509 934 1543 6.
971 1507 1109 1549 7,10,
1156 1506 1283 1549 ο.18,
1313 1508 1348 1546 4,
1390 1504 1456 1540 ubi
1485 1510 1587 1540 tacet

170 1578 315 1621 Drak.,
345 1590 378 1614 c.
416 1580 476 1623 19,
507 1580 543 1623 2,
575 1581 611 1623 4,
648 1581 716 1623 10,
748 1590 779 1613 c.
811 1579 881 1619 20,
917 1578 937 1612 2
971 1583 1009 1612 et
1039 1577 1127 1624 20);
1172 1576 1308 1612 deinde
1342 1588 1470 1611 errore
1501 1575 1585 1610 ani-

170 1648 397 1692 madverso,
439 1661 595 1697 prorsus
625 1648 705 1685 fere
735 1647 865 1692 desiit,
910 1660 1030 1695 neque
1063 1647 1185 1691 enim,
1229 1647 1261 1682 si
1296 1652 1398 1682 recte
1429 1645 1584 1690 attendi,

170 1726 307 1768 postea
345 1719 549 1767 quicquam
589 1719 699 1755 huius
738 1718 887 1767 generis
932 1718 1119 1766 reperitur
1161 1717 1234 1753 nisi
1275 1716 1400 1761 VIII,
1443 1717 1464 1752 3
1503 1716 1583 1752 init.

171 1789 509 1838 (ambiguitate
552 1789 774 1838 responsi
819 1795 1028 1836 quantos
1076 1788 1369 1824 vincerimus
1425 1787 1584 1824 inimi-

170 1860 280 1907 cos),
311 1873 343 1898 c.
367 1861 430 1906 20,
463 1861 499 1902 3,
527 1872 557 1896 c.
580 1861 645 1899 23,
683 1863 741 1896 10.
800 1860 846 1895 In
877 1859 941 1895 illo
976 1859 1118 1903 codice,
1153 1871 1201 1894 ex
1230 1871 1305 1906 quo
1338 1859 1418 1894 haec
1448 1870 1585 1906 sparsa

169 1937 401 1975 manserunt,
432 1938 655 1980 perpetuam
685 1930 903 1967 huiusmodi
936 1929 1222 1966 adnotationem
1253 1928 1394 1973 fuisse,
1423 1941 1583 1965 consen-

168 2006 323 2038 taneum
355 2008 428 2047 est,
465 2001 580 2049 idque
611 2001 657 2037 de
688 2001 818 2037 codice
854 2001 1062 2049 archetypo
1098 2000 1299 2035 confirmat
1330 2000 1406 2035 iam
1438 1998 1583 2035 Parisi-

170 2072 270 2108 ensis
309 2085 386 2109 uno
426 2073 511 2109 loco
550 2083 634 2107 cum
663 2071 839 2108 Mediceo
869 2071 907 2107 in
939 2070 1156 2107 huiusmodi
1187 2083 1315 2107 errore
1346 2070 1583 2118 conspirans,

168 2141 246 2185 III,
262 2142 326 2185 49,
344 2144 364 2177 5
384 2142 461 2189 (Mt
477 2142 665 2190 Appius
695 2141 832 2190 fugit,
852 2143 905 2179 P:
922 2141 1110 2190 Appius
1144 2140 1295 2189 figit),
1318 2140 1437 2177 multo
1455 2147 1583 2177 autem

169 2212 308 2248 certius
337 2212 437 2248 idem
469 2225 517 2248 ex
543 2225 588 2249 eo
618 2213 837 2257 conficitur,
877 2213 979 2261 quod
1012 2212 1044 2248 is
1073 2211 1276 2256 librarius,
1316 2211 1381 2259 qui
1411 2211 1583 2247 codicem

167 2282 369 2319 Harleiani
408 2282 548 2332 prioris
578 2278 854 2330 Leidensisque
890 2281 1030 2330 prioris
1060 2289 1096 2318 et
1126 2282 1358 2319 deteriorum
1388 2282 1502 2330 longe
1533 2282 1581 2317 ab

167 2352 241 2389 illis
285 2353 524 2390 diversorum
560 2359 758 2402 parentem
799 2365 847 2388 ex
893 2353 1101 2402 archetypo
1140 2353 1358 2402 descripsit,
1408 2352 1582 2396 subinde,

168 2423 236 2460 sed
268 2423 351 2460 aliis
380 2423 474 2460 locis
514 2423 553 2459 in
582 2423 742 2459 eundem
785 2422 1076 2459 adnotationum
1116 2424 1384 2472 marginalium
1417 2422 1582 2459 orationi

168 2493 455 2529 inserendarum
496 2506 663 2529 errorem
705 2492 849 2529 incidit.
937 2493 1040 2529 Nam
1081 2493 1161 2538 VI,
1205 2495 1247 2539 8,
1290 2495 1311 2530 9
1350 2494 1457 2531 Leid.
1496 2497 1508 2530 l
1545 2499 1582 2530 et

169 2563 279 2601 Harl.
328 2567 342 2599 1
388 2574 473 2600 cum
516 2564 613 2602 Lov‚
646 2564 667 2599 2
701 2571 738 2600 et
767 2565 790 2599 4
836 2570 874 2600 et
919 2564 1082 2601 Hearnii
1123 2565 1272 2601 duobus
1316 2564 1580 2612 interponunt:

169 2632 577 2681 Quemadmodum
615 2633 856 2670 Satricum
904 2634 1132 2683 capiatur
1178 2648 1201 2670 a
1247 2634 1473 2679 Camillo3
1520 2634 1579 2671 VI
