<?xml version="1.0" encoding="UTF-8"?>
<!DOCTYPE html PUBLIC "-//W3C//DTD XHTML 1.0 Transitional//EN"
    "http://www.w3.org/TR/xhtml1/DTD/xhtml1-transitional.dtd">
<html xmlns="http://www.w3.org/1999/xhtml" xml:lang="en" lang="en">
 <head>
  <title>
</title>
<meta http-equiv="Content-Type" content="text/html;charset=utf-8" />
  <meta name='ocr-system' content='tesseract 3.04.00' />
  <meta name='ocr-capabilities' content='ocr_page ocr_carea ocr_par ocr_line ocrx_word'/>
</head>
<body>
  <div class='ocr_page' id='page_1' title='image "./emendationeslivi00madvuoft_0622.png"; bbox 0 0 1811 2925; ppageno 0'>
   <div class='ocr_carea' id='block_1_1' title="bbox 228 145 977 185">
    <p class='ocr_par' dir='ltr' id='par_1_1' title="bbox 228 145 977 185">
     <span class='ocr_line' id='line_1_1' title="bbox 228 145 977 185; baseline -0.003 -9"><span class='ocrx_word' id='word_1_1' title='bbox 228 145 301 176; x_wconf 79' lang='lat' dir='ltr'>Lib.</span> <span class='ocrx_word' id='word_1_2' title='bbox 329 145 438 176; x_wconf 80' lang='lat' dir='ltr'>XLV.</span> <span class='ocrx_word' id='word_1_3' title='bbox 895 150 977 185; x_wconf 78' lang='lat'>616</span> 
     </span>
    </p>
   </div>
   <div class='ocr_carea' id='block_1_2' title="bbox 226 267 1642 2160">
    <p class='ocr_par' dir='ltr' id='par_1_2' title="bbox 226 267 1640 1098">
     <span class='ocr_line' id='line_1_2' title="bbox 338 267 1640 320; baseline 0.002 -15"><span class='ocrx_word' id='word_1_4' title='bbox 338 267 434 316; x_wconf 78' lang='lat' dir='ltr'>Cap.</span> <span class='ocrx_word' id='word_1_5' title='bbox 463 270 533 310; x_wconf 68' lang='lat'>35,</span> <span class='ocrx_word' id='word_1_6' title='bbox 570 272 609 304; x_wconf 92' lang='lat'>7:</span> <span class='ocrx_word' id='word_1_7' title='bbox 649 270 800 306; x_wconf 85' lang='lat' dir='ltr'>Totus</span> <span class='ocrx_word' id='word_1_8' title='bbox 832 270 1175 307; x_wconf 84' lang='lat' dir='ltr'>Macedonicus</span> <span class='ocrx_word' id='word_1_9' title='bbox 1207 272 1459 308; x_wconf 83' lang='lat' dir='ltr'>exercitus</span> <span class='ocrx_word' id='word_1_10' title='bbox 1499 271 1640 320; x_wconf 90' lang='lat' dir='ltr'>impe-</span> 
     </span>
     <span class='ocr_line' id='line_1_3' title="bbox 226 339 1640 387; baseline 0.003 -13"><span class='ocrx_word' id='word_1_11' title='bbox 226 339 379 375; x_wconf 86' lang='lat' dir='ltr'>ratori</span> <span class='ocrx_word' id='word_1_12' title='bbox 410 346 514 375; x_wconf 84' lang='lat' dir='ltr'>erat</span> <span class='ocrx_word' id='word_1_13' title='bbox 545 339 862 387; x_wconf 80' lang='lat' dir='ltr'>negligenter</span> <span class='ocrx_word' id='word_1_14' title='bbox 893 340 1157 377; x_wconf 76' lang='lat' dir='ltr'>adfuturus</span> <span class='ocrx_word' id='word_1_15' title='bbox 1188 341 1398 377; x_wconf 89' lang='lat' dir='ltr'>comitiis</span> <span class='ocrx_word' id='word_1_16' title='bbox 1428 341 1640 379; x_wconf 85' lang='lat' dir='ltr'>ferendae</span> 
     </span>
     <span class='ocr_line' id='line_1_4' title="bbox 226 408 1638 459; baseline 0.004 -14"><span class='ocrx_word' id='word_1_17' title='bbox 226 410 348 458; x_wconf 87' lang='lat' dir='ltr'>legis</span> <span class='ocrx_word' id='word_1_18' title='bbox 379 408 440 457; x_wconf 88' lang='lat' dir='ltr'>(ut-</span> <span class='ocrx_word' id='word_1_19' title='bbox 470 410 516 447; x_wconf 59' lang='lat' dir='ltr'>L⁴</span> <span class='ocrx_word' id='word_1_20' title='bbox 545 409 719 454; x_wconf 70' lang='lat' dir='ltr'>AEmilio,</span> <span class='ocrx_word' id='word_1_21' title='bbox 753 422 828 457; x_wconf 92' lang='lat' dir='ltr'>quo</span> <span class='ocrx_word' id='word_1_22' title='bbox 864 410 924 446; x_wconf 87' lang='lat' dir='ltr'>die</span> <span class='ocrx_word' id='word_1_23' title='bbox 954 412 1086 448; x_wconf 87' lang='lat' dir='ltr'>urbem</span> <span class='ocrx_word' id='word_1_24' title='bbox 1117 411 1356 459; x_wconf 86' lang='lat' dir='ltr'>triumphans</span> <span class='ocrx_word' id='word_1_25' title='bbox 1385 412 1638 457; x_wconf 67' lang='lat' dir='ltr'>inveheretur,</span> 
     </span>
     <span class='ocr_line' id='line_1_5' title="bbox 226 480 1638 533; baseline 0.004 -18"><span class='ocrx_word' id='word_1_26' title='bbox 226 480 425 528; x_wconf 89' lang='lat' dir='ltr'>imperium</span> <span class='ocrx_word' id='word_1_27' title='bbox 458 480 587 527; x_wconf 87' lang='lat' dir='ltr'>esset).</span> <span class='ocrx_word' id='word_1_28' title='bbox 656 480 770 516; x_wconf 79' lang='lat' dir='ltr'>Latet</span> <span class='ocrx_word' id='word_1_29' title='bbox 801 480 947 528; x_wconf 85' lang='lat' dir='ltr'>aliquid</span> <span class='ocrx_word' id='word_1_30' title='bbox 980 481 1118 518; x_wconf 86' lang='lat' dir='ltr'>mendi.</span> <span class='ocrx_word' id='word_1_31' title='bbox 1176 483 1278 519; x_wconf 86' lang='lat' dir='ltr'>Nam</span> <span class='ocrx_word' id='word_1_32' title='bbox 1310 489 1442 519; x_wconf 88' lang='lat' dir='ltr'>totus</span> <span class='ocrx_word' id='word_1_33' title='bbox 1474 490 1510 520; x_wconf 85' lang='lat' dir='ltr'>et</span> <span class='ocrx_word' id='word_1_34' title='bbox 1530 497 1638 533; x_wconf 90' lang='lat' dir='ltr'>neg·</span> 
     </span>
     <span class='ocr_line' id='line_1_6' title="bbox 226 549 1638 601; baseline 0.004 -16"><span class='ocrx_word' id='word_1_35' title='bbox 226 551 410 599; x_wconf 82' lang='lat' dir='ltr'>ligente</span> <span class='ocrx_word' id='word_1_36' title='bbox 424 564 442 586; x_wconf 89' lang='lat'>1·</span> <span class='ocrx_word' id='word_1_37' title='bbox 486 549 751 586; x_wconf 80' lang='lat' dir='ltr'>adfuturus</span> <span class='ocrx_word' id='word_1_38' title='bbox 782 551 880 587; x_wconf 85' lang='lat' dir='ltr'>inter</span> <span class='ocrx_word' id='word_1_39' title='bbox 910 564 950 587; x_wconf 86' lang='lat' dir='ltr'>se</span> <span class='ocrx_word' id='word_1_40' title='bbox 979 552 1093 600; x_wconf 84' lang='lat' dir='ltr'>plane</span> <span class='ocrx_word' id='word_1_41' title='bbox 1122 559 1355 601; x_wconf 78' lang='lat' dir='ltr'>repugnant3</span> <span class='ocrx_word' id='word_1_42' title='bbox 1387 554 1495 593; x_wconf 75' lang='lat' dir='ltr'>Serv.</span> <span class='ocrx_word' id='word_1_43' title='bbox 1518 554 1638 592; x_wconf 86' lang='lat' dir='ltr'>Galb.</span> 
     </span>
     <span class='ocr_line' id='line_1_7' title="bbox 226 620 1637 674; baseline 0.005 -19"><span class='ocrx_word' id='word_1_44' title='bbox 226 621 376 656; x_wconf 89' lang='lat' dir='ltr'>demum</span> <span class='ocrx_word' id='word_1_45' title='bbox 404 620 626 663; x_wconf 72' lang='lat' dir='ltr'>stimulavit,</span> <span class='ocrx_word' id='word_1_46' title='bbox 662 627 703 657; x_wconf 84' lang='lat' dir='ltr'>ut</span> <span class='ocrx_word' id='word_1_47' title='bbox 732 621 951 669; x_wconf 82' lang='lat' dir='ltr'>frequentes</span> <span class='ocrx_word' id='word_1_48' title='bbox 983 623 1172 659; x_wconf 72' lang='lat' dir='ltr'><strong>adessent.</strong></span> <span class='ocrx_word' id='word_1_49' title='bbox 1245 624 1382 672; x_wconf 80' lang='lat' dir='ltr'>Neque</span> <span class='ocrx_word' id='word_1_50' title='bbox 1431 625 1637 674; x_wconf 88' lang='lat' dir='ltr'>impera-</span> 
     </span>
     <span class='ocr_line' id='line_1_8' title="bbox 226 691 1638 741; baseline 0.005 -15"><span class='ocrx_word' id='word_1_51' title='bbox 226 691 320 727; x_wconf 85' lang='lat' dir='ltr'>tori</span> <span class='ocrx_word' id='word_1_52' title='bbox 354 692 538 735; x_wconf 77' lang='lat' dir='ltr'>adesse,</span> <span class='ocrx_word' id='word_1_53' title='bbox 570 698 766 739; x_wconf 81' lang='lat' dir='ltr'>tamquam</span> <span class='ocrx_word' id='word_1_54' title='bbox 799 692 837 728; x_wconf 89' lang='lat' dir='ltr'>in</span> <span class='ocrx_word' id='word_1_55' title='bbox 868 693 1038 741; x_wconf 87' lang='lat' dir='ltr'>periculo</span> <span class='ocrx_word' id='word_1_56' title='bbox 1069 694 1260 739; x_wconf 75' lang='lat' dir='ltr'>versanti,</span> <span class='ocrx_word' id='word_1_57' title='bbox 1311 694 1526 739; x_wconf 70' lang='lat' dir='ltr'>debebant,</span> <span class='ocrx_word' id='word_1_58' title='bbox 1572 697 1638 733; x_wconf 89' lang='lat' dir='ltr'>sed</span> 
     </span>
     <span class='ocr_line' id='line_1_9' title="bbox 226 762 1638 803; baseline 0.004 -5"><span class='ocrx_word' id='word_1_59' title='bbox 226 762 466 799; x_wconf 86' lang='lat' dir='ltr'>comitiorum</span> <span class='ocrx_word' id='word_1_60' title='bbox 498 763 557 798; x_wconf 92' lang='lat' dir='ltr'>die</span> <span class='ocrx_word' id='word_1_61' title='bbox 589 763 744 799; x_wconf 89' lang='lat' dir='ltr'>omnino</span> <span class='ocrx_word' id='word_1_62' title='bbox 778 763 923 800; x_wconf 78' lang='lat' dir='ltr'>adesse.</span> <span class='ocrx_word' id='word_1_63' title='bbox 975 765 1147 801; x_wconf 83' lang='lat' dir='ltr'>Verbum</span> <span class='ocrx_word' id='word_1_64' title='bbox 1169 771 1274 800; x_wconf 81' lang='lat' dir='ltr'>crat</span> <span class='ocrx_word' id='word_1_65' title='bbox 1302 765 1543 803; x_wconf 80' lang='lat' dir='ltr'>incommode</span> <span class='ocrx_word' id='word_1_66' title='bbox 1578 781 1638 803; x_wconf 85' lang='lat' dir='ltr'>re·</span> 
     </span>
     <span class='ocr_line' id='line_1_10' title="bbox 226 834 1636 883; baseline 0.004 -14"><span class='ocrx_word' id='word_1_67' title='bbox 226 839 387 869; x_wconf 87' lang='lat' dir='ltr'>tractum</span> <span class='ocrx_word' id='word_1_68' title='bbox 420 839 476 869; x_wconf 85' lang='lat' dir='ltr'>est</span> <span class='ocrx_word' id='word_1_69' title='bbox 507 840 594 870; x_wconf 86' lang='lat' dir='ltr'>ante</span> <span class='ocrx_word' id='word_1_70' title='bbox 628 834 963 883; x_wconf 79' lang='lat' dir='ltr'>negligenter3</span> <span class='ocrx_word' id='word_1_71' title='bbox 996 848 1066 883; x_wconf 89' lang='lat' dir='ltr'>pro</span> <span class='ocrx_word' id='word_1_72' title='bbox 1098 847 1142 870; x_wconf 93' lang='lat' dir='ltr'>eo</span> <span class='ocrx_word' id='word_1_73' title='bbox 1174 835 1211 870; x_wconf 90' lang='lat' dir='ltr'>in</span> <span class='ocrx_word' id='word_1_74' title='bbox 1243 835 1325 871; x_wconf 86' lang='lat' dir='ltr'>cod.</span> <span class='ocrx_word' id='word_1_75' title='bbox 1348 836 1524 872; x_wconf 80' lang='lat' dir='ltr'><strong>scribitur</strong></span> <span class='ocrx_word' id='word_1_76' title='bbox 1553 837 1636 876; x_wconf 84' lang='lat' dir='ltr'>ita.</span> 
     </span>
     <span class='ocr_line' id='line_1_11' title="bbox 227 904 1636 955; baseline 0.004 -16"><span class='ocrx_word' id='word_1_77' title='bbox 227 904 457 949; x_wconf 74' lang='lat' dir='ltr'>Videndum,</span> <span class='ocrx_word' id='word_1_78' title='bbox 489 917 535 940; x_wconf 92' lang='lat' dir='ltr'>ne</span> <span class='ocrx_word' id='word_1_79' title='bbox 567 905 699 941; x_wconf 87' lang='lat' dir='ltr'>Livius</span> <span class='ocrx_word' id='word_1_80' title='bbox 731 905 943 954; x_wconf 75' lang='lat' dir='ltr'>scripserit:</span> <span class='ocrx_word' id='word_1_81' title='bbox 984 906 1147 941; x_wconf 84' lang='lat' dir='ltr'>Iratus</span> <span class='ocrx_word' id='word_1_82' title='bbox 1179 906 1265 954; x_wconf 85' lang='lat' dir='ltr'>(pro</span> <span class='ocrx_word' id='word_1_83' title='bbox 1297 907 1449 955; x_wconf 85' lang='lat' dir='ltr'>totus)</span> <span class='ocrx_word' id='word_1_84' title='bbox 1481 908 1636 945; x_wconf 81' lang='lat' dir='ltr'>Mace-</span> 
     </span>
     <span class='ocr_line' id='line_1_12' title="bbox 227 975 1635 1028; baseline 0.004 -18"><span class='ocrx_word' id='word_1_85' title='bbox 227 975 429 1011; x_wconf 87' lang='lat' dir='ltr'>donicus</span> <span class='ocrx_word' id='word_1_86' title='bbox 462 976 709 1012; x_wconf 80' lang='lat' dir='ltr'>exercitus</span> <span class='ocrx_word' id='word_1_87' title='bbox 746 976 1039 1024; x_wconf 83' lang='lat' dir='ltr'>imperatori</span> <span class='ocrx_word' id='word_1_88' title='bbox 1069 977 1382 1026; x_wconf 78' lang='lat' dir='ltr'>negligenter</span> <span class='ocrx_word' id='word_1_89' title='bbox 1406 976 1526 1028; x_wconf 82' lang='lat' dir='ltr'>[erat]</span> <span class='ocrx_word' id='word_1_90' title='bbox 1560 979 1635 1015; x_wconf 87' lang='lat' dir='ltr'>ad-</span> 
     </span>
     <span class='ocr_line' id='line_1_13' title="bbox 226 1044 1512 1098; baseline 0.004 -18"><span class='ocrx_word' id='word_1_91' title='bbox 226 1044 418 1081; x_wconf 81' lang='lat' dir='ltr'>futurus</span> <span class='ocrx_word' id='word_1_92' title='bbox 450 1047 661 1083; x_wconf 83' lang='lat' dir='ltr'>comitiis</span> <span class='ocrx_word' id='word_1_93' title='bbox 692 1048 719 1086; x_wconf 77' lang='lat' dir='ltr'>f.</span> <span class='ocrx_word' id='word_1_94' title='bbox 751 1048 774 1086; x_wconf 87' lang='lat' dir='ltr'>l.</span> <span class='ocrx_word' id='word_1_95' title='bbox 838 1047 950 1085; x_wconf 84' lang='lat' dir='ltr'>Unde</span> <span class='ocrx_word' id='word_1_96' title='bbox 980 1047 1048 1083; x_wconf 84' lang='lat' dir='ltr'>ita</span> <span class='ocrx_word' id='word_1_97' title='bbox 1080 1055 1204 1084; x_wconf 82' lang='lat' dir='ltr'>ortum</span> <span class='ocrx_word' id='word_1_98' title='bbox 1236 1049 1295 1089; x_wconf 67' lang='lat' dir='ltr'>sit,</span> <span class='ocrx_word' id='word_1_99' title='bbox 1327 1046 1512 1098; x_wconf 80' lang='lat' dir='ltr'>nescio1).</span> 
     </span>
    </p>

    <p class='ocr_par' dir='ltr' id='par_1_3' title="bbox 227 1115 1642 2160">
     <span class='ocr_line' id='line_1_14' title="bbox 338 1115 1637 1169; baseline 0.004 -17"><span class='ocrx_word' id='word_1_100' title='bbox 338 1115 434 1165; x_wconf 80' lang='lat' dir='ltr'>Cap.</span> <span class='ocrx_word' id='word_1_101' title='bbox 468 1119 531 1155; x_wconf 77' lang='lat'>36.</span> <span class='ocrx_word' id='word_1_102' title='bbox 564 1120 585 1154; x_wconf 82' lang='lat'><strong>2</strong></span> <span class='ocrx_word' id='word_1_103' title='bbox 618 1120 691 1155; x_wconf 81' lang='lat' dir='ltr'>et3</span> <span class='ocrx_word' id='word_1_104' title='bbox 726 1131 842 1166; x_wconf 88' lang='lat' dir='ltr'>quum</span> <span class='ocrx_word' id='word_1_105' title='bbox 863 1118 1052 1166; x_wconf 82' lang='lat' dir='ltr'>Grynaeus</span> <span class='ocrx_word' id='word_1_106' title='bbox 1086 1121 1264 1156; x_wconf 79' lang='lat' dir='ltr'>edidisset</span> <span class='ocrx_word' id='word_1_107' title='bbox 1297 1121 1484 1169; x_wconf 84' lang='lat' dir='ltr'>primum:</span> <span class='ocrx_word' id='word_1_108' title='bbox 1507 1120 1637 1158; x_wconf 76' lang='lat' dir='ltr'>SerV.</span> 
     </span>
     <span class='ocr_line' id='line_1_15' title="bbox 228 1186 1636 1239; baseline 0.004 -16"><span class='ocrx_word' id='word_1_109' title='bbox 228 1186 388 1223; x_wconf 83' lang='lat' dir='ltr'>Galba</span> <span class='ocrx_word' id='word_1_110' title='bbox 430 1196 631 1237; x_wconf 85' lang='lat' dir='ltr'>repente</span> <span class='ocrx_word' id='word_1_111' title='bbox 672 1189 918 1237; x_wconf 84' lang='lat' dir='ltr'>processit</span> <span class='ocrx_word' id='word_1_112' title='bbox 962 1194 1006 1224; x_wconf 85' lang='lat' dir='ltr'>et</span> <span class='ocrx_word' id='word_1_113' title='bbox 1046 1202 1069 1226; x_wconf 86' lang='lat' dir='ltr'>a</span> <span class='ocrx_word' id='word_1_114' title='bbox 1102 1191 1301 1227; x_wconf 88' lang='lat' dir='ltr'>tribuno</span> <span class='ocrx_word' id='word_1_115' title='bbox 1346 1192 1636 1239; x_wconf 76' lang='lat' dir='ltr'>postulavit.</span> 
     </span>
     <span class='ocr_line' id='line_1_16' title="bbox 227 1259 1635 1307; baseline 0.004 -15"><span class='ocrx_word' id='word_1_116' title='bbox 227 1264 280 1293; x_wconf 82' lang='lat' dir='ltr'>ut</span> <span class='ocrx_word' id='word_1_117' title='bbox 430 1259 474 1294; x_wconf 88' lang='lat' dir='ltr'>in</span> <span class='ocrx_word' id='word_1_118' title='bbox 517 1266 766 1307; x_wconf 77' lang='lat' dir='ltr'>posterum</span> <span class='ocrx_word' id='word_1_119' title='bbox 799 1260 918 1296; x_wconf 87' lang='lat' dir='ltr'>diem</span> <span class='ocrx_word' id='word_1_120' title='bbox 967 1259 1226 1296; x_wconf 77' lang='lat' dir='ltr'>differrent</span> <span class='ocrx_word' id='word_1_121' title='bbox 1273 1268 1313 1296; x_wconf 82' lang='lat' dir='ltr'>ct</span> <span class='ocrx_word' id='word_1_122' title='bbox 1357 1275 1489 1297; x_wconf 86' lang='lat' dir='ltr'>mane</span> <span class='ocrx_word' id='word_1_123' title='bbox 1533 1275 1635 1298; x_wconf 85' lang='lat' dir='ltr'>eam</span> 
     </span>
     <span class='ocr_line' id='line_1_17' title="bbox 227 1330 1634 1378; baseline 0.005 -15"><span class='ocrx_word' id='word_1_124' title='bbox 227 1342 320 1364; x_wconf 87' lang='lat' dir='ltr'>rem</span> <span class='ocrx_word' id='word_1_125' title='bbox 354 1337 578 1378; x_wconf 79' lang='lat' dir='ltr'>agerent.</span> <span class='ocrx_word' id='word_1_126' title='bbox 622 1330 776 1366; x_wconf 87' lang='lat' dir='ltr'>deinde:</span> <span class='ocrx_word' id='word_1_127' title='bbox 823 1343 959 1378; x_wconf 89' lang='lat' dir='ltr'>quum</span> <span class='ocrx_word' id='word_1_128' title='bbox 1002 1331 1227 1367; x_wconf 90' lang='lat' dir='ltr'>tribunus</span> <span class='ocrx_word' id='word_1_129' title='bbox 1268 1332 1425 1369; x_wconf 86' lang='lat' dir='ltr'>dicere</span> <span class='ocrx_word' id='word_1_130' title='bbox 1457 1346 1508 1369; x_wconf 91' lang='lat' dir='ltr'>eo</span> <span class='ocrx_word' id='word_1_131' title='bbox 1542 1334 1634 1378; x_wconf 77' lang='lat' dir='ltr'>die,</span> 
     </span>
     <span class='ocr_line' id='line_1_18' title="bbox 227 1399 1636 1451; baseline 0.004 -16"><span class='ocrx_word' id='word_1_132' title='bbox 227 1399 265 1435; x_wconf 84' lang='lat' dir='ltr'>si</span> <span class='ocrx_word' id='word_1_133' title='bbox 296 1400 411 1447; x_wconf 89' lang='lat' dir='ltr'>quid</span> <span class='ocrx_word' id='word_1_134' title='bbox 451 1401 622 1443; x_wconf 75' lang='lat' dir='ltr'>vellet,</span> <span class='ocrx_word' id='word_1_135' title='bbox 666 1401 882 1442; x_wconf 76' lang='lat' dir='ltr'>iuberet,</span> <span class='ocrx_word' id='word_1_136' title='bbox 913 1402 1160 1451; x_wconf 85' lang='lat' dir='ltr'>Kreyssigius</span> <span class='ocrx_word' id='word_1_137' title='bbox 1201 1402 1329 1450; x_wconf 87' lang='lat' dir='ltr'>priore</span> <span class='ocrx_word' id='word_1_138' title='bbox 1368 1404 1452 1441; x_wconf 88' lang='lat' dir='ltr'>loco</span> <span class='ocrx_word' id='word_1_139' title='bbox 1484 1411 1586 1441; x_wconf 85' lang='lat' dir='ltr'>recte</span> <span class='ocrx_word' id='word_1_140' title='bbox 1617 1418 1636 1440; x_wconf 92' lang='lat' dir='ltr'>e</span> 
     </span>
     <span class='ocr_line' id='line_1_19' title="bbox 228 1471 1640 1523; baseline 0.004 -17"><span class='ocrx_word' id='word_1_141' title='bbox 228 1471 358 1507; x_wconf 77' lang='lat' dir='ltr'>codice</span> <span class='ocrx_word' id='word_1_142' title='bbox 388 1473 580 1520; x_wconf 84' lang='lat' dir='ltr'>reposuit:</span> <span class='ocrx_word' id='word_1_143' title='bbox 605 1486 628 1508; x_wconf 82' lang='lat' dir='ltr'>a</span> <span class='ocrx_word' id='word_1_144' title='bbox 660 1473 872 1510; x_wconf 83' lang='lat' dir='ltr'>tribunis</span> <span class='ocrx_word' id='word_1_145' title='bbox 903 1473 1197 1522; x_wconf 64' lang='lat' dir='ltr'>postulavit,</span> <span class='ocrx_word' id='word_1_146' title='bbox 1232 1474 1334 1521; x_wconf 88' lang='lat' dir='ltr'>quod</span> <span class='ocrx_word' id='word_1_147' title='bbox 1350 1475 1446 1523; x_wconf 66' lang='lat' dir='ltr'>ipsa,</span> <span class='ocrx_word' id='word_1_148' title='bbox 1479 1488 1562 1523; x_wconf 83' lang='lat' dir='ltr'>quae</span> <span class='ocrx_word' id='word_1_149' title='bbox 1581 1487 1640 1511; x_wconf 84' lang='lat' dir='ltr'>se-</span> 
     </span>
     <span class='ocr_line' id='line_1_20' title="bbox 229 1543 1639 1593; baseline 0.004 -16"><span class='ocrx_word' id='word_1_150' title='bbox 229 1552 413 1588; x_wconf 63' lang='lat' dir='ltr'>quuntur,</span> <span class='ocrx_word' id='word_1_151' title='bbox 443 1545 561 1579; x_wconf 81' lang='lat' dir='ltr'>verba</span> <span class='ocrx_word' id='word_1_152' title='bbox 594 1543 869 1580; x_wconf 84' lang='lat' dir='ltr'>differrent</span> <span class='ocrx_word' id='word_1_153' title='bbox 921 1551 957 1581; x_wconf 88' lang='lat' dir='ltr'>et</span> <span class='ocrx_word' id='word_1_154' title='bbox 1002 1555 1203 1592; x_wconf 79' lang='lat' dir='ltr'>agerent</span> <span class='ocrx_word' id='word_1_155' title='bbox 1247 1553 1397 1593; x_wconf 81' lang='lat' dir='ltr'>cogunt.</span> <span class='ocrx_word' id='word_1_156' title='bbox 1475 1545 1551 1582; x_wconf 86' lang='lat' dir='ltr'>Sed</span> <span class='ocrx_word' id='word_1_157' title='bbox 1595 1559 1639 1582; x_wconf 90' lang='lat' dir='ltr'>eo</span> 
     </span>
     <span class='ocr_line' id='line_1_21' title="bbox 227 1613 1640 1665; baseline 0.004 -18"><span class='ocrx_word' id='word_1_158' title='bbox 227 1613 383 1659; x_wconf 81' lang='lat' dir='ltr'>pravius</span> <span class='ocrx_word' id='word_1_159' title='bbox 415 1614 617 1652; x_wconf 77' lang='lat' dir='ltr'>retinetur:</span> <span class='ocrx_word' id='word_1_160' title='bbox 661 1628 806 1662; x_wconf 89' lang='lat' dir='ltr'>quum</span> <span class='ocrx_word' id='word_1_161' title='bbox 839 1616 1073 1652; x_wconf 79' lang='lat' dir='ltr'>tribunus</span> <span class='ocrx_word' id='word_1_162' title='bbox 1122 1645 1158 1653; x_wconf 78' lang='grc'>..</span> <span class='ocrx_word' id='word_1_163' title='bbox 1197 1616 1403 1661; x_wconf 53' lang='lat' dir='ltr'>iuberet5</span> <span class='ocrx_word' id='word_1_164' title='bbox 1448 1629 1518 1665; x_wconf 88' lang='lat' dir='ltr'>pro</span> <span class='ocrx_word' id='word_1_165' title='bbox 1565 1629 1640 1664; x_wconf 89' lang='lat' dir='ltr'>quo</span> 
     </span>
     <span class='ocr_line' id='line_1_22' title="bbox 228 1684 1641 1735; baseline 0.004 -17"><span class='ocrx_word' id='word_1_166' title='bbox 228 1684 264 1719; x_wconf 88' lang='lat' dir='ltr'>in</span> <span class='ocrx_word' id='word_1_167' title='bbox 296 1684 426 1719; x_wconf 79' lang='lat' dir='ltr'>codice</span> <span class='ocrx_word' id='word_1_168' title='bbox 459 1692 532 1720; x_wconf 82' lang='lat' dir='ltr'>est:</span> <span class='ocrx_word' id='word_1_169' title='bbox 576 1699 714 1733; x_wconf 90' lang='lat' dir='ltr'>quum</span> <span class='ocrx_word' id='word_1_170' title='bbox 745 1685 934 1722; x_wconf 89' lang='lat' dir='ltr'>tribuni</span> <span class='ocrx_word' id='word_1_171' title='bbox 975 1716 1009 1723; x_wconf 86' lang='lat'>..</span> <span class='ocrx_word' id='word_1_172' title='bbox 1062 1687 1260 1723; x_wconf 88' lang='lat' dir='ltr'>iuberet</span> <span class='ocrx_word' id='word_1_173' title='bbox 1300 1687 1434 1733; x_wconf 84' lang='lat' dir='ltr'>(verbo</span> <span class='ocrx_word' id='word_1_174' title='bbox 1466 1688 1515 1723; x_wconf 84' lang='lat' dir='ltr'>ad</span> <span class='ocrx_word' id='word_1_175' title='bbox 1544 1700 1641 1735; x_wconf 81' lang='lat' dir='ltr'>prae-</span> 
     </span>
     <span class='ocr_line' id='line_1_23' title="bbox 228 1755 1641 1806; baseline 0.004 -17"><span class='ocrx_word' id='word_1_176' title='bbox 228 1755 364 1790; x_wconf 80' lang='lat' dir='ltr'>cedens</span> <span class='ocrx_word' id='word_1_177' title='bbox 396 1755 543 1791; x_wconf 82' lang='lat' dir='ltr'>vellet</span> <span class='ocrx_word' id='word_1_178' title='bbox 574 1757 898 1803; x_wconf 73' lang='lat' dir='ltr'>accommodato),</span> <span class='ocrx_word' id='word_1_179' title='bbox 935 1758 1114 1804; x_wconf 86' lang='lat' dir='ltr'>quoniam</span> <span class='ocrx_word' id='word_1_180' title='bbox 1146 1758 1386 1806; x_wconf 84' lang='lat' dir='ltr'>perspicuum</span> <span class='ocrx_word' id='word_1_181' title='bbox 1420 1764 1503 1806; x_wconf 78' lang='lat' dir='ltr'>est,</span> <span class='ocrx_word' id='word_1_182' title='bbox 1554 1770 1641 1794; x_wconf 89' lang='lat' dir='ltr'>eos—</span> 
     </span>
     <span class='ocr_line' id='line_1_24' title="bbox 228 1826 1642 1875; baseline 0.003 -15"><span class='ocrx_word' id='word_1_183' title='bbox 228 1826 336 1866; x_wconf 67' lang='lat' dir='ltr'>dem,</span> <span class='ocrx_word' id='word_1_184' title='bbox 372 1839 394 1861; x_wconf 86' lang='lat' dir='ltr'>a</span> <span class='ocrx_word' id='word_1_185' title='bbox 438 1827 574 1873; x_wconf 84' lang='lat' dir='ltr'>quibus</span> <span class='ocrx_word' id='word_1_186' title='bbox 607 1827 740 1862; x_wconf 79' lang='lat' dir='ltr'>dilatio</span> <span class='ocrx_word' id='word_1_187' title='bbox 772 1828 967 1875; x_wconf 80' lang='lat' dir='ltr'>postulata</span> <span class='ocrx_word' id='word_1_188' title='bbox 1013 1829 1079 1873; x_wconf 70' lang='lat' dir='ltr'>sit,</span> <span class='ocrx_word' id='word_1_189' title='bbox 1112 1842 1196 1864; x_wconf 85' lang='lat' dir='ltr'>eam</span> <span class='ocrx_word' id='word_1_190' title='bbox 1227 1841 1302 1864; x_wconf 92' lang='lat' dir='ltr'>non</span> <span class='ocrx_word' id='word_1_191' title='bbox 1336 1828 1505 1872; x_wconf 75' lang='lat' dir='ltr'>dedisse3</span> <span class='ocrx_word' id='word_1_192' title='bbox 1549 1829 1642 1865; x_wconf 87' lang='lat' dir='ltr'>scri-</span> 
     </span>
     <span class='ocr_line' id='line_1_25' title="bbox 228 1896 1641 1947; baseline 0.002 -16"><span class='ocrx_word' id='word_1_193' title='bbox 228 1896 392 1932; x_wconf 86' lang='lat' dir='ltr'>bendum</span> <span class='ocrx_word' id='word_1_194' title='bbox 427 1897 541 1944; x_wconf 82' lang='lat' dir='ltr'>igitur</span> <span class='ocrx_word' id='word_1_195' title='bbox 571 1906 647 1935; x_wconf 82' lang='lat' dir='ltr'>est:</span> <span class='ocrx_word' id='word_1_196' title='bbox 680 1912 817 1947; x_wconf 87' lang='lat' dir='ltr'>quum</span> <span class='ocrx_word' id='word_1_197' title='bbox 850 1899 1037 1934; x_wconf 88' lang='lat' dir='ltr'>tribuni</span> <span class='ocrx_word' id='word_1_198' title='bbox 1076 1926 1114 1937; x_wconf 84' lang='grc'>..</span> <span class='ocrx_word' id='word_1_199' title='bbox 1152 1899 1383 1935; x_wconf 84' lang='lat' dir='ltr'>iuberent.</span> <span class='ocrx_word' id='word_1_200' title='bbox 1447 1898 1641 1935; x_wconf 82' lang='lat' dir='ltr'>Tribunos</span> 
     </span>
     <span class='ocr_line' id='line_1_26' title="bbox 229 1969 1641 2018; baseline 0.001 -15"><span class='ocrx_word' id='word_1_201' title='bbox 229 1969 479 2005; x_wconf 83' lang='lat' dir='ltr'>communitor</span> <span class='ocrx_word' id='word_1_202' title='bbox 508 1982 585 2004; x_wconf 78' lang='lat' dir='ltr'>rem</span> <span class='ocrx_word' id='word_1_203' title='bbox 620 1970 753 2017; x_wconf 68' lang='lat' dir='ltr'>egisse,</span> <span class='ocrx_word' id='word_1_204' title='bbox 785 1970 847 2006; x_wconf 81' lang='lat' dir='ltr'>Ti.</span> <span class='ocrx_word' id='word_1_205' title='bbox 881 1970 1108 2018; x_wconf 79' lang='lat' dir='ltr'>Sempronio</span> <span class='ocrx_word' id='word_1_206' title='bbox 1140 1970 1299 2006; x_wconf 81' lang='lat' dir='ltr'>actionis</span> <span class='ocrx_word' id='word_1_207' title='bbox 1333 1970 1525 2017; x_wconf 63' lang='lat' dir='ltr'>principe,</span> <span class='ocrx_word' id='word_1_208' title='bbox 1574 1981 1641 2017; x_wconf 87' lang='lat' dir='ltr'>ap-</span> 
     </span>
     <span class='ocr_line' id='line_1_27' title="bbox 228 2038 1641 2089; baseline 0.001 -16"><span class='ocrx_word' id='word_1_209' title='bbox 228 2045 339 2086; x_wconf 84' lang='lat' dir='ltr'>paret-</span> <span class='ocrx_word' id='word_1_210' title='bbox 368 2039 482 2074; x_wconf 70' lang='lat' dir='ltr'>etiam</span> <span class='ocrx_word' id='word_1_211' title='bbox 514 2054 561 2076; x_wconf 80' lang='lat' dir='ltr'>ex</span> <span class='ocrx_word' id='word_1_212' title='bbox 595 2042 668 2076; x_wconf 86' lang='lat' dir='ltr'>fine</span> <span class='ocrx_word' id='word_1_213' title='bbox 701 2041 835 2088; x_wconf 80' lang='lat' dir='ltr'>capitis</span> <span class='ocrx_word' id='word_1_214' title='bbox 871 2044 907 2085; x_wconf 59' lang='grc' dir='ltr'>(ς’</span> <span class='ocrx_word' id='word_1_215' title='bbox 946 2038 1023 2089; x_wconf 86' lang='lat'><em>10).</em></span> <span class='ocrx_word' id='word_1_216' title='bbox 1085 2043 1216 2088; x_wconf 78' lang='lat' dir='ltr'>Atque</span> <span class='ocrx_word' id='word_1_217' title='bbox 1256 2040 1369 2075; x_wconf 82' lang='lat' dir='ltr'>etiam</span> <span class='ocrx_word' id='word_1_218' title='bbox 1410 2040 1641 2076; x_wconf 82' lang='lat' dir='ltr'>Plutarchus</span> 
     </span>
     <span class='ocr_line' id='line_1_28' title="bbox 229 2109 1642 2160; baseline 0.001 -16"><span class='ocrx_word' id='word_1_219' title='bbox 229 2109 265 2144; x_wconf 91' lang='lat' dir='ltr'>in</span> <span class='ocrx_word' id='word_1_220' title='bbox 296 2110 374 2145; x_wconf 83' lang='lat' dir='ltr'>vita</span> <span class='ocrx_word' id='word_1_221' title='bbox 409 2110 558 2147; x_wconf 79' lang='lat' dir='ltr'>AEmilii</span> <span class='ocrx_word' id='word_1_222' title='bbox 591 2125 621 2148; x_wconf 84' lang='lat' dir='ltr'>c.</span> <span class='ocrx_word' id='word_1_223' title='bbox 656 2114 718 2151; x_wconf 79' lang='lat'>30,</span> <span class='ocrx_word' id='word_1_224' title='bbox 752 2111 903 2147; x_wconf 87' lang='lat' dir='ltr'>Livium</span> <span class='ocrx_word' id='word_1_225' title='bbox 936 2117 1067 2160; x_wconf 80' lang='lat' dir='ltr'>aperte</span> <span class='ocrx_word' id='word_1_226' title='bbox 1098 2111 1327 2159; x_wconf 70' lang='lat' dir='ltr'>exprimens,</span> <span class='ocrx_word' id='word_1_227' title='bbox 1358 2110 1520 2159; x_wconf 87' lang='lat' dir='ltr'>primum</span> <span class='ocrx_word' id='word_1_228' title='bbox 1545 2110 1642 2147; x_wconf 81' lang='lat' dir='ltr'>Gal-</span> 
     </span>
    </p>
   </div>
   <div class='ocr_carea' id='block_1_3' title="bbox 230 2180 1642 2231">
    <p class='ocr_par' dir='ltr' id='par_1_4' title="bbox 230 2180 1642 2231">
     <span class='ocr_line' id='line_1_29' title="bbox 230 2180 1642 2231; baseline 0.001 -17"><span class='ocrx_word' id='word_1_229' title='bbox 230 2180 317 2215; x_wconf 78' lang='lat' dir='ltr'>bam</span> <span class='ocrx_word' id='word_1_230' title='bbox 363 2193 385 2216; x_wconf 83' lang='lat' dir='ltr'>a</span> <span class='ocrx_word' id='word_1_231' title='bbox 427 2182 587 2218; x_wconf 89' lang='lat' dir='ltr'>tribunis</span> <span class='ocrx_word' id='word_1_232' title='bbox 640 2183 761 2231; x_wconf 86' lang='lat' dir='ltr'>plebis</span> <span class='ocrx_word' id='word_1_233' title='bbox 806 2183 921 2218; x_wconf 82' lang='lat' dir='ltr'>alium</span> <span class='ocrx_word' id='word_1_234' title='bbox 968 2183 1065 2218; x_wconf 85' lang='lat' dir='ltr'>diem</span> <span class='ocrx_word' id='word_1_235' title='bbox 1096 2181 1312 2230; x_wconf 80' lang='lat' dir='ltr'>postulasse</span> <span class='ocrx_word' id='word_1_236' title='bbox 1342 2181 1495 2225; x_wconf 75' lang='lat' dir='ltr'>scribit,</span> <span class='ocrx_word' id='word_1_237' title='bbox 1537 2187 1642 2225; x_wconf 61' lang='lat' dir='ltr'>tum,</span> 
     </span>
    </p>
   </div>
   <div class='ocr_carea' id='block_1_4' title="bbox 255 2358 1644 2707">
    <p class='ocr_par' dir='ltr' id='par_1_5' title="bbox 255 2358 1644 2707">
     <span class='ocr_line' id='line_1_30' title="bbox 255 2358 1641 2403; baseline -0.003 -10"><span class='ocrx_word' id='word_1_238' title='bbox 255 2358 283 2402; x_wconf 83' lang='lat'>¹)</span> <span class='ocrx_word' id='word_1_239' title='bbox 323 2364 339 2401; x_wconf 61' lang='grc' dir='ltr'>ς’</span> <span class='ocrx_word' id='word_1_240' title='bbox 366 2367 383 2393; x_wconf 82' lang='grc'>9</span> <span class='ocrx_word' id='word_1_241' title='bbox 411 2364 511 2403; x_wconf 79' lang='lat' dir='ltr'>plane</span> <span class='ocrx_word' id='word_1_242' title='bbox 538 2364 731 2394; x_wconf 78' lang='lat' dir='ltr'>necessaria</span> <span class='ocrx_word' id='word_1_243' title='bbox 759 2368 807 2393; x_wconf 78' lang='lat' dir='ltr'>cst</span> <span class='ocrx_word' id='word_1_244' title='bbox 829 2362 990 2394; x_wconf 83' lang='lat' dir='ltr'>Gronovii</span> <span class='ocrx_word' id='word_1_245' title='bbox 1020 2363 1233 2393; x_wconf 76' lang='lat' dir='ltr'>emendatio:</span> <span class='ocrx_word' id='word_1_246' title='bbox 1258 2361 1489 2392; x_wconf 80' lang='lat' dir='ltr'>Pecuniam</span> <span class='ocrx_word' id='word_1_247' title='bbox 1517 2360 1641 2390; x_wconf 89' lang='lat' dir='ltr'>illum</span> 
     </span>
     <span class='ocr_line' id='line_1_31' title="bbox 324 2423 1641 2465; baseline -0.003 -11"><span class='ocrx_word' id='word_1_248' title='bbox 324 2434 404 2454; x_wconf 87' lang='lat' dir='ltr'>non</span> <span class='ocrx_word' id='word_1_249' title='bbox 432 2425 532 2455; x_wconf 77' lang='lat' dir='ltr'>darc</span> <span class='ocrx_word' id='word_1_250' title='bbox 561 2425 654 2465; x_wconf 74' lang='lat' dir='ltr'>(prot</span> <span class='ocrx_word' id='word_1_251' title='bbox 680 2427 783 2456; x_wconf 78' lang='lat' dir='ltr'>darc</span> <span class='ocrx_word' id='word_1_252' title='bbox 820 2425 920 2462; x_wconf 88' lang='lat' dir='ltr'>non)</span> <span class='ocrx_word' id='word_1_253' title='bbox 952 2425 1173 2465; x_wconf 76' lang='lat' dir='ltr'>potuissc3</span> <span class='ocrx_word' id='word_1_254' title='bbox 1214 2423 1392 2454; x_wconf 79' lang='lat' dir='ltr'>militem</span> <span class='ocrx_word' id='word_1_255' title='bbox 1428 2423 1641 2452; x_wconf 80' lang='lat' dir='ltr'>honorem</span> 
     </span>
     <span class='ocr_line' id='line_1_32' title="bbox 325 2483 1643 2527; baseline -0.004 -11"><span class='ocrx_word' id='word_1_256' title='bbox 325 2496 404 2516; x_wconf 87' lang='lat' dir='ltr'>uon</span> <span class='ocrx_word' id='word_1_257' title='bbox 432 2487 535 2516; x_wconf 80' lang='lat' dir='ltr'>dare</span> <span class='ocrx_word' id='word_1_258' title='bbox 555 2490 650 2527; x_wconf 73' lang='lat' dir='ltr'>(prot</span> <span class='ocrx_word' id='word_1_259' title='bbox 679 2487 891 2517; x_wconf 84' lang='lat' dir='ltr'>honorem</span> <span class='ocrx_word' id='word_1_260' title='bbox 920 2487 1038 2523; x_wconf 77' lang='lat' dir='ltr'>darc)</span> <span class='ocrx_word' id='word_1_261' title='bbox 1052 2495 1189 2526; x_wconf 82' lang='lat' dir='ltr'>posse.</span> <span class='ocrx_word' id='word_1_262' title='bbox 1234 2484 1457 2525; x_wconf 74' lang='lat' dir='ltr'>Comparatur</span> <span class='ocrx_word' id='word_1_263' title='bbox 1476 2483 1643 2521; x_wconf 79' lang='lat' dir='ltr'>utrimque</span> 
     </span>
     <span class='ocr_line' id='line_1_33' title="bbox 324 2545 1642 2589; baseline -0.005 -10"><span class='ocrx_word' id='word_1_264' title='bbox 324 2553 474 2589; x_wconf 76' lang='lat' dir='ltr'>potestas</span> <span class='ocrx_word' id='word_1_265' title='bbox 502 2558 568 2578; x_wconf 92' lang='lat' dir='ltr'>non</span> <span class='ocrx_word' id='word_1_266' title='bbox 595 2548 752 2579; x_wconf 72' lang='lat' dir='ltr'>faciendi.</span> <span class='ocrx_word' id='word_1_267' title='bbox 803 2548 954 2579; x_wconf 80' lang='lat' dir='ltr'>Licuissc</span> <span class='ocrx_word' id='word_1_268' title='bbox 982 2548 1062 2578; x_wconf 76' lang='lat' dir='ltr'>dicit</span> <span class='ocrx_word' id='word_1_269' title='bbox 1087 2546 1199 2577; x_wconf 83' lang='lat' dir='ltr'>Galba</span> <span class='ocrx_word' id='word_1_270' title='bbox 1216 2547 1357 2577; x_wconf 85' lang='lat' dir='ltr'>AEmilio</span> <span class='ocrx_word' id='word_1_271' title='bbox 1383 2545 1524 2575; x_wconf 83' lang='lat' dir='ltr'>militurn</span> <span class='ocrx_word' id='word_1_272' title='bbox 1551 2552 1642 2583; x_wconf 85' lang='lat' dir='ltr'>spem</span> 
     </span>
     <span class='ocr_line' id='line_1_34' title="bbox 325 2606 1644 2649; baseline -0.005 -9"><span class='ocrx_word' id='word_1_273' title='bbox 325 2609 502 2647; x_wconf 78' lang='lat' dir='ltr'>frustrare3</span> <span class='ocrx_word' id='word_1_274' title='bbox 529 2619 600 2640; x_wconf 81' lang='lat' dir='ltr'>esse</span> <span class='ocrx_word' id='word_1_275' title='bbox 628 2617 660 2640; x_wconf 88' lang='lat' dir='ltr'>ct</span> <span class='ocrx_word' id='word_1_276' title='bbox 679 2611 826 2640; x_wconf 82' lang='lat' dir='ltr'>militum</span> <span class='ocrx_word' id='word_1_277' title='bbox 857 2609 1004 2649; x_wconf 78' lang='lat' dir='ltr'>aliquam</span> <span class='ocrx_word' id='word_1_278' title='bbox 1032 2609 1180 2649; x_wconf 83' lang='lat' dir='ltr'>negandi</span> <span class='ocrx_word' id='word_1_279' title='bbox 1207 2613 1418 2649; x_wconf 81' lang='lat' dir='ltr'>potestatem.</span> <span class='ocrx_word' id='word_1_280' title='bbox 1485 2606 1564 2636; x_wconf 88' lang='lat' dir='ltr'>Vid.</span> <span class='ocrx_word' id='word_1_281' title='bbox 1602 2606 1644 2635; x_wconf 76' lang='lat' dir='ltr'>ad</span> 
     </span>
     <span class='ocr_line' id='line_1_35' title="bbox 325 2674 469 2707; baseline -0.007 -5"><span class='ocrx_word' id='word_1_282' title='bbox 325 2681 353 2702; x_wconf 88' lang='lat' dir='ltr'>c.</span> <span class='ocrx_word' id='word_1_283' title='bbox 381 2675 411 2707; x_wconf 79' lang='lat'>3,</span> <span class='ocrx_word' id='word_1_284' title='bbox 439 2674 469 2701; x_wconf 75' lang='grc' dir='ltr'>ὅ.</span> 
     </span>
    </p>
   </div>
  </div>
 </body>
</html>
