1811 2925
824 142 901 177 339
1303 141 1379 171 Lib.
1400 140 1569 173 XXVIII.

162 277 225 301 ces
256 264 425 313 singulas
456 264 634 314 pluresve
663 264 700 300 in
722 264 756 300 P
784 271 820 301 et
854 264 989 301 ceteris
1018 264 1129 300 codd.
1174 264 1335 300 omissas
1365 265 1568 308 notaverit,

162 335 289 384 potius
311 347 424 383 quam
452 335 613 372 retineat
633 335 883 371 certissimum
911 334 1152 383 superiorum
1174 334 1476 384 supplementum
1497 365 1504 372 .
1524 366 1531 372 .
1552 365 1560 372 .

162 405 402 451 excellat,
446 404 555 455 [quo
586 403 671 455 mc]
702 417 894 453 quoque
923 404 1014 441 niti
1054 418 1145 441 non
1183 405 1450 444 dissimulo.
1492 406 1568 442 Hie

160 477 314 524 quidem
351 477 489 513 erroris
527 489 643 512 causa
681 489 833 525 quoque
863 476 1067 512 manifesta
1097 482 1154 512 est
1202 476 1239 511 in
1271 488 1361 524 quo
1393 477 1451 513 bis
1481 490 1568 526 po-

160 545 296 597 sito.¹)

271 617 365 667 Cap.
399 621 473 663 45,
525 621 569 655 10
617 624 820 667 postquam
856 617 988 653 Livius
1029 617 1075 653 de
1111 617 1308 654 consulum
1347 618 1384 654 in
1424 631 1566 656 annum

161 690 237 725 205
268 689 474 738 provinciis
504 689 599 725 dixit
633 690 693 735 (-
742 701 829 724 nam
861 694 1066 736 praetorum
1096 688 1313 736 provincias
1344 689 1421 726 iam
1451 702 1483 728 c.
1517 691 1567 727 38

157 760 341 796 indicavit
372 760 440 806 -—-)
478 767 514 796 et
551 760 596 796 de
625 759 785 809 imperio
831 758 940 795 alteri
984 771 1032 794 ex
1075 758 1281 807 superioris
1312 761 1402 797 anni
1431 773 1567 798 consu-

157 831 255 867 libus
285 838 521 880 prorogato,
572 831 737 867 breviter
779 831 859 866 haec
889 828 1057 865 subiicit:
1108 835 1152 865 et
1191 831 1369 867 ceteris
1395 838 1568 880 praeter

157 902 382 938 consules
420 906 771 950 praetoresque,
815 900 892 948 qui
923 900 1223 936 exercitibus
1272 903 1567 949 provinciis-

155 985 248 1020 que
292 972 546 1020 praefuturi
589 978 747 1011 erant,
790 976 1065 1019 prorogata
1108 970 1325 1019 imperia.
1407 973 1448 1010 ‚Si
1487 974 1566 1021 qui

155 1055 364 1091 pronomen
397 1042 444 1077 ad
476 1041 704 1077 consules
734 1048 1067 1089 praetoresque
1092 1040 1267 1086 refertur,
1297 1042 1567 1080 incommodis-

155 1112 248 1148 sime
278 1112 331 1148 sic
361 1112 549 1157 scribitur,
580 1112 689 1160 quasi
716 1112 788 1148 hoc
818 1112 928 1148 huius
951 1111 1040 1147 anni
1063 1111 1259 1148 consulum
1283 1120 1567 1162 praetorumque

152 1183 350 1231 proprium
380 1182 511 1227 fuerim
554 1183 785 1230 omninoque
824 1182 929 1218 nulla
961 1188 1019 1218 est
1049 1194 1186 1227 causa,
1229 1195 1296 1219 cur
1327 1183 1364 1220 in
1395 1181 1567 1234 imperiis

151 1253 378 1289 continuatis
409 1254 605 1290 consulum
635 1259 918 1302 praetorumque
948 1252 1060 1289 huius
1083 1253 1172 1289 anni
1206 1254 1347 1290 mentio
1387 1255 1477 1300 fiat,
1528 1255 1566 1291 in

149 1324 287 1371 quibus
317 1323 421 1360 nulla
452 1330 533 1360 erat
562 1324 710 1373 imperii
738 1323 987 1362 continuatio.
1051 1325 1139 1361 Hoc
1162 1337 1277 1372 quum
1292 1325 1564 1363 Weissenbor-

150 1394 234 1430 nius
264 1395 455 1439 sensisset,
484 1408 696 1443 pronomen
729 1395 933 1432 relativum
962 1395 1011 1431 ad
1041 1395 1224 1431 ceteris
1265 1394 1400 1433 referri
1430 1397 1562 1438 voluit,

154 1465 280 1502 verbis
311 1466 365 1502 sic.
396 1466 623 1502 coniunctis:
653 1466 853 1512 ceteris,
885 1466 966 1513 qui
995 1471 1170 1514 praeter
1199 1467 1423 1504 eonsules
1453 1481 1565 1517 prae-

153 1542 382 1583 toresque
418 1536 721 1572 exercitibus
751 1549 817 1584 pr.
847 1535 1102 1585 praefuturi
1133 1543 1285 1573 erant.
1335 1538 1390 1576 Ut
1413 1538 1461 1575 de
1477 1552 1564 1576 ver-

155 1605 290 1641 borum
323 1606 455 1643 ordine
487 1607 712 1651 concedam,
757 1607 945 1643 sententia
985 1605 1148 1643 efficitur
1195 1608 1419 1645 inanissima
1458 1616 1495 1646 et
1542 1624 1565 1647 a

155 1674 256 1710 Livii
289 1676 445 1712 consilio
479 1677 728 1721 alienissima3
771 1690 894 1725 neque
917 1677 1015 1713 enim
1045 1677 1083 1713 id
1114 1678 1262 1724 dicitur,
1294 1681 1397 1727 quod
1427 1687 1464 1717 et
1496 1682 1564 1718 Li-

153 1744 206 1780 vii
235 1747 505 1784 consuetudine
534 1755 571 1785 et
597 1754 753 1797 propter
782 1761 862 1784 rem
892 1747 1017 1797 ipsam
1047 1748 1248 1785 dicendum
1279 1756 1373 1794 erat,
1407 1751 1563 1799 quibus-

152 1827 242 1851 nam
274 1828 321 1852 ex
365 1817 433 1863 iis,
476 1820 540 1866 qui
583 1820 779 1868 superiore
811 1832 912 1855 anno
944 1819 1132 1855 exercitus
1169 1820 1464 1870 provinciasque
1493 1823 1561 1859 ha-

152 1886 322 1933 bueriut,
352 1888 553 1938 imperium
581 1896 833 1939 prorogatum
863 1890 936 1935 sit,
977 1895 1018 1925 ut
1046 1890 1085 1926 in
1114 1890 1322 1938 provinciis
1352 1900 1561 1939 manerent,

153 1957 290 2004 quibus
319 1971 396 1996 non
425 1967 688 2009 prorogatum,
718 1961 785 1996 sed
815 1960 1082 1997 tantummodo
1113 1960 1280 2007 infinite,
1310 1961 1368 2007 iis,
1400 1964 1465 2011 qui
1496 1977 1561 2000 ex-

152 2028 290 2065 ercitus
331 2036 368 2066 et
396 2031 614 2079 provincias
643 2031 806 2068 retinere
835 2031 928 2068 iussi
958 2031 1053 2076 sint,
1086 2039 1336 2079 prorogatum
1371 2045 1453 2070 esse
1487 2034 1561 2071 im-

150 2099 317 2147 perium,
350 2102 452 2149 quod
481 2101 654 2150 profecto
685 2101 778 2138 nihil
808 2114 904 2150 opus
935 2108 1018 2138 erat
1046 2101 1141 2145 dici,
1180 2102 1360 2149 quoniam
1391 2116 1436 2140 eo
1467 2117 1560 2142 con-

149 2171 292 2209 tinetur
320 2172 526 2222 provinciae
551 2172 800 2210 continuatio,
859 2175 921 2209 Ac
966 2173 1013 2208 de
1050 2184 1091 2207 re
1134 2171 1286 2219 quidem
1324 2173 1434 2222 ipsa,
1477 2188 1560 2224 quae

152 2242 262 2279 Livio
295 2243 544 2292 significanda
573 2250 666 2279 erat.
695 2243 788 2279 satis
818 2249 988 2287 constat;
1020 2242 1195 2279 omnibus
1213 2243 1324 2289 enim,
1354 2251 1395 2281 ut
1424 2258 1472 2282 ex
1501 2259 1560 2282 re-

191 2422 218 2465 1)
245 2425 321 2457 Non
348 2427 458 2457 minus
484 2434 584 2465 prave
611 2433 639 2454 c·
668 2427 727 2461 27,
759 2428 797 2454 13
825 2424 935 2454 iudea
962 2422 1133 2454 Gronovio
1159 2424 1321 2456 omittitur
1345 2425 1390 2463 is2
1417 2428 1507 2468 quod
1525 2428 1559 2458 in

247 2488 362 2518 codice
397 2487 578 2527 archetypo
612 2485 736 2515 excidit
767 2491 843 2526 post
870 2486 1156 2516 credideritis
1190 2486 1244 2526 (is
1271 2486 1453 2528 denique
1479 2498 1557 2529 ego

245 2549 345 2589 sim).
402 2549 442 2579 In
468 2548 635 2589 Scipionis
661 2558 805 2588 persona
838 2548 886 2579 sie
911 2548 1055 2589 denique
1087 2547 1227 2578 vertitur
1251 2556 1456 2581 momentum
1482 2561 1558 2582 ora-

245 2610 367 2647 tionis,
393 2617 430 2641 ut
455 2616 643 2650 quaeratur,
678 2610 764 2641 sitne
789 2610 823 2641 is
859 2609 987 2651 Scipio,
1013 2609 1107 2640 cuius
1132 2609 1261 2649 imperii
1287 2611 1409 2642 taedere
1435 2612 1558 2643 milites

242 2676 406 2712 oporteat.
457 2670 560 2702 Nulla
585 2677 633 2702 est
660 2671 693 2701 in
719 2671 783 2702 hac
809 2671 973 2703 orationis
995 2669 1103 2701 forma
1131 2671 1293 2711 exceptio.

1223 2745 1290 2777 22*
