1811 2925
246 165 318 197 Lib.
340 165 451 199 XLV.
919 169 994 205 620

242 302 335 325 non
366 289 505 325 unius
536 289 582 325 in
613 290 700 326 hoc
750 289 904 327 Pauli.
985 289 1060 336 Qui
1103 291 1152 326 ad
1190 291 1270 327 haec
1301 298 1497 339 postrema
1529 292 1656 328 audiri

242 372 356 409 posse
393 365 529 408 putant
560 366 633 396 est
662 361 819 405 decus,
851 367 887 397 et
918 374 941 397 a
971 361 1157 398 sermonis
1190 361 1273 410 lege
1308 363 1488 399 aberrant
1512 360 1656 411 (neque

243 431 340 466 enim
372 431 425 467 sic
459 443 507 466 cx
536 431 723 468 infinitivo
756 431 984 468 indicativus
1023 432 1120 468 sumi
1151 438 1295 481 potest„
1339 433 1547 481 praesertim
1579 447 1656 470 non

241 502 478 551 praecedente
510 502 556 538 in
590 502 802 550 triumph
815 515 849 547 o,
881 503 947 538 sed
979 502 1054 539 alia
1074 503 1258 539 orationis
1283 502 1420 549 forma,
1441 516 1511 540 nec
1532 505 1655 541 omitti

241 573 421 617 decus,)
454 579 489 608 ct
533 572 645 608 nimis
676 580 850 621 apertam
881 573 1134 622 tautologiam
1176 574 1355 610 efficiunt.
1419 574 1656 611 Exciderunt

240 644 316 679 duo
349 643 429 679 fere
459 644 599 687 verba,
632 656 748 691 quum
781 644 829 679 ad
860 645 959 680 hanc
989 644 1154 680 formam
1186 645 1368 693 scriptum
1400 652 1518 681 esset:
1549 646 1655 682 Non

240 715 378 751 unius
450 714 495 750 in
541 715 629 750 hoc
682 714 824 751 Pauli
867 714 1035 764 [honos
1084 714 1281 764 agitur]
1395 716 1520 752 Paulo
1567 725 1656 766 post

238 785 366 833 (§7et
382 784 424 835 S)
455 785 651 821 scribitur:
684 786 874 822 Literni
906 786 1200 822 domicilium
1235 792 1279 822 et
1309 786 1467 823 sedem
1496 786 1653 825 fuisse

238 856 496 893 domitoris
527 855 728 892 Africae!
762 857 954 893 Literni
986 857 1259 905 sepulcrum
1291 858 1506 894 ost-endi!
1538 859 1652 895 Eru—

237 929 509 970 bescamuS,
553 927 714 975 gloria
744 927 783 963 si
827 941 913 976 par
945 928 1051 964 illis
1081 927 1202 963 viris
1246 928 1292 965 L.
1327 928 1534 975 Paulus,
1580 930 1652 966 in-

235 999 363 1034 iuria
395 1005 565 1034 vestra
595 1004 888 1045 exaequetur.
948 999 1131 1035 Mendum
1163 998 1224 1033 vel
1254 1011 1330 1034 una
1359 1011 1437 1035 vox
1457 1000 1495 1036 si
1525 1002 1651 1050 arguit

235 1069 463 1118 pravissime
493 1069 737 1116 interposita:
781 1070 847 1105 sed
886 1082 1069 1118 perversa
1100 1075 1156 1104 est
1187 1074 1268 1104 tota
1298 1069 1378 1105 haec
1409 1072 1650 1110 exhortatio-

234 1141 292 1176 nis
323 1153 408 1177 cum
440 1140 663 1177 condicione
701 1140 911 1177 coniunctae
962 1140 1087 1177 forma
1126 1140 1163 1175 in
1206 1152 1251 1175 ea
1298 1152 1339 1175 re
1383 1140 1650 1189 significanda,

235 1226 350 1261 quam
400 1212 482 1248 fieri
537 1211 663 1259 pudor
708 1217 827 1247 vetet:
883 1212 1247 1250 erubescamus,
1313 1210 1350 1246 si
1409 1211 1502 1248 fiat
1559 1216 1647 1261 (pro

233 1296 304 1328 ρο,
353 1283 456 1331 quod
512 1288 584 1317 est:
627 1282 806 1330 pudeat
852 1281 1050 1327 facere).
1123 1282 1169 1317 In
1217 1281 1346 1317 codice
1389 1288 1445 1317 est
1474 1282 1541 1319 sic
1575 1296 1647 1332 pro

231 1354 281 1389 si.
340 1353 554 1397 Mutanda7
586 1366 661 1388 non
691 1352 885 1391 tollenda,
919 1353 1046 1388 littera
1077 1359 1181 1396 erat,
1225 1358 1261 1387 et
1293 1352 1405 1387 simul
1434 1353 1510 1389 alia
1541 1354 1649 1390 adhi-

231 1425 358 1460 benda
389 1425 589 1468 correctio,
620 1432 659 1460 ut
684 1431 789 1460 recta
819 1424 925 1459 fieret
956 1424 1098 1460 oratio:
1132 1423 1318 1459 Literni
1350 1423 1647 1462 domicilium

237 1503 280 1530 ct
311 1495 466 1530 sedem
498 1495 651 1531 fuisse
673 1495 933 1531 domitoris
952 1495 1147 1535 Africam
1166 1494 1351 1530 Literni
1368 1495 1646 1543 sepulerum

236 1567 443 1605 ostendi.
475 1566 831 1602 erubescamus.
894 1566 1068 1603 Gloria
1111 1567 1174 1605 sit
1203 1578 1288 1614 par
1317 1565 1417 1601 illis
1448 1566 1569 1602 viris
1601 1567 1646 1603 L.

236 1636 444 1680 Paulus,
502 1637 686 1673 iniuria
739 1649 794 1675 ne
829 1645 1116 1685 exaequetur.
1238 1637 1373 1672 Restat
1411 1639 1429 1681 ξ
1465 1638 1533 1682 12,
1583 1637 1647 1686 qni

235 1707 342 1743 locus
374 1706 428 1743 sic
458 1708 654 1744 scribitur:
686 1708 898 1744 Militum
935 1708 1124 1756 quidem
1155 1707 1356 1756 propria
1387 1713 1459 1743 est
1489 1720 1648 1753 causa,

236 1779 318 1825 qui
353 1785 397 1814 et
431 1779 524 1827 ipsi
555 1779 776 1815 laureati
805 1786 848 1815 et
881 1780 1091 1827 quisque
1121 1778 1475 1826 donis.q11ibus
1506 1779 1648 1815 dona·

236 1849 272 1884 ti
303 1856 425 1895 sunt,
460 1850 699 1899 insignes,
730 1850 1024 1898 triumphum
1057 1849 1245 1885 nomine
1278 1849 1408 1885 cient
1437 1862 1648 1898 suasque

238 1927 282 1955 ct
315 1921 633 1969 imperatoris
665 1921 835 1957 laudes
868 1927 1095 1956 canentes
1114 1933 1198 1968 per
1218 1921 1386 1956 urbem
1407 1920 1646 1957 incedunt.

239 1991 411 2027 Primum
436 2005 556 2040 prave
587 1993 741 2029 dicitur:
774 1991 975 2039 quisque
1004 1990 1141 2026 donis
1172 1990 1330 2038 insign
1344 2003 1408 2034 053
1441 1994 1557 2036 (recte
1589 1992 1647 2028 di-

236 2063 577 2107 cereturzdouis,
602 2064 773 2111 quibus
806 2062 1014 2110 quisque
1041 2062 1246 2097 donatus
1279 2068 1362 2105 est,
1384 2062 1646 2110 insignes);

237 2132 376 2167 excidit
407 2134 509 2169 suis
542 2140 629 2170 ante
664 2134 882 2182 quisquc.
969 2133 1119 2169 Deinde
1162 2133 1288 2181 inepte
1333 2132 1490 2168 militum
1534 2146 1647 2169 orna-

235 2208 294 2237 tus
340 2204 516 2250 proxime
559 2204 723 2240 refertur
770 2205 816 2240 ad
855 2204 1036 2252 triumphi
1081 2204 1286 2239 clamorem
1334 2203 1560 2251 (laureati
1600 2234 1638 2242 ..

235 2273 524 2321 triumphum
547 2275 690 2321 cient)
714 2275 1000 2324 seiungiturque
1023 2275 1070 2310 ab
1088 2271 1250 2317 incessu,
1270 2281 1306 2311 et
1326 2287 1447 2322 prave
1462 2282 1646 2322 tanquam

236 2343 311 2379 duo
343 2353 571 2392 separantur
602 2348 703 2382 haec:
736 2346 923 2383 nomine
954 2345 1080 2380 cient
1111 2345 1165 2391 (id
1196 2351 1271 2388 est,
1303 2347 1458 2391 canunt)
1491 2350 1544 2380 et:
1577 2357 1648 2381 ca-

235 2421 406 2451 nentes
445 2446 453 2452 .
472 2446 481 2455 .
520 2417 765 2453 incedunt.
831 2417 1019 2464 Apparet,
1052 2415 1180 2450 omnia
1210 2415 1343 2450 referri
1374 2415 1424 2450 ad
1453 2415 1643 2451 incessum

236 2491 273 2519 et
298 2497 503 2533 pompamq
548 2487 585 2522 in
633 2500 708 2535 qua
738 2487 876 2523 milites
920 2485 1276 2534 conspiciebantur-3
1331 2486 1364 2521 ei
1394 2486 1535 2530 verbo,
1568 2498 1644 2533 quo

235 2567 380 2603 pompa
409 2556 599 2593 indicatur
633 2557 920 2602 (incedunt).
964 2557 1119 2605 adiungi
1162 2556 1366 2605 participia
1407 2556 1455 2591 ad
1495 2568 1646 2604 pompae

236 2625 528 2673 descriptionem
576 2628 818 2676 pertinentia.
907 2627 1157 2665 scribendum
1200 2633 1255 2663 est
1296 2627 1434 2675 igitur:
1481 2626 1559 2674 qui
1603 2632 1646 2662 et

236 2695 332 2743 ipsi
363 2696 571 2733 laureati
603 2704 647 2733 et
676 2699 782 2734 suis
815 2699 1021 2746 quisque
1051 2698 1190 2734 donis
1230 2727 1266 2735 ..
1294 2696 1536 2744 insignes,
1567 2696 1646 2732 tri-
