1811 2925
202 124 276 155 Lib.
300 123 473 154 XXXIX.
883 125 961 161 456

202 248 241 284 in
271 247 316 283 iis
346 247 476 283 hostes
505 259 583 282 non
618 246 812 282 lacessunt
842 258 912 283 nec
941 253 1106 292 vexant3
1137 247 1177 283 id
1208 247 1270 284 hic
1297 247 1505 296 significari
1539 259 1632 284 sane

203 317 297 354 nihil
326 329 423 366 opus
453 322 559 362 erat,
601 329 718 365 quum
749 317 885 354 Livius
927 318 1128 355 Romanos
1173 324 1285 355 nocte
1325 318 1461 355 castris
1490 318 1632 355 relictis

204 387 378 424 celeriter
408 387 535 424 abisse
563 386 794 423 narraverit.
872 388 919 424 In
958 388 1001 425 M
1032 394 1133 425 erat:
1172 389 1357 437 quietis
1388 389 1463 424 his
1494 389 1631 425 stati—

203 459 275 495 vis
305 462 597 495 manserunt.
675 457 757 493 Aut
795 458 954 506 quieti
992 459 1195 495 stativis
1226 459 1470 496 scribendum
1503 458 1561 508 (ut
1594 459 1632 495 in

203 530 301 566 Lov.
334 530 355 565 2
388 528 585 571 scribitur)
619 534 686 564 aut
716 529 869 576 quieti
899 529 958 566 iis
996 529 1219 575 stativis,
1251 530 1355 578 quod
1382 529 1632 566 Drakenbor-

204 599 290 636 chio
336 600 424 646 (nisi
455 600 559 648 quod
601 599 674 635 his
719 592 888 648 scripsit)
936 601 975 636 in
1025 606 1190 637 mentem
1222 612 1393 638 venerat.
1452 600 1632 637 Victores

203 683 280 707 non
311 670 502 719 persecuti
532 675 620 705 sunt
649 668 840 718 fugientes
870 672 1093 715 Romanos,
1123 671 1190 707 sed
1221 670 1339 718 quieti
1368 677 1602 707 manserunt.

317 740 414 790 Cap.
449 742 522 785 34,
573 741 594 776 3
628 740 850 789 (Philippus
880 741 1000 778 iratus
1033 741 1248 779 Onomasto
1280 741 1555 785 mandaverat,
1593 748 1633 778 ut

202 812 422 848 Maronitas
453 811 645 860 principes
677 811 800 860 partis
834 812 1007 849 adversae
1036 813 1283 856 interficeret3
1315 812 1348 848 is
1383 824 1451 860 per
1481 810 1632 849 Casan-

204 883 315 919 drum
348 883 540 930 quendam
573 882 716 919 caedem
763 882 868 918 velut
912 882 951 918 in
996 883 1096 919 bello
1143 890 1258 932 capta
1288 883 1382 919 urbe
1412 881 1538 931 fecit):
1579 882 1632 919 Id

205 953 330 1002 apud
375 954 619 990 Romanos
664 953 858 1001 legatos
904 960 1170 1001 querentes
1219 961 1313 990 tam
1366 953 1633 989 crudeliter

205 1023 446 1059 adversus
491 1023 722 1060 innoxios
754 1024 1054 1070 Maronitas,
1091 1030 1183 1060 tam
1215 1024 1424 1072 superbe
1466 1024 1632 1060 adver-

204 1106 283 1130 sus
328 1095 559 1142 populum
605 1095 869 1131 Romanum
911 1094 1113 1139 facturn,
1176 1100 1222 1130 ut
1276 1121 1341 1138 ..,
1388 1094 1632 1131 abnuebat

206 1164 466 1212 quicquam
500 1177 661 1201 eorum
707 1164 763 1200 ad
802 1176 850 1201 se
880 1165 1142 1214 pertinere.
1216 1164 1340 1201 Mirus
1371 1170 1407 1200 et
1436 1165 1631 1201 inauditus

204 1236 265 1272 hic
296 1241 353 1271 est
385 1236 593 1271 verborum
622 1235 730 1277 ordo,
753 1235 791 1270 in
823 1235 971 1271 initium
1003 1242 1091 1271 ante
1121 1235 1434 1285 praepositionem
1466 1236 1629 1284 (apud)

206 1307 426 1343 adiunctam
464 1305 670 1354 participio
703 1306 1000 1353 (querentes)
1049 1307 1190 1342 reiecto
1236 1305 1463 1354 pronomine
1507 1306 1554 1341 id
1595 1314 1631 1342 ct,

207 1378 254 1414 ab
285 1377 356 1421 iis,
406 1377 633 1424 quibuscum
673 1376 838 1412 cohaeret
885 1376 998 1424 (tam
1029 1377 1297 1413 crudeliter
1329 1406 1365 1413 ..
1416 1375 1630 1416 factum),

206 1454 400 1496 separato,
468 1446 692 1484 Admodum
733 1447 909 1495 suspicor
953 1447 997 1483 id
1044 1461 1092 1483 ex
1139 1447 1319 1483 extremis
1357 1446 1492 1482 litteris
1526 1447 1633 1483 verbi

206 1518 335 1557 fecit..
368 1518 472 1566 quod
502 1517 703 1565 praecedit,
741 1524 866 1553 ortum
907 1530 1015 1561 esse,
1047 1519 1200 1555 Livium
1237 1524 1384 1553 tantum
1418 1517 1636 1565 scripsisse:

205 1589 347 1638 Apud
378 1591 624 1626 Romanos
674 1588 869 1637 legatos
916 1596 1176 1637 querentes
1223 1595 1315 1624 tam
1366 1587 1635 1624 crudeliter

318 1659 515 1703 factum,
551 1666 599 1695 ut
639 1689 675 1697 ..
714 1660 1104 1704 trucidarentur,
1143 1659 1392 1695 abnuebat
1423 1665 1494 1696 cet.

320 1729 416 1778 Cap.
454 1730 531 1773 38,
570 1733 610 1767 ll
648 1730 719 1776 (de
761 1731 1028 1779 supplemento
1060 1730 1219 1766 militum
1254 1729 1292 1765 in
1324 1729 1536 1777 Hispanias
1568 1728 1632 1764 de-

206 1802 347 1847 cret0):
387 1812 530 1848 quum
578 1813 658 1837 eas
701 1801 923 1850 legiones
962 1808 1197 1850 quattuor
1227 1799 1633 1848 descripsissent.

207 1871 331 1919 quod
362 1871 470 1918 plus
503 1883 640 1918 quam
674 1871 818 1918 quina
849 1873 984 1908 milia
1015 1872 1252 1921 peditum,
1283 1870 1470 1907 treceni
1502 1868 1633 1917 equi-

206 1947 277 1976 tes
309 1941 356 1976 in
388 1941 601 1989 singulis
632 1942 922 1991 legionibus
953 1949 1098 1987 esset,
1120 1941 1443 1978 dimit-terent.
1484 1939 1631 1976 Vitium

208 2011 393 2047 orationis
426 2011 651 2048 Gronovius
682 2014 878 2062 perspexit
909 2026 978 2050 nec
1009 2019 1137 2049 tamen
1169 2012 1280 2061 plene
1311 2010 1507 2059 exposuit:
1542 2022 1632 2046 nam

207 2089 244 2118 et
280 2095 342 2118 eae
372 2082 592 2130 legiones
636 2097 756 2131 prave
795 2084 995 2127 dicuntur,
1037 2083 1148 2119 nullis
1179 2089 1292 2119 antea
1323 2081 1633 2118 commemoratis

207 2153 433 2201 legionibus,
464 2166 534 2190 nec
567 2167 615 2190 ex
646 2155 706 2190 IV
737 2154 889 2190 milibus
919 2154 1090 2202 peditum
1120 2154 1179 2189 IV
1209 2153 1379 2201 legiones
1412 2150 1510 2188 effici
1540 2163 1633 2200 pos-

210 2229 308 2269 sunt,
338 2236 408 2260 nec
438 2221 612 2272 legiones
644 2225 972 2270 describebantur,
1008 2225 1075 2261 sed
1100 2224 1380 2267 scribebantur,
1410 2234 1480 2257 nec
1509 2221 1548 2257 id
1564 2233 1633 2257 un-

209 2307 324 2342 quam
368 2294 449 2340 (illa
489 2295 642 2342 quidem
676 2296 805 2338 aetate)
856 2294 893 2330 in
940 2293 1174 2342 provinciis,
1216 2293 1283 2329 sed
1316 2293 1451 2328 Romae
1498 2292 1633 2331 fiebat:

209 2377 293 2413 quae
335 2365 373 2400 in
404 2365 612 2412 provinciis
648 2365 725 2401 iam
757 2370 864 2401 erant
896 2364 1091 2412 legiones,
1137 2363 1425 2411 supplebantur,
1492 2361 1634 2409 Agitur

208 2435 337 2483 igitur,
370 2435 473 2482 quod
507 2434 731 2471 Gronovius
763 2435 871 2475 vidit,
902 2435 948 2470 de
979 2434 1245 2483 supplemento
1276 2432 1438 2468 militum
1460 2432 1497 2468 in
1514 2431 1633 2480 legio-

209 2517 295 2549 nes,
347 2518 430 2552 quae
480 2506 519 2541 in
549 2506 743 2553 Hispania
774 2511 904 2549 erant,
955 2503 1225 2545 describendo,
1271 2515 1349 2550 qua
1378 2502 1633 2550 descript-ione

211 2576 327 2620 facta,
360 2575 391 2611 si
421 2575 580 2622 singulae
609 2575 783 2624 legiones
814 2588 932 2623 supra
963 2575 999 2610 V
1031 2574 1137 2610 milia
1164 2572 1335 2621 peditum
1358 2578 1633 2613 excrescerent,

211 2646 477 2690 dimitteretur,
510 2646 614 2693 quod
646 2652 886 2691 excurrcrctg
919 2657 1043 2693 neque
1077 2643 1328 2680 dubitandum
1359 2642 1522 2685 videtur,
1544 2641 1634 2689 quin
