<?xml version="1.0" encoding="UTF-8"?>
<!DOCTYPE html PUBLIC "-//W3C//DTD XHTML 1.0 Transitional//EN"
    "http://www.w3.org/TR/xhtml1/DTD/xhtml1-transitional.dtd">
<html xmlns="http://www.w3.org/1999/xhtml" xml:lang="en" lang="en">
 <head>
  <title>
</title>
<meta http-equiv="Content-Type" content="text/html;charset=utf-8" />
  <meta name='ocr-system' content='tesseract 3.04.00' />
  <meta name='ocr-capabilities' content='ocr_page ocr_carea ocr_par ocr_line ocrx_word'/>
</head>
<body>
  <div class='ocr_page' id='page_1' title='image "./emendationeslivi00madvuoft_0153.png"; bbox 0 0 1811 2925; ppageno 0'>
   <div class='ocr_carea' id='block_1_1' title="bbox 768 167 1474 203">
    <p class='ocr_par' dir='ltr' id='par_1_1' title="bbox 768 167 1474 203">
     <span class='ocr_line' id='line_1_1' title="bbox 768 167 1474 203; baseline -0.006 0"><span class='ocrx_word' id='word_1_1' title='bbox 768 169 841 203; x_wconf 80' lang='grc'><strong>147</strong></span> <span class='ocrx_word' id='word_1_2' title='bbox 1288 167 1364 198; x_wconf 86' lang='lat' dir='ltr'><strong>Lib.</strong></span> <span class='ocrx_word' id='word_1_3' title='bbox 1391 167 1474 199; x_wconf 88' lang='lat' dir='ltr'>VII.</span> 
     </span>
    </p>
   </div>
   <div class='ocr_carea' id='block_1_2' title="bbox 89 286 1523 2684">
    <p class='ocr_par' dir='ltr' id='par_1_2' title="bbox 89 286 1523 2684">
     <span class='ocr_line' id='line_1_2' title="bbox 95 286 1523 340; baseline 0.004 -17"><span class='ocrx_word' id='word_1_4' title='bbox 95 286 403 336; x_wconf 73' lang='lat' dir='ltr'><strong>indignetur,</strong></span> <span class='ocrx_word' id='word_1_5' title='bbox 430 289 612 327; x_wconf 85' lang='lat' dir='ltr'><strong>milites</strong></span> <span class='ocrx_word' id='word_1_6' title='bbox 643 302 726 327; x_wconf 88' lang='lat' dir='ltr'><strong>nos</strong></span> <span class='ocrx_word' id='word_1_7' title='bbox 758 302 860 327; x_wconf 86' lang='lat' dir='ltr'><strong>esse</strong></span> <span class='ocrx_word' id='word_1_8' title='bbox 891 311 965 335; x_wconf 86' lang='grc'><strong>-,</strong></span> <span class='ocrx_word' id='word_1_9' title='bbox 995 303 1088 327; x_wconf 87' lang='lat' dir='ltr'><strong>non</strong></span> <span class='ocrx_word' id='word_1_10' title='bbox 1118 296 1425 340; x_wconf 83' lang='lat' dir='ltr'><strong>pugnaturos</strong></span> <span class='ocrx_word' id='word_1_11' title='bbox 1455 314 1523 338; x_wconf 83' lang='grc'><strong>-,</strong></span> 
     </span>
     <span class='ocr_line' id='line_1_3' title="bbox 96 358 1522 412; baseline 0.004 -18"><span class='ocrx_word' id='word_1_12' title='bbox 96 358 242 395; x_wconf 86' lang='lat' dir='ltr'><strong>otium</strong></span> <span class='ocrx_word' id='word_1_13' title='bbox 274 361 430 398; x_wconf 86' lang='lat' dir='ltr'><strong>Romae</strong></span> <span class='ocrx_word' id='word_1_14' title='bbox 459 362 622 411; x_wconf 90' lang='lat' dir='ltr'><strong>potius</strong></span> <span class='ocrx_word' id='word_1_15' title='bbox 658 384 704 389; x_wconf 91' lang='lat'><strong>—</strong></span> <span class='ocrx_word' id='word_1_16' title='bbox 738 367 934 399; x_wconf 84' lang='lat' dir='ltr'><strong>acturos</strong></span> <span class='ocrx_word' id='word_1_17' title='bbox 963 374 1068 398; x_wconf 87' lang='lat' dir='ltr'><strong>esse</strong></span> <span class='ocrx_word' id='word_1_18' title='bbox 1098 368 1183 407; x_wconf 73' lang='lat' dir='ltr'><strong>etc.‚</strong></span> <span class='ocrx_word' id='word_1_19' title='bbox 1215 374 1331 410; x_wconf 88' lang='lat' dir='ltr'><strong>quum</strong></span> <span class='ocrx_word' id='word_1_20' title='bbox 1362 362 1522 412; x_wconf 85' lang='lat' dir='ltr'><strong>intelligi</strong></span> 
     </span>
     <span class='ocr_line' id='line_1_4' title="bbox 97 428 1520 482; baseline 0.004 -17"><span class='ocrx_word' id='word_1_21' title='bbox 97 428 152 465; x_wconf 85' lang='lat' dir='ltr'><strong>sie</strong></span> <span class='ocrx_word' id='word_1_22' title='bbox 203 430 386 468; x_wconf 87' lang='lat' dir='ltr'><strong>debeant:</strong></span> <span class='ocrx_word' id='word_1_23' title='bbox 427 444 511 469; x_wconf 85' lang='lat' dir='ltr'><strong>nos</strong></span> <span class='ocrx_word' id='word_1_24' title='bbox 568 445 652 481; x_wconf 92' lang='lat' dir='ltr'><strong>pro</strong></span> <span class='ocrx_word' id='word_1_25' title='bbox 700 433 940 470; x_wconf 87' lang='lat' dir='ltr'><strong>militibus</strong></span> <span class='ocrx_word' id='word_1_26' title='bbox 980 433 1149 470; x_wconf 87' lang='lat' dir='ltr'><strong>haberi</strong></span> <span class='ocrx_word' id='word_1_27' title='bbox 1198 440 1241 470; x_wconf 86' lang='lat' dir='ltr'><strong>ct</strong></span> <span class='ocrx_word' id='word_1_28' title='bbox 1291 441 1520 482; x_wconf 82' lang='lat' dir='ltr'><strong>tanquam</strong></span> 
     </span>
     <span class='ocr_line' id='line_1_5' title="bbox 96 499 1522 554; baseline 0.004 -19"><span class='ocrx_word' id='word_1_29' title='bbox 96 499 275 537; x_wconf 86' lang='lat' dir='ltr'><strong>milites</strong></span> <span class='ocrx_word' id='word_1_30' title='bbox 308 503 518 539; x_wconf 83' lang='lat' dir='ltr'><strong>tractari</strong></span> <span class='ocrx_word' id='word_1_31' title='bbox 560 503 701 548; x_wconf 70' lang='lat' dir='ltr'><strong>velle,</strong></span> <span class='ocrx_word' id='word_1_32' title='bbox 742 525 796 530; x_wconf 90' lang='lat'>—</span> <span class='ocrx_word' id='word_1_33' title='bbox 835 517 886 541; x_wconf 90' lang='lat' dir='ltr'><strong>eo</strong></span> <span class='ocrx_word' id='word_1_34' title='bbox 919 517 1024 541; x_wconf 87' lang='lat' dir='ltr'><strong>esse</strong></span> <span class='ocrx_word' id='word_1_35' title='bbox 1058 504 1236 548; x_wconf 77' lang='lat' dir='ltr'><strong>animo,</strong></span> <span class='ocrx_word' id='word_1_36' title='bbox 1260 511 1312 541; x_wconf 89' lang='lat' dir='ltr'><strong>ut</strong></span> <span class='ocrx_word' id='word_1_37' title='bbox 1341 517 1522 554; x_wconf 84' lang='lat' dir='ltr'><strong>pugna-</strong></span> 
     </span>
     <span class='ocr_line' id='line_1_6' title="bbox 95 571 1520 625; baseline 0.004 -19"><span class='ocrx_word' id='word_1_38' title='bbox 95 571 190 607; x_wconf 91' lang='lat' dir='ltr'><strong>turi</strong></span> <span class='ocrx_word' id='word_1_39' title='bbox 232 572 377 609; x_wconf 86' lang='lat' dir='ltr'><strong>simus</strong></span> <span class='ocrx_word' id='word_1_40' title='bbox 424 594 485 618; x_wconf 89' lang='grc'><strong>-,</strong></span> <span class='ocrx_word' id='word_1_41' title='bbox 526 573 671 611; x_wconf 90' lang='lat' dir='ltr'><strong>otium</strong></span> <span class='ocrx_word' id='word_1_42' title='bbox 708 576 866 612; x_wconf 77' lang='lat' dir='ltr'><strong>Romae</strong></span> <span class='ocrx_word' id='word_1_43' title='bbox 908 576 1072 625; x_wconf 88' lang='lat' dir='ltr'><strong>potius</strong></span> <span class='ocrx_word' id='word_1_44' title='bbox 1105 599 1152 603; x_wconf 82' lang='lat'><strong>—</strong></span> <span class='ocrx_word' id='word_1_45' title='bbox 1188 576 1356 612; x_wconf 84' lang='lat' dir='ltr'><strong>acturi.</strong></span> <span class='ocrx_word' id='word_1_46' title='bbox 1416 576 1520 613; x_wconf 70' lang='lat' dir='ltr'><strong>Nam</strong></span> 
     </span>
     <span class='ocr_line' id='line_1_7' title="bbox 95 642 1521 696; baseline 0.004 -18"><span class='ocrx_word' id='word_1_47' title='bbox 95 642 308 692; x_wconf 82' lang='lat' dir='ltr'><strong>indignatio</strong></span> <span class='ocrx_word' id='word_1_48' title='bbox 338 644 387 680; x_wconf 89' lang='lat' dir='ltr'><strong>ad</strong></span> <span class='ocrx_word' id='word_1_49' title='bbox 419 645 542 693; x_wconf 82' lang='lat' dir='ltr'><strong>ipsam</strong></span> <span class='ocrx_word' id='word_1_50' title='bbox 574 645 678 682; x_wconf 86' lang='lat' dir='ltr'><strong>illam</strong></span> <span class='ocrx_word' id='word_1_51' title='bbox 697 646 934 683; x_wconf 81' lang='lat' dir='ltr'><strong>voluntatem</strong></span> <span class='ocrx_word' id='word_1_52' title='bbox 964 653 1000 683; x_wconf 88' lang='lat' dir='ltr'><strong>et</strong></span> <span class='ocrx_word' id='word_1_53' title='bbox 1023 647 1320 696; x_wconf 78' lang='lat' dir='ltr'><strong>postulationem</strong></span> <span class='ocrx_word' id='word_1_54' title='bbox 1344 647 1521 694; x_wconf 81' lang='lat' dir='ltr'><strong>pertinet,</strong></span> 
     </span>
     <span class='ocr_line' id='line_1_8' title="bbox 97 714 1521 761; baseline 0.004 -12"><span class='ocrx_word' id='word_1_55' title='bbox 97 725 182 761; x_wconf 85' lang='lat' dir='ltr'><strong>quae</strong></span> <span class='ocrx_word' id='word_1_56' title='bbox 220 714 259 750; x_wconf 90' lang='lat' dir='ltr'><strong>in</strong></span> <span class='ocrx_word' id='word_1_57' title='bbox 302 715 431 751; x_wconf 76' lang='lat' dir='ltr'><strong>verbis</strong></span> <span class='ocrx_word' id='word_1_58' title='bbox 476 716 673 753; x_wconf 86' lang='lat' dir='ltr'><strong>omittitur.</strong></span> <span class='ocrx_word' id='word_1_59' title='bbox 761 716 924 754; x_wconf 84' lang='lat' dir='ltr'><strong>Sanabit</strong></span> <span class='ocrx_word' id='word_1_60' title='bbox 968 719 1050 755; x_wconf 89' lang='lat' dir='ltr'><strong>haec</strong></span> <span class='ocrx_word' id='word_1_61' title='bbox 1092 725 1128 754; x_wconf 86' lang='lat' dir='ltr'><strong>et</strong></span> <span class='ocrx_word' id='word_1_62' title='bbox 1158 725 1302 754; x_wconf 84' lang='lat' dir='ltr'><strong>rectam</strong></span> <span class='ocrx_word' id='word_1_63' title='bbox 1335 718 1521 755; x_wconf 85' lang='lat' dir='ltr'><strong>orationis</strong></span> 
     </span>
     <span class='ocr_line' id='line_1_9' title="bbox 95 784 1522 836; baseline 0.003 -15"><span class='ocrx_word' id='word_1_64' title='bbox 95 784 262 822; x_wconf 86' lang='lat' dir='ltr'><strong>formam</strong></span> <span class='ocrx_word' id='word_1_65' title='bbox 277 787 550 835; x_wconf 80' lang='lat' dir='ltr'><strong>sententiaeque</strong></span> <span class='ocrx_word' id='word_1_66' title='bbox 574 799 820 836; x_wconf 82' lang='lat' dir='ltr'><strong>progressum</strong></span> <span class='ocrx_word' id='word_1_67' title='bbox 845 788 984 826; x_wconf 83' lang='lat' dir='ltr'><strong>efficiet</strong></span> <span class='ocrx_word' id='word_1_68' title='bbox 997 789 1151 826; x_wconf 84' lang='lat' dir='ltr'><strong>sublata</strong></span> <span class='ocrx_word' id='word_1_69' title='bbox 1173 801 1250 825; x_wconf 86' lang='lat' dir='ltr'><strong>una</strong></span> <span class='ocrx_word' id='word_1_70' title='bbox 1272 788 1399 824; x_wconf 85' lang='lat' dir='ltr'><strong>littera</strong></span> <span class='ocrx_word' id='word_1_71' title='bbox 1416 794 1453 825; x_wconf 88' lang='lat' dir='ltr'><strong>et</strong></span> <span class='ocrx_word' id='word_1_72' title='bbox 1473 801 1522 825; x_wconf 82' lang='lat' dir='ltr'><strong>ex</strong></span> 
     </span>
     <span class='ocr_line' id='line_1_10' title="bbox 94 858 1521 908; baseline 0.003 -16"><span class='ocrx_word' id='word_1_73' title='bbox 94 868 173 892; x_wconf 83' lang='lat' dir='ltr'><strong>una</strong></span> <span class='ocrx_word' id='word_1_74' title='bbox 203 870 298 894; x_wconf 77' lang='lat' dir='ltr'><strong>voce</strong></span> <span class='ocrx_word' id='word_1_75' title='bbox 329 858 440 894; x_wconf 84' lang='lat' dir='ltr'><strong>factae</strong></span> <span class='ocrx_word' id='word_1_76' title='bbox 472 858 573 894; x_wconf 87' lang='lat' dir='ltr'><strong>duae:</strong></span> <span class='ocrx_word' id='word_1_77' title='bbox 615 871 792 906; x_wconf 66' lang='lat' dir='ltr'><strong>quaeso,</strong></span> <span class='ocrx_word' id='word_1_78' title='bbox 833 866 881 896; x_wconf 91' lang='lat' dir='ltr'><strong>ut</strong></span> <span class='ocrx_word' id='word_1_79' title='bbox 913 872 983 905; x_wconf 62' lang='lat' dir='ltr'><strong>ca,</strong></span> <span class='ocrx_word' id='word_1_80' title='bbox 1025 872 1125 908; x_wconf 84' lang='lat' dir='ltr'><strong>quae</strong></span> <span class='ocrx_word' id='word_1_81' title='bbox 1156 860 1331 905; x_wconf 76' lang='lat' dir='ltr'><strong>dicam,</strong></span> <span class='ocrx_word' id='word_1_82' title='bbox 1379 872 1471 896; x_wconf 92' lang='lat' dir='ltr'><strong>non</strong></span> <span class='ocrx_word' id='word_1_83' title='bbox 1499 871 1521 895; x_wconf 85' lang='lat' dir='ltr'><strong>a</strong></span> 
     </span>
     <span class='ocr_line' id='line_1_11' title="bbox 95 928 1520 979; baseline 0.001 -15"><span class='ocrx_word' id='word_1_84' title='bbox 95 928 336 966; x_wconf 89' lang='lat' dir='ltr'><strong>militibus</strong></span> <span class='ocrx_word' id='word_1_85' title='bbox 366 929 656 978; x_wconf 84' lang='lat' dir='ltr'><strong>imperatori</strong></span> <span class='ocrx_word' id='word_1_86' title='bbox 687 929 822 966; x_wconf 85' lang='lat' dir='ltr'><strong>dieta</strong></span> <span class='ocrx_word' id='word_1_87' title='bbox 853 941 1072 976; x_wconf 74' lang='lat' dir='ltr'><strong>censeas,</strong></span> <span class='ocrx_word' id='word_1_88' title='bbox 1111 930 1193 967; x_wconf 88' lang='lat' dir='ltr'><strong>sed</strong></span> <span class='ocrx_word' id='word_1_89' title='bbox 1220 943 1244 967; x_wconf 85' lang='lat' dir='ltr'><strong>a</strong></span> <span class='ocrx_word' id='word_1_90' title='bbox 1273 930 1414 979; x_wconf 87' lang='lat' dir='ltr'><strong>plebe</strong></span> <span class='ocrx_word' id='word_1_91' title='bbox 1443 943 1520 979; x_wconf 85' lang='lat' dir='ltr'><strong>pa-</strong></span> 
     </span>
     <span class='ocr_line' id='line_1_12' title="bbox 95 999 1520 1049; baseline 0.002 -15"><span class='ocrx_word' id='word_1_92' title='bbox 95 999 252 1036; x_wconf 83' lang='lat' dir='ltr'><strong>tribus</strong></span> <span class='ocrx_word' id='word_1_93' title='bbox 284 1002 352 1048; x_wconf 86' lang='lat'><strong>(-—</strong></span> <span class='ocrx_word' id='word_1_94' title='bbox 386 1013 485 1049; x_wconf 85' lang='lat' dir='ltr'><strong>quae</strong></span> <span class='ocrx_word' id='word_1_95' title='bbox 515 1002 574 1049; x_wconf 72' lang='lat' dir='ltr'><strong>si,</strong></span> <span class='ocrx_word' id='word_1_96' title='bbox 620 1006 666 1040; x_wconf 79' lang='lat' dir='ltr'><strong>ut</strong></span> <span class='ocrx_word' id='word_1_97' title='bbox 703 1013 788 1037; x_wconf 76' lang='lat' dir='ltr'><strong>vos</strong></span> <span class='ocrx_word' id='word_1_98' title='bbox 830 1007 999 1038; x_wconf 71' lang='lat' dir='ltr'><strong>vestra</strong></span> <span class='ocrx_word' id='word_1_99' title='bbox 1028 1002 1259 1038; x_wconf 82' lang='lat' dir='ltr'><strong>habeatis</strong></span> <span class='ocrx_word' id='word_1_100' title='bbox 1289 1002 1520 1047; x_wconf 46' lang='lat' dir='ltr'><strong>consilia2</strong></span> 
     </span>
     <span class='ocr_line' id='line_1_13' title="bbox 95 1069 1520 1120; baseline 0.003 -15"><span class='ocrx_word' id='word_1_101' title='bbox 95 1069 163 1106; x_wconf 87' lang='lat' dir='ltr'><strong>sic</strong></span> <span class='ocrx_word' id='word_1_102' title='bbox 209 1082 257 1107; x_wconf 93' lang='lat' dir='ltr'><strong>se</strong></span> <span class='ocrx_word' id='word_1_103' title='bbox 301 1083 386 1108; x_wconf 84' lang='lat' dir='ltr'><strong>sua</strong></span> <span class='ocrx_word' id='word_1_104' title='bbox 430 1072 711 1108; x_wconf 86' lang='lat' dir='ltr'><strong>habituram</strong></span> <span class='ocrx_word' id='word_1_105' title='bbox 743 1071 892 1117; x_wconf 77' lang='lat' dir='ltr'><strong>dicat,</strong></span> <span class='ocrx_word' id='word_1_106' title='bbox 942 1073 1049 1120; x_wconf 88' lang='lat' dir='ltr'><strong>quis</strong></span> <span class='ocrx_word' id='word_1_107' title='bbox 1093 1072 1285 1108; x_wconf 86' lang='lat' dir='ltr'><strong>tandem</strong></span> <span class='ocrx_word' id='word_1_108' title='bbox 1329 1084 1520 1109; x_wconf 84' lang='lat' dir='ltr'><strong>suscen-</strong></span> 
     </span>
     <span class='ocr_line' id='line_1_14' title="bbox 94 1140 1519 1191; baseline 0.002 -14"><span class='ocrx_word' id='word_1_109' title='bbox 94 1140 226 1177; x_wconf 79' lang='lat' dir='ltr'><strong>seat?</strong></span> <span class='ocrx_word' id='word_1_110' title='bbox 258 1141 347 1191; x_wconf 75' lang='lat'><strong>—)‚</strong></span> <span class='ocrx_word' id='word_1_111' title='bbox 378 1142 559 1179; x_wconf 86' lang='lat' dir='ltr'><strong>milites</strong></span> <span class='ocrx_word' id='word_1_112' title='bbox 590 1155 674 1179; x_wconf 88' lang='lat' dir='ltr'><strong>nos</strong></span> <span class='ocrx_word' id='word_1_113' title='bbox 706 1155 830 1188; x_wconf 83' lang='grc'>8558,</span> <span class='ocrx_word' id='word_1_114' title='bbox 871 1155 961 1179; x_wconf 91' lang='lat' dir='ltr'><strong>non</strong></span> <span class='ocrx_word' id='word_1_115' title='bbox 992 1156 1161 1181; x_wconf 83' lang='lat' dir='ltr'><strong>servos</strong></span> <span class='ocrx_word' id='word_1_116' title='bbox 1203 1149 1415 1189; x_wconf 67' lang='lat' dir='ltr'><strong>vestros,</strong></span> <span class='ocrx_word' id='word_1_117' title='bbox 1463 1145 1519 1180; x_wconf 84' lang='lat' dir='ltr'><strong>ad</strong></span> 
     </span>
     <span class='ocr_line' id='line_1_15' title="bbox 94 1211 1519 1263; baseline 0.004 -16"><span class='ocrx_word' id='word_1_118' title='bbox 94 1211 292 1258; x_wconf 64' lang='lat' dir='ltr'><strong>bellum,</strong></span> <span class='ocrx_word' id='word_1_119' title='bbox 322 1226 415 1250; x_wconf 87' lang='lat' dir='ltr'><strong>non</strong></span> <span class='ocrx_word' id='word_1_120' title='bbox 444 1215 489 1250; x_wconf 88' lang='lat' dir='ltr'><strong>in</strong></span> <span class='ocrx_word' id='word_1_121' title='bbox 525 1214 723 1251; x_wconf 85' lang='lat' dir='ltr'><strong>exilium</strong></span> <span class='ocrx_word' id='word_1_122' title='bbox 755 1215 950 1260; x_wconf 80' lang='lat' dir='ltr'><strong>missos,</strong></span> <span class='ocrx_word' id='word_1_123' title='bbox 991 1215 1030 1251; x_wconf 85' lang='lat' dir='ltr'><strong>si</strong></span> <span class='ocrx_word' id='word_1_124' title='bbox 1061 1215 1166 1263; x_wconf 87' lang='lat' dir='ltr'><strong>quis</strong></span> <span class='ocrx_word' id='word_1_125' title='bbox 1197 1215 1277 1250; x_wconf 90' lang='lat' dir='ltr'><strong>det</strong></span> <span class='ocrx_word' id='word_1_126' title='bbox 1310 1214 1519 1263; x_wconf 64' lang='lat' dir='ltr'><strong>signum,</strong></span> 
     </span>
     <span class='ocr_line' id='line_1_16' title="bbox 95 1285 1520 1334; baseline 0.002 -14"><span class='ocrx_word' id='word_1_127' title='bbox 95 1305 145 1309; x_wconf 83' lang='lat'>—</span> <span class='ocrx_word' id='word_1_128' title='bbox 177 1292 482 1333; x_wconf 87' lang='lat' dir='ltr'><strong>pugnaturos</strong></span> <span class='ocrx_word' id='word_1_129' title='bbox 513 1291 585 1324; x_wconf 90' lang='lat' dir='ltr'><strong>cet.</strong></span> <span class='ocrx_word' id='word_1_130' title='bbox 648 1287 841 1334; x_wconf 64' lang='lat' dir='ltr'><strong>Apparet,</strong></span> <span class='ocrx_word' id='word_1_131' title='bbox 887 1285 1095 1322; x_wconf 80' lang='lat' dir='ltr'><strong>infinitivos</strong></span> <span class='ocrx_word' id='word_1_132' title='bbox 1128 1287 1176 1322; x_wconf 88' lang='lat' dir='ltr'><strong>ab</strong></span> <span class='ocrx_word' id='word_1_133' title='bbox 1206 1285 1291 1334; x_wconf 87' lang='lat' dir='ltr'><strong>ipso</strong></span> <span class='ocrx_word' id='word_1_134' title='bbox 1321 1286 1386 1322; x_wconf 94' lang='lat' dir='ltr'><strong>illo</strong></span> <span class='ocrx_word' id='word_1_135' title='bbox 1419 1299 1520 1334; x_wconf 90' lang='lat' dir='ltr'><strong>quae</strong></span> 
     </span>
     <span class='ocr_line' id='line_1_17' title="bbox 92 1354 1519 1405; baseline 0.003 -15"><span class='ocrx_word' id='word_1_136' title='bbox 92 1354 250 1392; x_wconf 85' lang='lat' dir='ltr'><strong>dicam</strong></span> <span class='ocrx_word' id='word_1_137' title='bbox 281 1357 468 1404; x_wconf 71' lang='lat' dir='ltr'><strong>pendere,</strong></span> <span class='ocrx_word' id='word_1_138' title='bbox 513 1355 728 1405; x_wconf 68' lang='lat' dir='ltr'><strong>praeparari</strong></span> <span class='ocrx_word' id='word_1_139' title='bbox 761 1362 890 1392; x_wconf 89' lang='lat' dir='ltr'><strong>autem</strong></span> <span class='ocrx_word' id='word_1_140' title='bbox 921 1357 1022 1393; x_wconf 89' lang='lat' dir='ltr'><strong>hanc</strong></span> <span class='ocrx_word' id='word_1_141' title='bbox 1042 1356 1166 1405; x_wconf 84' lang='lat' dir='ltr'><strong>plebis</strong></span> <span class='ocrx_word' id='word_1_142' title='bbox 1187 1357 1343 1393; x_wconf 91' lang='lat' dir='ltr'><strong>nomine</strong></span> <span class='ocrx_word' id='word_1_143' title='bbox 1374 1358 1519 1395; x_wconf 88' lang='lat' dir='ltr'><strong>denun-</strong></span> 
     </span>
     <span class='ocr_line' id='line_1_18' title="bbox 94 1425 1517 1476; baseline 0.004 -15"><span class='ocrx_word' id='word_1_144' title='bbox 94 1425 292 1463; x_wconf 85' lang='lat' dir='ltr'><strong>tiationem</strong></span> <span class='ocrx_word' id='word_1_145' title='bbox 323 1426 553 1476; x_wconf 82' lang='lat' dir='ltr'><strong>interposita</strong></span> <span class='ocrx_word' id='word_1_146' title='bbox 582 1427 647 1463; x_wconf 86' lang='lat' dir='ltr'><strong>illa</strong></span> <span class='ocrx_word' id='word_1_147' title='bbox 676 1427 909 1476; x_wconf 84' lang='lat' dir='ltr'><strong>parenthesi.</strong></span> <span class='ocrx_word' id='word_1_148' title='bbox 968 1429 1139 1464; x_wconf 83' lang='lat' dir='ltr'><strong>Tantum</strong></span> <span class='ocrx_word' id='word_1_149' title='bbox 1171 1435 1299 1465; x_wconf 86' lang='lat' dir='ltr'><strong>autem</strong></span> <span class='ocrx_word' id='word_1_150' title='bbox 1322 1429 1443 1475; x_wconf 70' lang='lat' dir='ltr'><strong>abest,</strong></span> <span class='ocrx_word' id='word_1_151' title='bbox 1477 1436 1517 1466; x_wconf 94' lang='lat' dir='ltr'><strong>ut</strong></span> 
     </span>
     <span class='ocr_line' id='line_1_19' title="bbox 94 1496 1517 1548; baseline 0.004 -16"><span class='ocrx_word' id='word_1_152' title='bbox 94 1496 166 1533; x_wconf 90' lang='lat' dir='ltr'><strong>hoc</strong></span> <span class='ocrx_word' id='word_1_153' title='bbox 198 1510 273 1534; x_wconf 91' lang='lat' dir='ltr'><strong>uno</strong></span> <span class='ocrx_word' id='word_1_154' title='bbox 303 1497 389 1535; x_wconf 92' lang='grc'>1080</span> <span class='ocrx_word' id='word_1_155' title='bbox 420 1499 478 1541; x_wconf 85' lang='grc'><strong>51,</strong></span> <span class='ocrx_word' id='word_1_156' title='bbox 523 1506 570 1535; x_wconf 90' lang='lat' dir='ltr'><strong>ut</strong></span> <span class='ocrx_word' id='word_1_157' title='bbox 609 1498 648 1534; x_wconf 90' lang='lat' dir='ltr'><strong>in</strong></span> <span class='ocrx_word' id='word_1_158' title='bbox 690 1498 814 1534; x_wconf 85' lang='lat' dir='ltr'><strong>sicut</strong></span> <span class='ocrx_word' id='word_1_159' title='bbox 853 1499 1085 1545; x_wconf 63' lang='lat' dir='ltr'><strong>coaluerint,</strong></span> <span class='ocrx_word' id='word_1_160' title='bbox 1127 1506 1169 1535; x_wconf 89' lang='lat' dir='ltr'><strong>ut</strong></span> <span class='ocrx_word' id='word_1_161' title='bbox 1198 1498 1379 1548; x_wconf 80' lang='lat' dir='ltr'><strong>frequens</strong></span> <span class='ocrx_word' id='word_1_162' title='bbox 1409 1501 1448 1537; x_wconf 86' lang='lat' dir='ltr'><strong>id</strong></span> <span class='ocrx_word' id='word_1_163' title='bbox 1478 1501 1517 1537; x_wconf 90' lang='lat' dir='ltr'><strong>in</strong></span> 
     </span>
     <span class='ocr_line' id='line_1_20' title="bbox 93 1568 1518 1620; baseline 0.003 -16"><span class='ocrx_word' id='word_1_164' title='bbox 93 1568 290 1605; x_wconf 82' lang='lat' dir='ltr'><strong>codicibus</strong></span> <span class='ocrx_word' id='word_1_165' title='bbox 333 1571 512 1607; x_wconf 88' lang='lat' dir='ltr'><strong>mendum</strong></span> <span class='ocrx_word' id='word_1_166' title='bbox 550 1571 616 1612; x_wconf 83' lang='lat' dir='ltr'><strong>sit;</strong></span> <span class='ocrx_word' id='word_1_167' title='bbox 660 1569 765 1606; x_wconf 84' lang='lat' dir='ltr'><strong>velut.</strong></span> <span class='ocrx_word' id='word_1_168' title='bbox 795 1570 1011 1615; x_wconf 71' lang='lat' dir='ltr'><strong>XXXIV,</strong></span> <span class='ocrx_word' id='word_1_169' title='bbox 1059 1571 1102 1615; x_wconf 66' lang='lat'><strong>2,</strong></span> <span class='ocrx_word' id='word_1_170' title='bbox 1149 1573 1168 1607; x_wconf 86' lang='lat'><strong>7</strong></span> <span class='ocrx_word' id='word_1_171' title='bbox 1201 1583 1271 1620; x_wconf 83' lang='lat' dir='ltr'><strong>pro</strong></span> <span class='ocrx_word' id='word_1_172' title='bbox 1304 1584 1368 1617; x_wconf 88' lang='grc' dir='ltr'><strong>8ο,</strong></span> <span class='ocrx_word' id='word_1_173' title='bbox 1412 1572 1518 1620; x_wconf 93' lang='lat' dir='ltr'><strong>quod</strong></span> 
     </span>
     <span class='ocr_line' id='line_1_21' title="bbox 93 1640 1517 1690; baseline 0.004 -16"><span class='ocrx_word' id='word_1_174' title='bbox 93 1645 195 1675; x_wconf 87' lang='lat' dir='ltr'><strong>recte</strong></span> <span class='ocrx_word' id='word_1_175' title='bbox 226 1640 366 1676; x_wconf 84' lang='lat' dir='ltr'><strong>editur:</strong></span> <span class='ocrx_word' id='word_1_176' title='bbox 419 1641 477 1687; x_wconf 89' lang='grc'><strong>51,</strong></span> <span class='ocrx_word' id='word_1_177' title='bbox 508 1648 558 1677; x_wconf 92' lang='lat' dir='ltr'><strong>ut</strong></span> <span class='ocrx_word' id='word_1_178' title='bbox 602 1640 761 1690; x_wconf 85' lang='lat' dir='ltr'><strong>plebis</strong></span> <span class='ocrx_word' id='word_1_179' title='bbox 801 1642 1062 1688; x_wconf 74' lang='lat' dir='ltr'><strong>quondam,</strong></span> <span class='ocrx_word' id='word_1_180' title='bbox 1106 1642 1175 1678; x_wconf 88' lang='lat' dir='ltr'><strong>sic</strong></span> <span class='ocrx_word' id='word_1_181' title='bbox 1213 1654 1336 1678; x_wconf 89' lang='lat' dir='ltr'><strong>nunc</strong></span> <span class='ocrx_word' id='word_1_182' title='bbox 1375 1643 1517 1679; x_wconf 91' lang='lat' dir='ltr'><strong>muli·</strong></span> 
     </span>
     <span class='ocr_line' id='line_1_22' title="bbox 94 1712 1516 1761; baseline 0.004 -16"><span class='ocrx_word' id='word_1_183' title='bbox 94 1722 219 1746; x_wconf 83' lang='lat' dir='ltr'><strong>erum</strong></span> <span class='ocrx_word' id='word_1_184' title='bbox 251 1713 538 1749; x_wconf 89' lang='lat' dir='ltr'><strong>secessione</strong></span> <span class='ocrx_word' id='word_1_185' title='bbox 567 1712 700 1761; x_wconf 83' lang='lat' dir='ltr'><strong>leges</strong></span> <span class='ocrx_word' id='word_1_186' title='bbox 743 1712 1042 1760; x_wconf 84' lang='lat' dir='ltr'><strong>accipiendae</strong></span> <span class='ocrx_word' id='word_1_187' title='bbox 1072 1720 1200 1758; x_wconf 63' lang='lat' dir='ltr'><strong>sunt,</strong></span> <span class='ocrx_word' id='word_1_188' title='bbox 1246 1719 1281 1749; x_wconf 91' lang='lat' dir='ltr'><strong>et</strong></span> <span class='ocrx_word' id='word_1_189' title='bbox 1312 1713 1349 1749; x_wconf 93' lang='lat' dir='ltr'><strong>in</strong></span> <span class='ocrx_word' id='word_1_190' title='bbox 1381 1714 1516 1750; x_wconf 85' lang='lat' dir='ltr'><strong>ceteris</strong></span> 
     </span>
     <span class='ocr_line' id='line_1_23' title="bbox 93 1781 1517 1833; baseline 0.004 -16"><span class='ocrx_word' id='word_1_191' title='bbox 93 1781 288 1818; x_wconf 83' lang='lat' dir='ltr'><strong>codicibus</strong></span> <span class='ocrx_word' id='word_1_192' title='bbox 334 1790 369 1819; x_wconf 91' lang='lat' dir='ltr'><strong>et</strong></span> <span class='ocrx_word' id='word_1_193' title='bbox 421 1783 459 1819; x_wconf 92' lang='lat' dir='ltr'><strong>in</strong></span> <span class='ocrx_word' id='word_1_194' title='bbox 502 1782 784 1831; x_wconf 83' lang='lat' dir='ltr'><strong>Bambergensi</strong></span> <span class='ocrx_word' id='word_1_195' title='bbox 827 1783 1011 1832; x_wconf 86' lang='lat' dir='ltr'><strong>scriptum</strong></span> <span class='ocrx_word' id='word_1_196' title='bbox 1054 1790 1129 1820; x_wconf 86' lang='lat' dir='ltr'><strong>est:</strong></span> <span class='ocrx_word' id='word_1_197' title='bbox 1179 1783 1304 1820; x_wconf 85' lang='lat' dir='ltr'><strong>sicut</strong></span> <span class='ocrx_word' id='word_1_198' title='bbox 1344 1785 1517 1833; x_wconf 86' lang='lat' dir='ltr'><strong>plebis.</strong></span> 
     </span>
     <span class='ocr_line' id='line_1_24' title="bbox 92 1850 1517 1904; baseline 0.004 -16"><span class='ocrx_word' id='word_1_199' title='bbox 92 1850 290 1890; x_wconf 84' lang='lat' dir='ltr'><strong>Ciceronis</strong></span> <span class='ocrx_word' id='word_1_200' title='bbox 321 1854 472 1892; x_wconf 88' lang='lat' dir='ltr'><strong>codices</strong></span> <span class='ocrx_word' id='word_1_201' title='bbox 502 1856 602 1891; x_wconf 86' lang='lat' dir='ltr'><strong>idem</strong></span> <span class='ocrx_word' id='word_1_202' title='bbox 642 1854 791 1891; x_wconf 83' lang='lat' dir='ltr'><strong>obsidet</strong></span> <span class='ocrx_word' id='word_1_203' title='bbox 818 1854 999 1890; x_wconf 89' lang='lat' dir='ltr'><strong>mendum</strong></span> <span class='ocrx_word' id='word_1_204' title='bbox 1039 1853 1079 1889; x_wconf 91' lang='lat' dir='ltr'><strong>in</strong></span> <span class='ocrx_word' id='word_1_205' title='bbox 1120 1861 1218 1890; x_wconf 82' lang='lat' dir='ltr'><strong>orat.</strong></span> <span class='ocrx_word' id='word_1_206' title='bbox 1257 1868 1327 1904; x_wconf 91' lang='lat' dir='ltr'><strong>pro</strong></span> <span class='ocrx_word' id='word_1_207' title='bbox 1363 1855 1517 1894; x_wconf 85' lang='lat' dir='ltr'><strong>Caecina</strong></span> 
     </span>
     <span class='ocr_line' id='line_1_25' title="bbox 94 1924 1515 1975; baseline 0.004 -16"><span class='ocrx_word' id='word_1_208' title='bbox 94 1924 157 1969; x_wconf 71' lang='lat'><strong>24,</strong></span> <span class='ocrx_word' id='word_1_209' title='bbox 190 1925 238 1962; x_wconf 80' lang='lat'><strong>69</strong></span> <span class='ocrx_word' id='word_1_210' title='bbox 272 1925 416 1969; x_wconf 84' lang='lat' dir='ltr'><strong>(sicut</strong></span> <span class='ocrx_word' id='word_1_211' title='bbox 446 1926 657 1962; x_wconf 80' lang='lat' dir='ltr'><strong>Manlius</strong></span> <span class='ocrx_word' id='word_1_212' title='bbox 687 1938 782 1975; x_wconf 90' lang='lat' dir='ltr'><strong>pro:</strong></span> <span class='ocrx_word' id='word_1_213' title='bbox 816 1925 876 1970; x_wconf 80' lang='grc'><strong>51,</strong></span> <span class='ocrx_word' id='word_1_214' title='bbox 909 1932 956 1961; x_wconf 89' lang='lat' dir='ltr'><strong>ut</strong></span> <span class='ocrx_word' id='word_1_215' title='bbox 987 1925 1219 1972; x_wconf 82' lang='lat' dir='ltr'><strong>Manlius)</strong></span> <span class='ocrx_word' id='word_1_216' title='bbox 1252 1934 1288 1962; x_wconf 90' lang='lat' dir='ltr'><strong>et</strong></span> <span class='ocrx_word' id='word_1_217' title='bbox 1318 1928 1448 1964; x_wconf 83' lang='lat' dir='ltr'><strong>Taciti</strong></span> <span class='ocrx_word' id='word_1_218' title='bbox 1478 1929 1515 1965; x_wconf 87' lang='lat' dir='ltr'><strong>in</strong></span> 
     </span>
     <span class='ocr_line' id='line_1_26' title="bbox 91 1995 1515 2048; baseline 0.003 -16"><span class='ocrx_word' id='word_1_219' title='bbox 91 1995 193 2031; x_wconf 86' lang='lat' dir='ltr'><strong>Hist.</strong></span> <span class='ocrx_word' id='word_1_220' title='bbox 228 1996 260 2041; x_wconf 73' lang='lat' dir='ltr'><strong>I,</strong></span> <span class='ocrx_word' id='word_1_221' title='bbox 293 1997 341 2033; x_wconf 88' lang='grc'><strong>83</strong></span> <span class='ocrx_word' id='word_1_222' title='bbox 373 1996 619 2040; x_wconf 61' lang='lat' dir='ltr'><strong>simillimum,</strong></span> <span class='ocrx_word' id='word_1_223' title='bbox 666 1997 825 2033; x_wconf 81' lang='lat' dir='ltr'><strong>sicubi</strong></span> <span class='ocrx_word' id='word_1_224' title='bbox 863 2009 935 2045; x_wconf 89' lang='lat' dir='ltr'><strong>pro</strong></span> <span class='ocrx_word' id='word_1_225' title='bbox 973 1996 1032 2032; x_wconf 85' lang='lat' dir='ltr'><strong>si.</strong></span> <span class='ocrx_word' id='word_1_226' title='bbox 1080 1996 1181 2041; x_wconf 48' lang='lat' dir='ltr'><strong>ubis</strong></span> <span class='ocrx_word' id='word_1_227' title='bbox 1228 1996 1274 2033; x_wconf 88' lang='lat' dir='ltr'><strong>de</strong></span> <span class='ocrx_word' id='word_1_228' title='bbox 1314 2011 1405 2046; x_wconf 76' lang='lat' dir='ltr'><strong>quo,</strong></span> <span class='ocrx_word' id='word_1_229' title='bbox 1451 2001 1515 2048; x_wconf 91' lang='lat' dir='ltr'><strong>qui</strong></span> 
     </span>
     <span class='ocr_line' id='line_1_27' title="bbox 90 2066 1516 2118; baseline 0.004 -16"><span class='ocrx_word' id='word_1_230' title='bbox 90 2066 209 2103; x_wconf 86' lang='lat' dir='ltr'><strong>risum</strong></span> <span class='ocrx_word' id='word_1_231' title='bbox 240 2074 399 2115; x_wconf 65' lang='lat' dir='ltr'><strong>quaerat,</strong></span> <span class='ocrx_word' id='word_1_232' title='bbox 436 2068 551 2117; x_wconf 68' lang='lat' dir='ltr'><strong>legat,</strong></span> <span class='ocrx_word' id='word_1_233' title='bbox 586 2081 670 2117; x_wconf 84' lang='lat' dir='ltr'><strong>quae</strong></span> <span class='ocrx_word' id='word_1_234' title='bbox 702 2068 872 2106; x_wconf 83' lang='lat' dir='ltr'><strong>Baebius</strong></span> <span class='ocrx_word' id='word_1_235' title='bbox 911 2074 947 2103; x_wconf 86' lang='lat' dir='ltr'><strong>ct</strong></span> <span class='ocrx_word' id='word_1_236' title='bbox 978 2067 1202 2103; x_wconf 75' lang='lat' dir='ltr'><strong>waltherus</strong></span> <span class='ocrx_word' id='word_1_237' title='bbox 1233 2070 1516 2118; x_wconf 78' lang='lat' dir='ltr'><strong>excogitarunt.</strong></span> 
     </span>
     <span class='ocr_line' id='line_1_28' title="bbox 92 2137 1516 2188; baseline 0.002 -12"><span class='ocrx_word' id='word_1_238' title='bbox 92 2137 169 2176; x_wconf 83' lang='lat' dir='ltr'><strong>Sed</strong></span> <span class='ocrx_word' id='word_1_239' title='bbox 214 2139 316 2187; x_wconf 84' lang='lat' dir='ltr'><strong>apud</strong></span> <span class='ocrx_word' id='word_1_240' title='bbox 358 2139 482 2188; x_wconf 86' lang='lat' dir='ltr'><strong>ipsum</strong></span> <span class='ocrx_word' id='word_1_241' title='bbox 529 2139 682 2176; x_wconf 78' lang='lat' dir='ltr'><strong>Livium</strong></span> <span class='ocrx_word' id='word_1_242' title='bbox 737 2139 890 2175; x_wconf 85' lang='lat' dir='ltr'><strong>tertium</strong></span> <span class='ocrx_word' id='word_1_243' title='bbox 934 2137 1075 2174; x_wconf 84' lang='lat' dir='ltr'><strong>residet</strong></span> <span class='ocrx_word' id='word_1_244' title='bbox 1120 2138 1233 2174; x_wconf 88' lang='lat' dir='ltr'><strong>huius</strong></span> <span class='ocrx_word' id='word_1_245' title='bbox 1279 2140 1516 2179; x_wconf 78' lang='lat' dir='ltr'><strong>confusionis</strong></span> 
     </span>
     <span class='ocr_line' id='line_1_29' title="bbox 90 2209 1515 2259; baseline 0.005 -15"><span class='ocrx_word' id='word_1_246' title='bbox 90 2209 335 2258; x_wconf 84' lang='lat' dir='ltr'><strong>perspicuum</strong></span> <span class='ocrx_word' id='word_1_247' title='bbox 369 2210 587 2259; x_wconf 84' lang='lat' dir='ltr'><strong>exemplum</strong></span> <span class='ocrx_word' id='word_1_248' title='bbox 617 2210 656 2246; x_wconf 93' lang='lat' dir='ltr'><strong>in</strong></span> <span class='ocrx_word' id='word_1_249' title='bbox 685 2210 786 2246; x_wconf 90' lang='lat' dir='ltr'><strong>libro</strong></span> <span class='ocrx_word' id='word_1_250' title='bbox 817 2209 961 2254; x_wconf 76' lang='lat' dir='ltr'><strong>XXII,</strong></span> <span class='ocrx_word' id='word_1_251' title='bbox 996 2210 1060 2253; x_wconf 85' lang='grc'><strong>60,</strong></span> <span class='ocrx_word' id='word_1_252' title='bbox 1098 2211 1137 2245; x_wconf 88' lang='grc'><strong>11</strong></span> <span class='ocrx_word' id='word_1_253' title='bbox 1178 2209 1231 2257; x_wconf 91' lang='lat' dir='ltr'><strong>(in</strong></span> <span class='ocrx_word' id='word_1_254' title='bbox 1262 2211 1438 2249; x_wconf 82' lang='lat' dir='ltr'><strong>oratione</strong></span> <span class='ocrx_word' id='word_1_255' title='bbox 1468 2215 1515 2251; x_wconf 88' lang='lat' dir='ltr'><strong>T.</strong></span> 
     </span>
     <span class='ocr_line' id='line_1_30' title="bbox 91 2279 1515 2329; baseline 0.005 -15"><span class='ocrx_word' id='word_1_256' title='bbox 91 2279 227 2316; x_wconf 85' lang='lat' dir='ltr'><strong>Manlii</strong></span> <span class='ocrx_word' id='word_1_257' title='bbox 258 2280 487 2329; x_wconf 86' lang='lat' dir='ltr'><strong>Torquati):</strong></span> <span class='ocrx_word' id='word_1_258' title='bbox 526 2280 665 2317; x_wconf 86' lang='lat' dir='ltr'><strong>Sicut</strong></span> <span class='ocrx_word' id='word_1_259' title='bbox 712 2293 913 2318; x_wconf 83' lang='lat' dir='ltr'><strong>avorum</strong></span> <span class='ocrx_word' id='word_1_260' title='bbox 958 2279 1188 2316; x_wconf 86' lang='lat' dir='ltr'><strong>memoria</strong></span> <span class='ocrx_word' id='word_1_261' title='bbox 1235 2281 1282 2319; x_wconf 91' lang='lat' dir='ltr'><strong>P.</strong></span> <span class='ocrx_word' id='word_1_262' title='bbox 1334 2282 1515 2321; x_wconf 86' lang='lat' dir='ltr'><strong>Decius</strong></span> 
     </span>
     <span class='ocr_line' id='line_1_31' title="bbox 89 2349 1514 2397; baseline 0.004 -12"><span class='ocrx_word' id='word_1_263' title='bbox 89 2349 198 2388; x_wconf 87' lang='lat' dir='ltr'><strong>trib.</strong></span> <span class='ocrx_word' id='word_1_264' title='bbox 240 2351 444 2387; x_wconf 89' lang='lat' dir='ltr'><strong>militum</strong></span> <span class='ocrx_word' id='word_1_265' title='bbox 489 2351 534 2387; x_wconf 93' lang='lat' dir='ltr'><strong>in</strong></span> <span class='ocrx_word' id='word_1_266' title='bbox 581 2351 795 2397; x_wconf 74' lang='lat' dir='ltr'><strong>Samnio,</strong></span> <span class='ocrx_word' id='word_1_267' title='bbox 842 2352 971 2388; x_wconf 85' lang='lat' dir='ltr'><strong>sicut</strong></span> <span class='ocrx_word' id='word_1_268' title='bbox 1008 2350 1149 2387; x_wconf 91' lang='lat' dir='ltr'><strong>nobis</strong></span> <span class='ocrx_word' id='word_1_269' title='bbox 1189 2352 1514 2391; x_wconf 87' lang='lat' dir='ltr'><strong>adolescenti—</strong></span> 
     </span>
     <span class='ocr_line' id='line_1_32' title="bbox 89 2421 1516 2471; baseline 0.004 -14"><span class='ocrx_word' id='word_1_270' title='bbox 89 2421 175 2457; x_wconf 89' lang='lat' dir='ltr'><strong>bus</strong></span> <span class='ocrx_word' id='word_1_271' title='bbox 218 2422 386 2470; x_wconf 88' lang='lat' dir='ltr'><strong>priore</strong></span> <span class='ocrx_word' id='word_1_272' title='bbox 434 2423 617 2459; x_wconf 89' lang='lat' dir='ltr'><strong>Punico</strong></span> <span class='ocrx_word' id='word_1_273' title='bbox 663 2423 792 2460; x_wconf 92' lang='lat' dir='ltr'><strong>bello</strong></span> <span class='ocrx_word' id='word_1_274' title='bbox 838 2421 1139 2471; x_wconf 83' lang='lat' dir='ltr'><strong>Calpurnius</strong></span> <span class='ocrx_word' id='word_1_275' title='bbox 1181 2422 1397 2460; x_wconf 84' lang='lat' dir='ltr'><strong>Flamma</strong></span> <span class='ocrx_word' id='word_1_276' title='bbox 1426 2431 1516 2462; x_wconf 90' lang='lat' dir='ltr'><strong>tre-</strong></span> 
     </span>
     <span class='ocr_line' id='line_1_33' title="bbox 90 2492 1512 2543; baseline 0.004 -15"><span class='ocrx_word' id='word_1_277' title='bbox 90 2492 245 2529; x_wconf 88' lang='lat' dir='ltr'><strong>centis</strong></span> <span class='ocrx_word' id='word_1_278' title='bbox 265 2493 576 2538; x_wconf 83' lang='lat' dir='ltr'><strong>voluntariis,</strong></span> <span class='ocrx_word' id='word_1_279' title='bbox 603 2506 742 2542; x_wconf 90' lang='lat' dir='ltr'><strong>quum</strong></span> <span class='ocrx_word' id='word_1_280' title='bbox 766 2495 823 2530; x_wconf 84' lang='lat' dir='ltr'><strong>ad</strong></span> <span class='ocrx_word' id='word_1_281' title='bbox 852 2493 1087 2530; x_wconf 89' lang='lat' dir='ltr'><strong>tumulum</strong></span> <span class='ocrx_word' id='word_1_282' title='bbox 1118 2506 1198 2530; x_wconf 90' lang='lat' dir='ltr'><strong>eos</strong></span> <span class='ocrx_word' id='word_1_283' title='bbox 1228 2495 1512 2543; x_wconf 87' lang='lat' dir='ltr'><strong>capiendum</strong></span> 
     </span>
     <span class='ocr_line' id='line_1_34' title="bbox 90 2562 1515 2614; baseline 0.004 -15"><span class='ocrx_word' id='word_1_284' title='bbox 90 2562 233 2599; x_wconf 86' lang='lat' dir='ltr'><strong>situm</strong></span> <span class='ocrx_word' id='word_1_285' title='bbox 254 2563 381 2600; x_wconf 90' lang='lat' dir='ltr'><strong>inter</strong></span> <span class='ocrx_word' id='word_1_286' title='bbox 411 2563 594 2600; x_wconf 82' lang='lat' dir='ltr'><strong>medios</strong></span> <span class='ocrx_word' id='word_1_287' title='bbox 625 2564 825 2600; x_wconf 86' lang='lat' dir='ltr'><strong>duceret</strong></span> <span class='ocrx_word' id='word_1_288' title='bbox 841 2564 1021 2610; x_wconf 72' lang='lat' dir='ltr'><strong>hostes,</strong></span> <span class='ocrx_word' id='word_1_289' title='bbox 1041 2564 1187 2601; x_wconf 88' lang='lat' dir='ltr'><strong>dixit:</strong></span> <span class='ocrx_word' id='word_1_290' title='bbox 1213 2566 1515 2614; x_wconf 54' lang='lat' dir='ltr'><strong>„Moriamun</strong></span> 
     </span>
     <span class='ocr_line' id='line_1_35' title="bbox 89 2633 1516 2684; baseline 0.004 -14"><span class='ocrx_word' id='word_1_291' title='bbox 89 2633 289 2679; x_wconf 74' lang='lat' dir='ltr'><strong>milites,</strong></span> <span class='ocrx_word' id='word_1_292' title='bbox 358 2640 400 2670; x_wconf 90' lang='lat' dir='ltr'><strong>et</strong></span> <span class='ocrx_word' id='word_1_293' title='bbox 443 2640 595 2671; x_wconf 82' lang='lat' dir='ltr'><strong>morte</strong></span> <span class='ocrx_word' id='word_1_294' title='bbox 637 2641 807 2671; x_wconf 84' lang='lat' dir='ltr'><strong>nostra</strong></span> <span class='ocrx_word' id='word_1_295' title='bbox 849 2635 1114 2684; x_wconf 88' lang='lat' dir='ltr'><strong>eripiamus</strong></span> <span class='ocrx_word' id='word_1_296' title='bbox 1161 2647 1216 2671; x_wconf 81' lang='lat' dir='ltr'><strong>ex</strong></span> <span class='ocrx_word' id='word_1_297' title='bbox 1261 2637 1516 2676; x_wconf 91' lang='lat' dir='ltr'><strong>obsidione</strong></span> 
     </span>
    </p>
   </div>
   <div class='ocr_carea' id='block_1_3' title="bbox 90 2695 1515 2809">
    <p class='ocr_par' dir='ltr' id='par_1_3' title="bbox 90 2695 1515 2809">
     <span class='ocr_line' id='line_1_36' title="bbox 90 2695 1515 2756; baseline 0.004 -16"><span class='ocrx_word' id='word_1_298' title='bbox 90 2695 449 2741; x_wconf 76' lang='lat' dir='ltr'><strong>circumventas</strong></span> <span class='ocrx_word' id='word_1_299' title='bbox 490 2705 750 2753; x_wconf 72' lang='lat' dir='ltr'><strong>legiones,“</strong></span> <span class='ocrx_word' id='word_1_300' title='bbox 799 2727 850 2734; x_wconf 75' lang='lat'><em>—</em></span> <span class='ocrx_word' id='word_1_301' title='bbox 891 2706 931 2743; x_wconf 93' lang='lat' dir='ltr'><strong>si</strong></span> <span class='ocrx_word' id='word_1_302' title='bbox 975 2706 1064 2743; x_wconf 86' lang='lat' dir='ltr'><strong>hoc</strong></span> <span class='ocrx_word' id='word_1_303' title='bbox 1108 2706 1156 2745; x_wconf 89' lang='lat' dir='ltr'><strong>P.</strong></span> <span class='ocrx_word' id='word_1_304' title='bbox 1198 2706 1515 2756; x_wconf 82' lang='lat' dir='ltr'><strong>Sempronius</strong></span> 
     </span>
     <span class='ocr_line' id='line_1_37' title="bbox 1186 2774 1247 2809; baseline 0 0"><span class='ocrx_word' id='word_1_305' title='bbox 1186 2774 1247 2809; x_wconf 77' lang='lat'><strong>10*</strong></span> 
     </span>
    </p>
   </div>
  </div>
 </body>
</html>
