1811 2925
275 163 353 197 Lib,
378 164 422 195 X.
904 167 979 203 198

230 286 280 323 ad
328 299 394 323 eos
438 287 712 335 opprimendos
758 286 895 323 exisse.
996 288 1163 336 Propter
1214 290 1294 325 haec
1340 288 1458 338 igitur
1511 292 1650 327 verba:

231 355 515 405 Conspecta
559 364 603 394 et
633 379 683 384 —-
715 371 768 394 ea
814 357 1086 403 multitudo,
1135 371 1220 406 quae
1271 361 1373 408 apud
1404 361 1556 397 Livium
1588 375 1649 398 re-

232 427 421 475 spondent
472 427 565 464 illis:
611 428 689 476 qui
720 449 773 454 —
802 427 1034 464 viderant
1054 435 1148 474 etc-,7
1169 430 1423 479 interpolator
1452 431 1529 467 iam
1561 438 1650 468 ante

232 497 322 545 poni
353 497 493 534 debere
528 498 679 546 putavit,
709 496 974 544 conspecti.

366 566 464 616 Cap.
498 571 548 604 44
592 569 697 617 piget
740 580 848 617 paene
879 567 1005 603 dicere
1050 574 1087 604 et
1118 571 1135 613 ξ
1167 570 1188 604 2
1238 571 1517 608 emendandam
1567 584 1650 608 esse

232 638 417 675 orationis
447 639 791 687 interpunctionem
822 638 913 682 (hoe
943 638 1079 675 modo:
1113 640 1376 688 eodemque
1408 642 1533 678 dieA
1552 642 1653 689 qui-

231 709 365 744 lonia
423 716 468 745 et
505 709 778 745 Cominium
829 707 1175 756 deflagravere
1225 716 1268 746 et
1318 712 1549 748 eonsules
1597 734 1647 738 —

233 784 396 815 eastra
426 780 749 825 coniunxere)
783 784 819 815 et
849 782 867 823 ς’
901 781 922 815 6
957 778 1247 827 (Consilium
1278 782 1386 818 inde
1415 783 1649 818 habitum.

234 850 385 897 Quum
424 849 516 886 iam
553 855 739 898 tempus
781 855 909 886 esset
939 849 1210 886 deducendi
1242 852 1298 887 ab
1331 851 1526 889 Samnio
1558 865 1644 888 ex-

236 920 419 956 ereitus
464 926 544 956 ant
574 919 834 967 utriusque
880 925 961 955 aut
991 925 1121 955 certe
1158 920 1384 963 alterius,
1417 922 1648 971 optimum

235 991 386 1026 visum
414 990 517 1038 πῂ).

346 1060 442 1109 Cap.
477 1063 541 1102 46,
579 1061 619 1095 ὅτ
654 1061 918 1108 Auctaque
953 1073 1006 1096 ea
1036 1061 1230 1097 invidia
1266 1063 1390 1110 (quod
1419 1062 1458 1098 in
1492 1062 1535 1098 L.
1570 1063 1652 1098 Pa-

234 1131 321 1180 pirii
363 1132 559 1179 triumpho
599 1130 689 1165 nihil
732 1143 781 1166 ex
821 1132 952 1179 praeda
984 1131 1167 1167 militibus
1199 1132 1330 1168 datum
1361 1132 1459 1181 erat)
1492 1138 1565 1168 estv
1595 1133 1651 1168 ad

234 1202 434 1251 plebem,
466 1201 588 1249 quod
620 1201 855 1237 tributum
886 1202 1030 1238 etiam
1058 1202 1102 1238 in
1125 1202 1417 1251 stipendium
1448 1203 1650 1239 militum

235 1273 473 1309 collatum
506 1278 597 1315 est,
647 1285 806 1319 quum,
856 1272 895 1308 si
939 1279 1105 1320 spreta
1134 1273 1298 1320 gloria
1330 1272 1506 1309 fuisset
1537 1286 1650 1322 eap-

234 1343 342 1379 tivae
371 1342 584 1391 pecuniae
613 1341 658 1377 in
691 1343 909 1378 aerarium
941 1343 1113 1387 illatae,
1153 1350 1197 1379 et
1244 1343 1387 1379 militi
1417 1348 1511 1379 tum
1545 1344 1651 1380 dari

235 1427 291 1450 ex
321 1413 481 1462 praeda
511 1419 555 1449 et
584 1412 879 1460 stipendium
902 1413 1115 1449 militare
1138 1414 1363 1462 praestari
1386 1415 1648 1462 potuisset.

241 1483 435 1520 Particula
465 1490 559 1519 tum
589 1484 680 1519 nihil
713 1485 841 1527 habet,
873 1483 975 1531 quod
1008 1490 1110 1532 agat,
1149 1485 1331 1532 quoniam
1363 1485 1409 1521 de
1442 1485 1545 1521 nullo
1577 1485 1652 1522 alio

236 1561 409 1602 tempore
440 1554 601 1602 cogitari
632 1560 776 1602 potest3
809 1554 831 1590 (l
845 1554 915 1590 ari
945 1554 999 1590 sie
1033 1555 1230 1599 absolute,
1264 1556 1368 1592 nullo
1400 1556 1530 1592 addito
1564 1557 1653 1593 sub—

236 1625 333 1661 iecto
381 1625 541 1671 (militi
587 1638 641 1660 ex
679 1626 839 1673 praeda
878 1625 1051 1672 datur),
1097 1626 1370 1673 dici11equit.·
1405 1627 1652 1664 Manifestum

236 1701 304 1740 est,
338 1695 376 1731 in
406 1702 500 1731 tum
544 1695 663 1732 latere
708 1694 990 1731 substantivum
1021 1697 1255 1733 eontrarium
1287 1697 1381 1746 stip
1397 1697 1546 1736 endio.
1608 1699 1653 1734 Id

237 1772 303 1802 aut
351 1766 523 1802 donum
570 1772 636 1801 aut
683 1778 851 1801 munus
883 1778 966 1801 esse
996 1772 1142 1814 potest:
1191 1774 1236 1802 et
1282 1767 1428 1803 militi
1480 1768 1653 1804 donum

236 1836 342 1871 dari
372 1849 427 1872 ex
466 1836 628 1884 praeda
659 1843 703 1871 et
737 1836 1032 1883 stipendium
1068 1837 1283 1873 militare
1311 1838 1535 1886 praestari
1565 1851 1656 1886 po—

236 1906 425 1942 tuisset.
554 1906 680 1942 Paulo
712 1913 800 1954 post
838 1907 880 1950 (ξ
914 1907 952 1952 8)
984 1908 1226 1943 scribendum
1259 1914 1334 1943 est:
1380 1908 1460 1943 sed
1498 1907 1653 1943 sociis

236 1976 379 2013 etiam
411 1976 721 2024 coloniisque
753 1978 837 2025 (pro
870 1977 1177 2025 colonisque)
1208 1977 1449 2022 finitimis,
1467 1978 1651 2024 quemad-

237 2046 392 2082 modum
424 2047 456 2087 Ι,
491 2048 554 2091 52,
587 2048 608 2083 2
640 2047 753 2083 video
784 2059 884 2083 nuno
913 2054 1015 2084 recte
1046 2048 1122 2089 edi:
1154 2061 1243 2084 nam
1275 2048 1378 2096 apud
1407 2047 1567 2083 Latinos
1582 2060 1655 2083 eo-

236 2116 341 2152 loni
371 2116 509 2164 singuli
541 2117 803 2165 appellantur,
846 2118 979 2166 populi
1011 2117 1260 2166 civitatesque
1306 2117 1542 2154 coloniarum
1585 2130 1658 2153 no-

235 2187 358 2232 mine⁷
392 2200 469 2223 non
509 2187 745 2233 colonorum,
777 2187 1051 2236 significantur.
