1811 2925
774 145 848 181 159
1271 143 1346 174 Lib.
1374 143 1472 174 VIII.

99 268 267 306 Romani
296 280 493 305 secernere
521 281 544 304 a
577 280 617 304 se
650 267 832 305 socialem
864 267 1072 304 exercitum
1104 266 1315 303 nolebant?
1346 267 1396 304 Et
1428 267 1519 316 quid

99 340 173 376 hoe
203 345 272 385 est,
303 339 478 376 consules
505 352 704 376 secernere
729 339 855 375 socios
889 338 998 375 bellis
1028 337 1194 387 propriis
1224 338 1418 375 sumendis
1449 351 1518 388 po-

99 410 340 459 nendisque?
401 410 574 447 Erantne
622 410 701 446 ulla
747 409 946 446 consulum
982 409 1141 458 propria
1170 408 1298 446 bella?
1363 411 1446 446 Aut
1488 410 1519 446 si

107 482 282 518 consules
321 494 393 531 pro
429 481 617 518 Romanis
659 481 848 517 nominari
895 486 1100 529 putamus.
1146 480 1313 517 Romani
1361 481 1521 530 propria

98 552 200 588 bella
229 565 305 589 non
336 553 537 589 sumebant
568 551 867 601 ponebantque?
927 551 1095 589 Omnino
1146 551 1220 587 hoc
1266 552 1312 588 de
1353 552 1520 601 propriis

99 622 208 659 bellis
242 623 435 660 sumendis
465 624 729 672 ponendisque
775 621 993 659 necessario
1037 622 1086 658 ad
1131 634 1197 658 eos
1230 623 1405 671 pertinet.
1455 623 1519 671 qui

98 694 282 730 hactenus
313 694 455 730 alteros
486 693 719 742 (Romanos)
751 693 870 730 secuti
898 693 1003 730 nulla
1031 692 1105 741 ipsi
1135 705 1205 729 suo
1240 693 1399 730 arbitrio
1428 706 1519 743 pro-

98 765 185 814 pria
203 765 305 802 bella
326 773 537 814 gesserant.
584 765 799 814 Scripserat
825 763 977 801 Livius:
1011 764 1049 799 si
1080 763 1285 800 socialis
1316 764 1415 801 illis
1447 778 1520 802 ex-

100 836 284 872 ercitus
315 835 354 872 is
385 844 468 877 est,
496 858 544 863 —
570 849 703 884 quem
730 847 985 872 secernere
1017 835 1073 871 ab
1096 847 1147 871 se
1171 836 1392 880 (Romanis)
1415 849 1520 876 eon-

99 907 225 946 Silia
254 907 398 944 bellis
430 907 649 956 propriis
691 905 938 941 sumendis
982 906 1318 955 ponendisque
1349 908 1519 948 nolint.

99 978 160 1014 Ea
190 978 343 1014 denium
372 991 467 1014 vera
512 984 568 1014 est
598 976 807 1015 sententia,
848 988 925 1011 non
962 976 1193 1024 placiturum
1233 978 1440 1024 Romanis,
1488 979 1520 1016 si

102 1049 229 1086 Latini
256 1062 327 1086 sua
348 1049 509 1087 consilia
539 1049 588 1084 ab
619 1047 692 1084 illis
723 1055 924 1084 secernant
956 1055 991 1083 et
1024 1059 1094 1084 suo
1131 1048 1290 1086 arbitrio
1322 1050 1424 1087 bella
1453 1062 1520 1099 ge-

98 1127 197 1157 rant.
229 1121 322 1169 (IV,
355 1123 423 1157 57:
455 1131 711 1156 secernere
741 1131 826 1155 sua
857 1132 880 1155 a
909 1118 1123 1167 publicis
1155 1117 1426 1166 consilia.¹)

214 1191 308 1241 Cap.
342 1195 387 1236 7,
435 1191 481 1227 18
520 1189 725 1226 manifesto
766 1197 801 1226 et
834 1190 947 1238 gravi
981 1190 1120 1226 mendo
1150 1190 1337 1227 incertum
1369 1198 1519 1229 tantum

99 1263 310 1300 remedium
341 1260 479 1300 afferre
507 1273 679 1310 possum.
739 1261 788 1297 T.
804 1261 973 1297 Manlius
1004 1262 1149 1298 consul.
1171 1261 1289 1298 filium
1308 1262 1519 1311 alloquens,

98 1335 172 1371 Me
203 1335 408 1382 quidem,
456 1333 591 1382 inquit.
637 1345 782 1381 quum
827 1331 1051 1381 ingenita
1099 1333 1284 1370 caritas
1314 1333 1520 1372 liberum

99 1411 196 1442 tum
229 1406 477 1454 specimen
510 1404 642 1441 istud
671 1401 877 1439 virtutis
914 1403 1166 1452 deceptum
1199 1417 1324 1441 vana
1354 1406 1520 1455 imagi-

99 1489 155 1513 ne
184 1477 375 1513 decoris
405 1476 456 1512 in
486 1482 530 1512 te
560 1481 738 1512 movet:
769 1475 850 1510 sed
883 1487 1022 1522 quum
1051 1484 1135 1512 ete.
1214 1475 1390 1513 Ridicule
1419 1490 1521 1526 spe-

99 1547 250 1584 cimen
280 1546 486 1583 virtutis
517 1547 769 1595 deceptum
801 1557 929 1581 vana
958 1545 1173 1594 imagine
1193 1548 1394 1595 appellari,
1416 1550 1521 1597 quod

100 1618 185 1667 quis
214 1630 317 1654 vana
345 1617 513 1666 imagine
543 1617 725 1666 deceptus
756 1615 928 1660 ediderit,
957 1616 1295 1655 VVeissenbornius
1315 1619 1521 1665 intellexit;

100 1689 241 1739 decipit
271 1689 370 1725 enim
401 1688 594 1737 specimen
623 1688 852 1732 iudicantes.
883 1700 960 1724 non
990 1688 1188 1736 decipitur.
1250 1689 1328 1726 Sed
1358 1691 1434 1728 alia
1464 1699 1520 1729 est

99 1760 272 1809 pravitas
303 1760 342 1796 in
373 1759 500 1796 verbis
530 1759 575 1795 in
605 1765 668 1803 te;
698 1771 788 1795 nam
819 1759 865 1795 in
896 1766 940 1795 te
974 1767 1133 1796 movet
1155 1761 1395 1808 (aecusativo
1411 1763 1519 1811 casu)

98 1843 170 1879 pro
203 1843 261 1875 eo,
280 1831 385 1879 quod
401 1837 480 1868 est:
508 1838 668 1866 movet
701 1836 745 1867 et
774 1830 864 1866 tibi
897 1831 1141 1868 conciliat
1173 1835 1232 1876 (ut
1262 1833 1520 1882 tibipaream7

99 1902 266 1950 suadet),
296 1902 436 1939 Latine
464 1902 538 1938 dici
565 1903 715 1950 nequit;
747 1902 778 1938 si
810 1909 854 1938 te
882 1902 1096 1939 ablativum
1128 1916 1210 1940 esse
1241 1904 1420 1941 volumus
1450 1904 1519 1955 (an

101 1973 172 2018 dir,
206 1972 333 2009 indem
363 1974 425 2010 ich
454 1973 541 2010 dich
570 1973 788 2019 betrachte)
820 1986 897 2010 non
929 1981 1061 2022 aptum
1093 1981 1151 2010 est
1180 1975 1230 2011 ad
1262 1976 1518 2013 caritatem

99 2045 309 2081 liberum
346 2057 416 2082 nee
446 2051 551 2081 recto
583 2045 669 2082 loco
699 2044 879 2093 positum.
946 2045 1139 2082 Veniebat
1160 2046 1199 2082 in
1229 2053 1413 2084 mentem:
1446 2048 1520 2085 Me

100 2115 291 2164 quidem
319 2128 458 2164 quum
487 2116 579 2164 ing.
612 2128 702 2154 car.
733 2115 812 2153 lib.
852 2122 950 2152 tum
983 2116 1195 2165 spec.ist.
1216 2117 1323 2153 virt.
1345 2118 1519 2168 decep-

99 2194 194 2222 tum
225 2199 350 2223 vana
377 2187 592 2236 imagine
621 2187 813 2224 decoris
843 2187 1110 2224 intuentem
1142 2194 1328 2233 movet,
1358 2189 1432 2226 hoc
1451 2196 1519 2235 est,

102 2270 221 2306 quum
238 2264 275 2294 te
291 2258 444 2294 intueor
473 2258 677 2307 deceptum
704 2270 807 2294 vana
837 2258 1055 2306 imag.‚cet.
1099 2259 1183 2295 Nee
1200 2265 1329 2296 tamen
1351 2260 1520 2297 animum

100 2328 230 2378 explet
260 2329 481 2366 coniectura
502 2329 655 2378 longius
686 2342 709 2365 a
739 2329 912 2378 vestigiis
945 2325 1204 2380 discedens.‘³)

126 2475 157 2519 ¹)
188 2479 207 2519 ξ
236 2482 276 2510 10
303 2484 392 2509 recte
415 2478 462 2512 A.
487 2478 685 2510 Perizonius
711 2478 784 2509 tolli
812 2478 921 2510 voluit
946 2487 1005 2515 eo,
1032 2488 1136 2519 pravo
1155 2489 1235 2511 casu
1261 2479 1415 2510 additum
1441 2486 1519 2511 ante

195 2541 305 2582 quod
330 2540 415 2581 (vid.
440 2550 593 2582 prooem.
619 2550 651 2581 p.
683 2541 723 2572 14
750 2540 854 2581 ima);
889 2541 1103 2572 accusativus
1140 2542 1231 2572 enim
1265 2542 1347 2582 poni
1372 2542 1520 2574 debebat

195 2602 238 2632 ad
264 2609 487 2643 usurpate,
515 2602 605 2643 quod
632 2601 788 2633 absolute
814 2603 879 2634 dici
904 2603 1033 2644 nequit.

122 2659 153 2704 Ξ>
190 2664 243 2695 De
269 2674 343 2706 cap.
371 2668 408 2703 8,
424 2665 514 2706 quod
550 2671 646 2696 tanto
672 2674 774 2706 opere
799 2665 999 2706 interpretes
1024 2666 1321 2704 institutorumque
1346 2664 1521 2696 Romano-

194 2735 315 2757 norum
341 2732 555 2758 enarratores
585 2727 745 2764 exercuit,
773 2727 857 2758 nihil
882 2732 933 2759 est
956 2726 1043 2765 fere,
1070 2728 1160 2768 quod
1186 2726 1219 2758 h.
1245 2726 1267 2757 l.
1295 2726 1425 2764 dicam
1461 2735 1521 2756 ne-
