1811 2925
312 145 382 176 Lib.
403 145 521 177 XXV.
926 147 1003 183 299

260 268 448 315 explenda
478 273 551 302 cst:
598 267 635 303 si
666 268 808 304 simul
854 267 1090 303 liberatas
1131 270 1187 305 ab
1221 269 1571 317 impotentibus
1601 276 1668 318 ty-

259 337 426 373 rannis
473 338 759 386 {Syracusas
813 349 916 373 esse
954 344 996 372 et
1043 339 1294 386 applicare
1341 352 1388 375 se
1419 339 1666 386 Romanis]

260 405 622 455 appa1·uisset.¹)

369 476 464 525 Cap.
498 479 561 522 31,
587 480 604 513 7
640 477 693 523 (in
713 476 887 513 Marcelli
919 477 967 513 ad
988 477 1253 526 Syracusanos
1281 478 1428 514 deditos
1460 480 1668 529 oratione):

258 547 352 583 sibi
390 548 597 583 omnium
635 547 855 583 laborum
896 548 1324 596 periculorumque
1376 576 1412 586 ..
1487 550 1667 586 tamdiu

259 618 602 653 exhaustorum
633 630 939 665 nequaquam
972 626 1156 654 tantum
1179 618 1383 654 fructum
1411 619 1668 667 esse,quod

258 700 431 735 capere
462 688 738 736 Syracusas
769 688 1030 735 potuisset.
1093 687 1207 723 Nullo
1240 688 1354 724 modo
1386 694 1567 726 tantum
1600 691 1668 726 ab·

257 759 379 794 solute
408 771 478 806 pro
520 758 641 793 satis
679 770 849 805 magno
881 757 1002 806 accipi
1041 764 1167 805 potest
1213 759 1430 805 (quomodo
1462 759 1525 797 W.
1557 772 1667 795 enar-

256 841 341 864 rare
357 835 550 872 conatur);
581 840 704 875 neque
733 829 812 863 haec
831 840 955 876 operte
973 826 1116 863 frustra
1146 834 1306 875 sumptae
1322 829 1544 876 conquestio
1562 830 1667 866 Mar-

257 899 340 935 celli
374 911 547 947 personae
577 904 643 934 aut
673 897 837 946 tempori
867 898 1057 936 convenit.
1123 898 1358 934 Exciderunt
1373 900 1492 935 verba
1509 899 1668 947 aliquot,

257 982 372 1017 quum
404 969 442 1004 in
472 969 571 1004 hane
609 967 689 1003 fere
731 968 957 1003 sententiam
1002 968 1185 1016 scriptum
1220 976 1335 1004 essct:
1367 982 1667 1017 nequaquam

256 1046 437 1076 tantum
488 1039 701 1074 fructum
733 1050 851 1083 esse,
899 1039 1023 1086 quod
1058 1051 1231 1086 capere
1262 1039 1535 1087 Syracusas
1567 1041 1666 1089 [po-

256 1110 417 1153 tuerit5
450 1115 691 1157 quantum,
723 1109 762 1144 si
793 1110 1016 1153 servare]
1052 1108 1304 1156 potuisset,
1365 1109 1496 1145 Livius
1526 1110 1667 1158 ubique

256 1180 480 1216 Marcellum
510 1179 655 1215 inducit
685 1179 890 1215 clementer
916 1179 1156 1225 loquentem
1205 1192 1245 1214 re
1276 1180 1427 1227 quidem
1460 1180 1544 1228 ipsa
1573 1181 1667 1217 satis

255 1251 458 1287 crudeliter
488 1250 527 1285 in
557 1250 678 1285 victos
710 1249 909 1287 consuluit,
970 1250 1015 1284 In
1046 1248 1232 1296 proximis
1255 1250 1380 1285 verbis
1403 1250 1460 1296 (S)
1492 1263 1567 1285 non
1597 1263 1666 1298 po-

254 1329 326 1358 test
355 1334 449 1356 vera
481 1332 564 1355 esse
594 1321 674 1356 haee
706 1319 920 1367 copulatio:
966 1325 1180 1366 quaestor
1211 1320 1265 1355 ad
1296 1320 1475 1356 Nasum
1521 1326 1565 1356 et
1595 1333 1667 1356 ac-

255 1391 530 1440 cipiendam
562 1390 819 1438 pecuniam
851 1389 1036 1437 regiam
1068 1390 1541 1437 custodiendamque
1564 1390 1667 1426 mis-

256 1474 353 1507 sus,
384 1474 452 1497 nee
491 1461 549 1496 ad
593 1461 770 1496 Nasum
803 1460 930 1495 mitti
976 1460 1022 1495 de
1052 1465 1163 1508 parte
1192 1460 1320 1505 urbis7
1352 1472 1466 1508 quam
1498 1461 1581 1508 quis
1612 1461 1667 1496 in-

255 1532 437 1581 greditur,
469 1531 605 1566 Latine
636 1530 783 1566 dicitur.
844 1530 1096 1567 Scribcndum
1128 1530 1296 1565 videtur:
1329 1530 1547 1577 Quaestor
1579 1532 1668 1567 Na-

256 1616 353 1639 sum
402 1602 457 1637 ad
504 1601 836 1649 accipiendam
880 1612 976 1649 pec.
1011 1614 1040 1636 r.
1075 1606 1145 1638 cct.
1270 1600 1394 1636 Paulo
1443 1608 1531 1649 post
1579 1601 1666 1649 (ll)

255 1673 450 1709 scribitur:
482 1672 586 1707 Hoc
617 1671 822 1707 maxime
853 1672 994 1707 modo
1031 1671 1281 1719 Syracusae
1312 1676 1473 1719 captae,
1503 1671 1547 1707 in
1570 1671 1667 1719 qui-

254 1745 339 1780 bus
371 1749 557 1778 tantum
588 1741 755 1789 praedae
785 1740 889 1787 fuit,
918 1748 1144 1789 quantum
1176 1741 1258 1776 vix
1288 1748 1430 1789 capta
1460 1740 1668 1777 Cartha-

253 1815 361 1862 gine
391 1820 485 1849 tum
516 1812 712 1853 fuisset„
763 1824 863 1848 cum
910 1824 1004 1859 qua
1041 1811 1227 1846 viribus
1258 1811 1401 1859 aequis
1433 1811 1667 1847 certaba-

254 1889 338 1918 tur.
398 1882 448 1918 Et
480 1883 711 1930 perobscure
743 1882 880 1917 dicitur
911 1888 1003 1917 tum
1047 1882 1132 1932 (illo
1164 1881 1248 1929 ipso
1279 1883 1473 1929 tempore)
1519 1888 1555 1916 et
1585 1880 1667 1915 inu-

254 1952 369 1987 tiliter
398 1952 593 1987 adhaerent
622 1952 704 1988 illa:
740 1964 840 1988 cum
873 1965 962 2000 qua
986 1952 1172 1987 viribus
1197 1951 1343 1998 aequis
1371 1951 1668 1996 certabatur,

254 2028 426 2070 tempore
454 2021 531 2057 iam
562 2022 789 2070 significato.
864 2024 1015 2071 Aperta
1053 2022 1123 2057 erit
1151 2021 1338 2057 sententia
1379 2028 1547 2069 aptaque
1580 2033 1667 2056 ora-

253 2093 332 2137 tio,
380 2092 531 2127 sublato
564 2093 844 2129 additamento:
897 2099 1130 2141 quantum
1169 2092 1248 2128 vix
1280 2098 1428 2139 capta
1463 2089 1666 2126 Cartha-

252 2163 360 2211 gine
388 2168 480 2198 tum
511 2161 716 2207 fuisset,
755 2175 854 2198 cum
900 2163 1075 2209 (quum)
1116 2161 1299 2197 viribus
1330 2161 1476 2208 aequis
1510 2166 1665 2196 certa-

253 2234 407 2277 batur,
439 2233 511 2268 hoe
544 2239 618 2268 est:
650 2233 681 2268 si
716 2232 780 2268 illo
816 2239 1008 2280 temporeq-
1032 2243 1147 2278 quum
1169 2230 1366 2266 etiamtum
1389 2231 1531 2266 viribus
1547 2230 1666 2277 aequis

253 2303 393 2338 bellum
424 2303 584 2350 gerebat
614 2304 821 2351 stabatque
853 2303 1001 2351 opibus7
1022 2308 1134 2349 capta
1152 2307 1269 2345 essetf,
1284 2313 1360 2335 non
1382 2307 1528 2349 postea,
1549 2311 1665 2348 quum

252 2372 375 2409 fracta
409 2372 485 2407 iam
528 2379 565 2408 et
597 2373 725 2409 multis
774 2373 946 2409 cladibus
977 2371 1204 2418 tributisque
1235 2371 1422 2407 exhausta
1454 2371 1493 2406 in
1523 2371 1666 2407 Roma-

251 2455 388 2478 norum
418 2449 646 2490 potestatem
691 2445 803 2481 venit.

278 2597 305 2641 ¹)
340 2604 394 2638 30,
425 2603 461 2630 ll
492 2608 582 2630 nune
609 2600 729 2637 editur,
758 2599 1045 2640 quemadmodum
1072 2599 1105 2628 in
1133 2596 1258 2638 Opuse.
1287 2596 1344 2626 alt.
1362 2607 1395 2637 p.
1422 2599 1487 2626 362
1515 2596 1662 2627 scriben-

346 2662 424 2691 dum
451 2661 613 2691 dixeram.
