1811 2925
283 150 358 181 Lib.
385 150 498 180 XXV.
902 150 980 185 300

235 277 405 308 narent
446 270 885 319 procederentque.
927 270 1088 318 Scipio
1126 270 1446 315 hortabatur,
1487 271 1648 319 prius-

236 355 380 390 quam
410 341 669 390 pedestres
704 340 856 387 copiae
887 340 1281 387 adsequerentur.
1347 341 1451 377 Male
1481 342 1646 378 cohaeret

240 412 364 448 oratio
394 412 433 447 in
464 410 589 447 subito
617 409 681 445 illo
714 409 762 445 ad
794 409 896 445 aliud
923 409 1147 455 subiectum,
1179 411 1281 458 quod
1311 422 1387 446 non
1417 410 1648 455 nominatur,

237 483 304 531 (ad
336 483 552 525 Romanos)
594 479 757 516 transitu
802 479 1074 515 consistere
1104 486 1388 528 coeperunt.
1484 479 1649 527 (Omitto

237 552 488 589 offensionem
538 551 576 586 in
619 551 753 586 eodem
795 550 957 585 duarum
1000 549 1272 586 sententiarum
1321 557 1399 586 tam
1437 549 1649 586 vicinarum

237 624 357 660 exitu:
398 621 536 669 sequi
569 625 857 668 coeperunt,
897 619 1179 655 consistere
1223 620 1512 668 coeperunt.)
1574 620 1651 658 Sed

235 694 393 743 gravius
424 700 481 728 est
510 691 613 727 aliud
650 690 801 734 vitiu1n3
840 689 1084 738 participium
1119 690 1217 726 enim
1255 690 1566 727 incursantes
1597 691 1651 727 sic

240 766 409 801 adhaeret
438 763 558 798 verbo
591 761 817 797 adsecuti
848 765 970 801 sunt,
1002 767 1043 795 ut
1067 761 1246 797 Numidae
1277 760 1463 805 dicantur,
1494 761 1584 796 dum
1613 761 1652 797 in

240 836 505 872 Romanorum
545 838 694 879 tergum
736 836 773 866 et
810 830 931 866 latera
974 830 1185 874 incursent,
1236 842 1300 865 eos
1336 830 1507 866 adsecuti
1556 843 1650 876 esse,

241 904 343 952 quod
381 903 581 939 ridiculum
627 908 693 939 est.
772 901 873 937 Nam
908 913 1023 948 quum
1055 901 1271 945 Romanos,
1318 900 1382 947 qui
1413 901 1651 949 aliquantum

240 974 355 1023 spatii
385 979 674 1022 praeceperant,
706 971 877 1007 adsecuti
908 977 1052 1015 essent,
1090 976 1169 1006 tum
1203 970 1353 1006 demum
1387 971 1583 1007 incursare
1614 970 1653 1006 in

243 1058 308 1082 eos
340 1050 557 1092 coeperunt.
617 1043 755 1090 Itaque
785 1041 1094 1078 incursantes
1125 1053 1210 1076 cum
1240 1040 1315 1076 alio
1346 1042 1465 1077 verbo
1497 1040 1652 1076 coniun-

198 1116 200 1118 ’
240 1115 407 1163 gendum
440 1120 507 1158 est,
540 1126 615 1161 quo
647 1112 802 1148 effectus
832 1111 1102 1147 inem-sationis
1119 1111 1364 1159 significetur.
1429 1111 1475 1147 Id
1491 1112 1652 1147 verbum

241 1184 506 1220 nanciscemur
536 1183 741 1230 omniaque
771 1188 862 1230 apta
892 1194 1069 1229 nexaque
1100 1181 1307 1217 efficiemus
1338 1193 1414 1216 una
1427 1180 1555 1216 littera
1570 1193 1654 1216 mu-

239 1261 341 1291 tata:
374 1256 501 1290 Ante
528 1260 718 1289 noctem
750 1251 971 1288 adsecuti
1003 1252 1232 1297 (Romanos)
1263 1251 1496 1295 Numidae,
1530 1262 1654 1286 nunc

242 1326 298 1362 ab
325 1331 463 1373 tergo
484 1335 604 1359 nunc
634 1323 680 1358 in
711 1322 874 1358 latera
904 1322 1215 1358 incursantes
1247 1321 1519 1358 consistere
1551 1322 1654 1360 coi}-

242 1401 415 1447 gerunt
445 1407 495 1430 ac
525 1393 681 1429 tutari
713 1404 893 1440 agmen.
967 1390 1143 1440 Coepit
1182 1391 1351 1441 (cepit)
1394 1403 1464 1438 pro
1496 1390 1655 1438 coegit

241 1467 280 1502 in
310 1467 343 1503 P
376 1471 410 1501 et
445 1464 638 1513 plerisque
669 1462 752 1498 aliis
783 1463 965 1511 scriptum
998 1468 1052 1498 est
1084 1462 1197 1498 etiam
1231 1463 1393 1507 XXIX,
1426 1463 1490 1505 29,
1522 1462 1558 1505 9,
1588 1461 1654 1497 sed

243 1544 393 1573 mature
423 1541 646 1571 correctum.
732 1535 889 1577 Restat,
934 1532 972 1568 in
1011 1544 1086 1579 quo
1117 1533 1193 1568 iam
1226 1532 1429 1569 Creverius
1459 1544 1656 1580 nuperque

243 1605 583 1643 'Weissenbornius
613 1605 827 1647 haeserunt,
857 1603 949 1639 illud
980 1609 1082 1638 tuto
1117 1609 1165 1638 ut
1195 1603 1335 1639 simul
1372 1608 1656 1651 pugnarent,

242 1678 308 1714 ubi
333 1689 409 1713 non
440 1675 562 1712 solum
595 1686 874 1723 supervacuum
908 1680 963 1709 est
994 1679 1098 1708 tuto
1131 1674 1191 1713 (eo
1224 1673 1338 1709 etiam
1368 1672 1454 1708 loco
1477 1672 1657 1720 positum,

245 1748 355 1797 quasi
386 1748 423 1783 in
455 1759 499 1782 eo
531 1746 681 1794 pondus
698 1744 893 1781 sententiae
910 1744 1103 1792 singulare
1124 1742 1201 1790 sit),
1225 1742 1290 1778 sed
1306 1742 1658 1790 perversissimum3

244 1832 369 1867 neque
399 1817 498 1853 enim
529 1816 566 1851 in
598 1827 747 1851 Summo
780 1815 949 1863 periculo
981 1815 1140 1858 milites,
1185 1820 1223 1848 ut
1255 1819 1336 1848 tuto
1366 1818 1556 1861 pugnent,
1591 1825 1654 1848 co-

245 1888 426 1926 hortandi
457 1892 563 1930 sunm
603 1898 837 1934 quamquam
878 1886 967 1933 quid
1012 1869 1170 1921 &Mum
1201 1894 1374 1930 pugnare
1407 1883 1469 1926 (de
1501 1882 1659 1930 singulis

247 1959 470 2006 militibus),
514 1968 672 2005 prorsus
711 1957 852 1993 nescio.
932 1956 1008 1993 Sed
1039 1954 1147 1991 salva
1187 1965 1248 1989 res
1279 1959 1346 1990 est.
1409 1952 1660 1989 scribendum

249 2031 348 2067 enim
378 2029 573 2066 lenissima
589 2027 818 2063 mutatione:
850 2026 1092 2073 Quantum
1124 2029 1324 2072 possent
1354 2029 1522 2066 tamen,
1554 2022 1661 2066 niti,

247 2108 297 2137 ut
334 2099 475 2136 simul
520 2103 796 2147 pugnarent
841 2096 1275 2145 procederentque,
1306 2092 1470 2141 Scipio
1500 2093 1661 2128 horta-

248 2172 407 2207 batur.
482 2169 566 2205 Iam
611 2168 850 2217 aptissimum
889 2167 1003 2203 etiam
1044 2165 1136 2201 illud
1180 2165 1229 2200 ad
1266 2162 1454 2199 nitendi
1483 2162 1661 2197 verbum:

252 2247 479 2288 quantum
511 2243 723 2286 possent.
786 2235 943 2285 Syllaba
975 2236 1019 2271 ni
1051 2237 1098 2272 ob
1129 2234 1347 2284 praecedens
1378 2244 1400 2270 u
1431 2232 1583 2275 hausta,
1615 2244 1664 2267 ex

248 2311 344 2346 tiut
375 2307 604 2358 geminando
639 2314 763 2343 ortum
795 2313 898 2342 tuto
930 2313 1000 2348 ut;
1040 2317 1274 2353 quamquam
1306 2303 1419 2339 etiam
1449 2314 1518 2350 per
1548 2314 1589 2338 se
1618 2301 1664 2337 ni

250 2381 289 2417 in
318 2387 367 2416 tu
398 2379 560 2415 transire
591 2384 754 2426 poterat,
786 2384 827 2413 ut
857 2389 888 2416 c.
922 2379 985 2421 20,
1019 2378 1054 2413 5.

363 2448 458 2497 Cap.
493 2451 566 2492 36,
612 2450 656 2484 10
697 2445 764 2497 (de
800 2446 943 2483 Poenis
982 2458 1052 2495 per
1093 2445 1263 2480 obiectas
1305 2456 1329 2479 a
1366 2442 1553 2479 Romanis
1592 2454 1663 2490 pro

251 2520 355 2556 vallo
380 2519 539 2555 clitellas
579 2530 665 2554 cum
695 2517 874 2553 oneribus
903 2517 1007 2552 viam
1038 2515 1111 2552 sibi
1141 2513 1409 2557 facientibus):
1439 2512 1661 2549 Ceterum

253 2602 405 2638 neque
439 2587 694 2625 transilire
736 2599 820 2623 nec
863 2587 1025 2623 moliri
1056 2597 1207 2622 onera
1244 2584 1438 2620 obiecta
1468 2594 1551 2619 nec
1581 2594 1667 2618 cae-

253 2661 366 2696 dere
403 2659 620 2707 stipatas
663 2656 881 2693 clitellas
929 2656 1156 2704 ipsisque
1205 2655 1408 2691 obrutas
1454 2651 1667 2688 sarcinis
