1811 2925
278 148 356 181 Lib.
381 147 496 179 XXII.
898 148 975 184 244

234 270 492 318 (abieram)
523 271 614 307 iam
645 276 689 306 et
718 274 856 305 tanta
885 268 1141 316 paucitate
1170 269 1254 305 vix
1285 276 1466 312 castra,
1497 267 1535 304 si
1565 280 1644 316 op-

234 347 592 392 pugnarentur,
626 340 778 377 tutari
815 344 1021 387 poterat.
1087 339 1284 387 Iamque
1323 340 1513 376 artibus
1550 339 1644 375 Fa-

235 413 324 457 bii,
354 412 564 448 sedendo
595 416 639 447 et
669 409 960 454 cunctando,
998 408 1177 446 bellum
1206 412 1410 458 gerebat
1451 416 1520 448 cet.
1579 410 1644 446 Ex

235 485 327 521 iam
359 488 402 519 et
433 482 513 526 (vel
542 482 632 518 iam
645 495 677 527 e,
705 482 845 517 hausta
862 485 1036 516 extrema
1060 479 1200 525 littera,
1228 482 1330 529 quod
1351 482 1484 518 eadem
1506 493 1642 529 seque-

236 555 364 600 batur)
394 553 624 601 geminando
666 558 791 588 ortum
835 551 987 587 videtur
1016 551 1252 588 iamfame.
1324 552 1400 589 Sed
1440 552 1520 588 haec
1551 551 1645 587 mihi

235 626 333 661 inter
361 624 525 660 incertas
556 623 722 672 suspicio
753 622 881 671 posita
911 619 1016 669 sit.¹)

345 695 439 731 *De
465 695 622 743 cap.28,
640 697 661 731 4
696 694 837 730 dictum
857 700 914 729 est
943 705 1060 742 supra
1091 694 1233 742 p.200.
1294 695 1339 730 In
1356 694 1490 730 eodem
1521 693 1647 741 capite

234 765 351 815 paulo
372 770 461 813 post
492 767 547 811 (9,
578 765 625 801 de
654 764 1038 812 Minucio,magistro
1061 763 1250 814 equitum)
1276 765 1416 802 editur:
1446 765 1501 801 ad
1517 777 1646 800 arma

235 843 380 874 vocat
420 842 464 873 et
493 837 630 873 vanis
670 835 841 873 animis
873 841 917 871 et
947 835 1085 871 minis
1117 835 1342 884 increpat
1373 836 1576 880 hostem,
1606 835 1645 871 in

237 908 431 945 codicibus
476 907 642 955 antiquis
687 905 791 953 (PC)
836 912 909 942 est:
954 912 999 943 et
1036 906 1173 943 vanis
1204 907 1378 943 animis
1423 913 1466 942 et
1494 906 1649 942 nimis.

238 979 315 1017 Sed
344 991 468 1027 neque
496 978 612 1014 vani
642 976 786 1013 animi
818 977 865 1014 de
883 990 957 1014 uno
975 978 1128 1014 homine
1150 984 1251 1014 recte
1272 977 1448 1014 dicuntur
1470 978 1537 1024 (—
1556 989 1645 1012 nam

235 1050 375 1099 plurali
408 1050 519 1087 huius
549 1048 732 1093 nominis,
784 1060 898 1096 quum
940 1049 986 1085 de
1025 1048 1205 1097 superbia
1242 1048 1420 1097 ponitur,
1457 1048 1647 1084 adiectiva

239 1121 426 1158 eiusmodi
442 1132 637 1168 nunquam
659 1119 918 1167 adiunguntur
933 1119 981 1154 ad
1003 1131 1122 1167 genus
1143 1119 1329 1168 superbiae
1343 1118 1645 1166 notandum,—)

239 1205 383 1240 neque,
414 1191 738 1240 quemadmodum
768 1189 933 1233 minis,
978 1202 1062 1237 quae
1092 1196 1179 1226 sunt
1217 1190 1255 1226 in
1288 1190 1440 1235 verbis,
1481 1189 1648 1237 aliquem

238 1263 492 1311 increpamus,
534 1263 624 1298 item
656 1261 841 1298 animis.
902 1262 1020 1297 Recte
1050 1260 1088 1296 in
1122 1261 1374 1297 deterioribus
1406 1260 1551 1308 aliquot
1581 1272 1650 1296 co-

240 1334 386 1370 dicibus
418 1333 570 1381 (Voss,
616 1334 770 1377 Haun.,
806 1331 965 1369 Gaertn.
1010 1332 1113 1380 apud
1143 1331 1527 1372 Drakenborchium)
1559 1343 1651 1367 con-

239 1405 386 1441 iectura
414 1403 631 1440 restitutum
679 1408 754 1439 est:
797 1408 840 1438 et
876 1402 1014 1438 vanis
1045 1402 1186 1438 minis
1216 1402 1450 1450 increpat.
1522 1401 1649 1449 Quum

240 1476 339 1512 enim
385 1475 423 1512 in
460 1475 590 1511 codice
621 1474 829 1522 archetypo
866 1472 972 1521 (ante
1006 1474 1053 1519 P,
1098 1480 1139 1509 ut
1182 1473 1335 1522 opinor)
1384 1485 1454 1521 pro
1503 1472 1653 1508 minis

241 1548 324 1593 (aut
352 1545 506 1591 nimiS,
537 1545 568 1581 si
599 1545 676 1581 iam
705 1544 760 1581 ita
792 1545 1011 1581 aberratum
1043 1545 1140 1592 erat)
1179 1544 1305 1581 scriba
1334 1543 1524 1592 posuisset
1555 1542 1651 1578 ani-

265 1751 298 1795 1)
334 1752 415 1795 Cap.
442 1757 501 1792 25,
535 1758 554 1785 3
581 1754 771 1786 necessario
805 1754 999 1795 reponenda
1035 1759 1103 1791 est,
1144 1762 1245 1793 quam
1275 1751 1464 1784 Gronovius
1508 1759 1653 1790 cumque

335 1817 440 1848 secuti
469 1817 567 1847 ceteri
593 1816 809 1856 expulerunt,
835 1821 929 1847 vetus
954 1815 1068 1846 neseio
1096 1815 1188 1846 euius
1215 1813 1421 1844 emendatio:
1448 1812 1489 1842 id
1516 1812 1653 1842 enim—

335 1889 433 1910 vero
475 1877 695 1909 ferendum
730 1888 809 1919 pro:
857 1878 896 1907 id
931 1877 1041 1907 enim
1078 1876 1316 1913 ferendum3
1376 1874 1502 1904 excidit
1547 1882 1651 1904 vcro

335 1946 413 1971 ante
439 1940 544 1972 fere.
610 1938 708 1977 Quod
734 1937 926 1970 Gronovius
959 1939 1071 1969 enirn
1103 1938 1302 1979 particulam
1337 1946 1398 1977 pro
1435 1936 1651 1966 adversativa

334 2003 480 2044 positam
512 2006 609 2041 putat
631 2000 745 2031 Plauti
771 2001 950 2042 exemplo⁷
976 2001 1060 2032 nihil
1080 2001 1133 2031 hic
1160 1999 1359 2030 adversativi
1393 2002 1460 2035 θεῖς
1488 2007 1553 2038 quo
1582 1997 1652 2036 sig-

335 2065 473 2096 nificatu
496 2064 529 2095 h.
556 2063 578 2094 1.
605 2062 767 2104 accipitur
801 2063 908 2094 enim
934 2063 984 2103 (in
1020 2062 1208 2093 vehementi
1245 2060 1489 2100 indignabundi
1531 2059 1651 2090 confir-

336 2125 516 2166 matione),
544 2134 708 2166 nusquam
734 2125 878 2164 positum
915 2131 1007 2166 puto,
1050 2135 1069 2156 a
1102 2124 1187 2155 Livii
1226 2123 1411 2163 :equalibus
1451 2126 1541 2154 certo
1580 2121 1654 2152 scio

337 2199 405 2220 non
443 2189 489 2219 ita
529 2187 630 2228 poni,
675 2186 913 2227 propriumque
954 2197 1026 2218 csse
1062 2187 1278 2218 enimvero
1321 2186 1376 2223 (id
1417 2184 1650 2221 enimvero,

337 2256 420 2282 tum
461 2248 705 2289 enimvero).
774 2248 873 2286 Quod
910 2248 1033 2289 ellipsis
1065 2253 1356 2285 commemoratur,
1387 2246 1562 2286 adscriptis
1589 2245 1650 2275 du-

337 2313 422 2344 obus
456 2310 540 2342 Livii
575 2310 674 2347 loeis,
700 2309 788 2347 VII,
816 2313 876 2346 32,
909 2313 947 2340 13
982 2315 1014 2339 ct
1038 2310 1106 2349 ΙΙΙ,
1134 2314 1200 2347 39,
1236 2311 1270 2341 in
1304 2310 1413 2350 priore
1440 2307 1562 2339 enim‘
1590 2316 1653 2347 po-

337 2375 426 2405 nitur
462 2373 639 2404 notissimo
675 2383 738 2404 usu
775 2373 809 2402 in
846 2371 1105 2412 respondendo,
1138 2372 1264 2403 omissa
1308 2370 1535 2401 affirmatione
1573 2368 1650 2410 (ja,

339 2436 447 2466 denn
489 2435 593 2474 cct.),
626 2435 661 2465 in
699 2435 806 2465 altero
841 2443 909 2464 non
950 2433 1060 2464 minus
1101 2435 1224 2464 usitate
1260 2433 1394 2474 ponitur
1434 2432 1467 2462 in
1509 2431 1653 2461 interro-

339 2497 475 2538 gando,
502 2502 540 2526 ut
564 2496 787 2537 significetur,
815 2496 856 2526 (le
883 2505 987 2526 causa
1012 2500 1043 2526 et
1071 2495 1199 2526 ratione
1228 2494 1316 2531 cius,
1355 2493 1444 2534 quod
1470 2493 1650 2533 praeeedat,

338 2559 537 2598 interrogari
565 2559 664 2599 (was
690 2559 843 2589 hatten
869 2557 901 2588 si
928 2557 1146 2595 denn—?).
1204 2555 1393 2594 Utrumque
1419 2555 1461 2585 ab
1480 2554 1513 2584 h.
1528 2554 1549 2585 1.
1569 2553 1651 2584 alie—

339 2620 515 2651 nissimum
542 2625 601 2651 est.
660 2620 905 2657 (Enimvero
927 2618 1142 2649 scribendum
1170 2627 1252 2656 esse,
1274 2617 1359 2647 vidit
1377 2616 1476 2647 etiam
1495 2614 1652 2652 Wexius,

338 2682 426 2713 Mus.
458 2681 521 2712 Rh.
548 2680 630 2718 XII,
659 2684 723 2711 632
762 2690 858 2711 novae
885 2678 1009 2721 seriei.)
