1811 2925
821 120 898 156 525
1368 117 1442 148 Lib.
1458 116 1572 147 XLII.

148 247 237 283 mie
281 246 319 281 in
357 244 489 281 codice
537 250 594 280 est
633 244 797 285 exine,
841 242 914 277 hoc
952 246 1009 276 est
1039 241 1199 285 enixe,
1248 251 1388 287 magno
1434 239 1574 275 studio.

150 317 252 353 Nam
307 314 486 352 eximie
539 311 836 361 promittere,
882 311 984 358 quod
1027 311 1114 347 hinc
1154 311 1191 346 in
1231 310 1363 346 lexicis
1407 308 1574 358 ponitur,

157 386 251 423 nihil
285 394 354 424 est.

260 455 355 505 Cap.
390 457 468 497 30,
507 458 517 491 l
557 454 639 502 (ubi
670 453 796 501 agitur
823 451 872 487 de
901 451 1035 487 habitu
1075 451 1292 487 animorum
1330 450 1368 486 in
1408 449 1574 492 Graecia,

148 527 313 563 instante
343 525 443 561 bello
476 525 573 561 inter
602 526 800 561 Romanos
832 528 869 558 et
898 522 1060 569 Persea)
1091 522 1129 558 in
1152 522 1283 558 codice
1302 521 1357 557 sie
1374 520 1572 556 scribitur:

148 598 193 633 in
233 596 375 632 liberi
407 596 490 643 (sie)
537 594 764 644 gentibus
806 593 1107 641 populisque
1156 604 1264 640 gens
1311 591 1481 638 ubique
1519 589 1575 637 (in

149 666 277 703 editis:
310 666 449 715 plebs
480 665 673 713 ubique)
705 663 855 700 omnis
889 663 1282 707 fe1-me‚uts01et,
1318 660 1575 698 deteriori-

148 739 236 773 bus
266 743 375 773 erat
407 736 465 772 ob
504 747 661 783 regem
701 733 1094 781 Macedonasque
1130 733 1380 770 inclinata.
1474 730 1576 768 Scri-

152 807 318 844 bendum
337 806 549 854 estigitur:
581 805 625 841 in
656 804 825 840 liberis
851 804 1086 852 gentibus
1109 804 1576 855 populisqueegens

151 877 331 924 ubique
364 873 664 926 [multitudo]
705 874 859 910 omnis
890 874 1062 920 ferme,
1095 881 1145 911 ut
1175 874 1320 919 solet,
1365 874 1576 910 deterio-

148 959 247 983 rum
281 945 420 992 (Gron.
451 945 734 987 deterioris)
767 951 883 989 erat,
918 945 975 980 ad
1005 958 1167 994 regem
1186 945 1577 993 Macedonasque

151 1017 398 1053 inclinata.
486 1015 638 1052 Deinde
673 1018 691 1060 §
728 1018 773 1059 4,
818 1016 883 1052 ubi
923 1016 961 1051 in
992 1016 1099 1053 libris
1133 1017 1242 1053 editis
1289 1016 1343 1053 sic
1377 1015 1577 1052 scribitur:

149 1099 266 1135 pars
299 1086 459 1122 altera
490 1086 635 1134 regiae
675 1086 980 1123 adulationis
1012 1097 1136 1135 erat,
1181 1103 1300 1138 quos
1341 1086 1441 1135 (cod.
1475 1084 1576 1134 qus)

149 1169 207 1194 aes
254 1157 464 1193 alienum
510 1162 555 1192 et
606 1156 894 1204 desperatio
939 1171 1098 1197 rerum
1143 1172 1366 1199 suarum,
1412 1157 1578 1194 eodem

151 1233 376 1264 manente
406 1233 564 1271 statu,
608 1226 888 1275 praecipites
919 1227 975 1263 ad
1006 1231 1236 1267 novanda
1270 1229 1431 1266 omnia
1473 1240 1578 1275 agc-

151 1299 257 1340 bat3
309 1298 539 1345 quosdam
582 1303 836 1333 ventosum
887 1297 1158 1346 ingenium,
1211 1301 1323 1348 quia
1362 1301 1578 1337 Perseus

151 1367 305 1416 magis
338 1380 463 1403 aurae
493 1367 751 1416 popularis
783 1374 910 1411 erat,
952 1370 1118 1417 primum
1156 1371 1403 1407 incommoda
1434 1375 1491 1405 est
1520 1380 1579 1403 re-

153 1438 274 1474 lativa
308 1437 493 1474 orationis
523 1437 669 1480 forma,
714 1450 798 1485 quae
827 1438 939 1483 facit,
989 1447 1031 1476 ut
1060 1448 1171 1489 putes
1201 1441 1316 1489 rcgiae
1347 1439 1579 1476 adulationis

155 1515 304 1556 partem
342 1507 504 1544 alteram
537 1521 560 1544 a
589 1508 718 1555 priore
748 1510 922 1557 separari
965 1511 1054 1557 (etsi
1096 1511 1145 1546 ad
1182 1511 1356 1559 regulam
1396 1517 1475 1546 tum
1507 1509 1580 1545 dici

154 1577 345 1614 debebat:
386 1585 536 1622 e1·ant‚
576 1579 736 1626 quos),
770 1592 886 1627 quum
918 1581 999 1617 haec
1030 1581 1078 1616 sit
1108 1581 1318 1623 sententia,
1350 1581 1511 1616 alteram
1542 1579 1580 1615 in

154 1647 375 1683 civitatibus
405 1647 612 1685 factionem
645 1660 693 1684 ex
735 1649 955 1686 adulatione
985 1651 1093 1699 regia
1133 1651 1366 1695 constitisse;
1411 1664 1481 1687 nec
1512 1663 1580 1698 op-

155 1717 247 1753 time
294 1717 460 1766 primum
505 1718 616 1766 quasi
657 1718 704 1755 de
735 1718 912 1755 omnibus
956 1721 1112 1768 ponitur
1157 1734 1297 1769 quos,
1347 1722 1484 1758 deinde
1514 1733 1580 1756 ex-

154 1786 346 1835 cipiuntur
385 1788 558 1824 nonnulli
590 1788 866 1836 (quosdanu
909 1798 1109 1839 exspectes
1150 1792 1309 1828 saltem:
1348 1791 1579 1839 quosdam

154 1857 327 1902 etiam).
396 1858 615 1894 Videndum
646 1858 780 1906 igitur,
827 1872 875 1895 ne
916 1860 1051 1897 Livius
1094 1862 1150 1898 ita
1199 1861 1413 1910 scripserit:
1457 1861 1580 1897 Pars

155 1928 313 1964 altera
362 1929 506 1977 regiae
549 1929 854 1966 adulationis
886 1937 1007 1975 erat;
1055 1932 1250 1984 aliquos
1288 1929 1476 1977 (alios‘?)
1523 1942 1580 1965 aes

155 1997 365 2033 alienum
408 2004 453 2034 et
502 1999 789 2048 desperatio
952 2003 1155 2050 agebat,
1202 2001 1435 2050 quosdam
1474 2012 1580 2035 ven-

155 2075 313 2104 tosum
346 2068 597 2117 ingenium
630 2077 700 2109 etc,
773 2070 856 2106 Ali
887 2071 1066 2108 haustum
1100 2072 1251 2108 videtur
1280 2072 1330 2108 ob
1361 2070 1580 2119 praecedens

156 2144 203 2173 at
234 2136 388 2186 (erat).
465 2140 542 2176 Sed
586 2146 670 2176 utut
698 2140 772 2176 hoc
801 2140 1056 2185 iudicabitur,
1107 2148 1281 2177 extrema
1312 2140 1465 2188 quidem
1495 2151 1580 2175 sen-

156 2207 283 2243 tentiae
313 2220 404 2256 pars
434 2209 575 2246 vitiosa
606 2217 679 2254 est3
711 2223 801 2246 nam
826 2223 954 2247 aurae
979 2211 1237 2260 popularis
1269 2222 1376 2247 esse
1407 2209 1580 2261 (magis

251 2408 392 2438 rumque
419 2406 503 2429 erat.
552 2399 635 2430 Post
662 2402 832 2432 scelere
858 2412 926 2433 nou
953 2403 1000 2434 ita
1015 2402 1199 2433 difficulter
1223 2402 1374 2433 Persei
1401 2400 1580 2441 depravari

251 2459 371 2499 potuit.
447 2459 611 2491 Extremo
638 2462 745 2502 capite
774 2464 856 2503 (l2:
899 2463 1159 2504 Odrysarum
1195 2473 1267 2493 rex
1293 2469 1334 2494 et
1359 2463 1407 2492 ad
1444 2461 1581 2492 Maee-

251 2520 408 2551 donum
437 2523 574 2561 partis
605 2529 713 2561 erat;
759 2525 806 2555 sic
833 2524 923 2555 enim
956 2525 990 2555 in
1021 2524 1138 2555 codiee
1164 2524 1338 2564 sciibitur)
1371 2524 1452 2563 quid
1476 2523 1582 2553 lateat

250 2581 283 2611 in
309 2587 352 2612 et
378 2582 437 2619 ad,
472 2584 607 2620 ncsciog
645 2584 723 2615 iam
751 2595 819 2616 non
844 2586 969 2616 subest.
1021 2586 1098 2625 (Ad
1136 2585 1240 2617 Mac.
1286 2590 1434 2625 partes
1469 2584 1580 2614 ierat

252 2651 360 2682 neque
385 2643 544 2675 Latinum
566 2653 675 2685 neque.
702 2652 816 2685 aptum
843 2651 917 2686 est).
