1811 2925
260 175 333 208 Lib.
367 175 431 206 111.
894 173 943 210 84

213 297 494 337 excursioni
525 296 698 343 (active),
717 307 847 331 omnes
878 294 958 330 fere
975 295 1217 339 confitentur;
1247 295 1313 331 sed
1336 294 1438 343 quod
1460 292 1625 329 Dukero-

214 371 396 407 suadente
413 367 709 404 sufficiendo
725 365 963 401 intransitive
981 365 1026 401 de
1044 365 1136 414 ipsis
1155 365 1335 402 militibus
1353 363 1620 400 excursionum

214 440 337 478 labori
375 445 410 475 et
443 437 611 487 periculo
643 435 917 473 sufficientibus
949 435 1154 484 accipitur,
1197 449 1272 472 non
1310 435 1433 472 solum
1471 447 1539 482 per
1581 445 1621 469 se

213 511 413 548 durissime
444 508 618 557 gerundii
651 506 841 544 ablativus
880 506 928 541 ad
955 506 1144 543 obiectum
1175 507 1369 543 sententiae
1400 505 1533 542 activae
1562 517 1622 540 re-

214 584 335 619 fertur
377 581 489 628 (alius
531 578 629 614 enim
658 578 807 626 generis
847 582 957 621 sunt,
1003 589 1086 624 quae
1125 576 1459 613 Weissenbornius
1503 572 1622 622 citat),

215 654 279 689 sed
324 661 484 701 prorsus
533 648 667 685 evertit
716 648 821 684 illum
862 647 1137 695 interpretandi
1178 652 1356 683 conatum
1403 645 1660 681 adiunctum·

214 722 520 773 proeliisque
558 719 866 767 experiundo.
922 718 1039 754 Venit
1068 716 1106 752 in
1137 722 1312 761 mentem,
1345 716 1496 752 Livium
1529 715 1622 751 scri-

214 796 305 830 bere
346 792 518 842 potuisse
549 789 924 826 excursionibus
955 787 1244 835 subigendo,
1293 788 1366 823 hoc
1397 792 1474 831 est,
1515 799 1624 822 exer-

216 865 364 901 cendo
399 868 435 898 et
465 861 652 905 durando,
688 858 1009 907 quemadmodum
1041 858 1212 894 homines
1244 857 1432 894 subacti
1464 870 1514 893 ac
1549 858 1624 893 du-

215 935 309 972 rati
347 932 490 970 bellis
531 932 707 968 dicuntur
736 930 869 975 XLII,
905 931 968 966 52.

338 1004 433 1054 Cap.
466 1005 528 1047 62,
561 1004 582 1039 3
616 1002 671 1049 (in
706 1000 879 1037 oratione
902 998 1057 1036 Horatii
1087 998 1252 1034 consulis
1282 998 1330 1033 ad
1361 999 1514 1045 milites)
1545 998 1626 1034 edi—

217 1085 278 1113 tur
317 1089 415 1112 nune
453 1073 680 1111 auctoritate
718 1071 890 1107 codicum
930 1070 1029 1106 RM:
1060 1070 1106 1105 id
1148 1069 1345 1105 consilii
1377 1070 1626 1118 animique

218 1148 472 1184 habiturus
500 1158 622 1188 sum,
666 1142 789 1190 quod
835 1142 892 1190 (M
924 1141 1056 1188 quos)
1102 1151 1188 1174 vos
1230 1138 1408 1176 milites
1439 1141 1624 1189 geritis.

219 1218 366 1256 Omitto
397 1218 547 1253 inanem
578 1213 842 1263 repetitionem
863 1212 968 1247 vocis
999 1211 1178 1247 milites
1210 1210 1315 1258 (post
1337 1214 1354 1255 ξ
1379 1212 1399 1246 2
1421 1223 1517 1256 νος,
1550 1212 1626 1247 mi—

219 1290 369 1335 lites);
399 1286 597 1323 molestior
627 1290 683 1320 est
711 1283 884 1331 pravitas
915 1282 1115 1330 temporis3
1147 1281 1399 1329 nequeenim
1429 1294 1512 1317 cum
1544 1283 1627 1317 ha-

220 1360 319 1396 bitu
332 1371 412 1395 rus
457 1369 554 1393 sum
593 1354 769 1391 convenit
799 1353 992 1401 geritis;
1024 1353 1090 1388 sed
1120 1353 1238 1388 multo
1269 1353 1424 1400 gravius
1456 1358 1511 1388 est
1541 1365 1627 1388 ora-

220 1429 334 1466 tionis
365 1434 401 1464 et
431 1427 625 1463 sententiae
654 1425 806 1468 vitium3
844 1436 933 1459 nam
973 1423 1243 1471 (praeterquam
1276 1424 1379 1471 quod
1417 1423 1536 1459 idem
1569 1423 1628 1459 di-

219 1501 378 1537 cendum
411 1499 507 1546 erat)
558 1510 680 1544 neque
726 1494 932 1531 consiliu
945 1507 980 1529 m
1012 1494 1198 1541 geritur
1227 1507 1350 1542 neque
1380 1494 1512 1529 consul
1540 1494 1626 1530 Ro-

218 1583 354 1607 manus
391 1581 560 1617 unquam
592 1567 760 1603 dicturus
792 1571 894 1610 erat,
925 1577 966 1600 se
993 1564 1031 1600 id
1063 1565 1209 1601 consilii
1239 1565 1477 1609 habiturum,
1525 1564 1627 1612 quod

219 1641 357 1677 milites
397 1641 477 1676 sive
507 1643 681 1687 gererent
724 1636 803 1672 sive
843 1637 1040 1672 haberent.
1122 1636 1255 1672 Livius
1286 1636 1452 1684 scripsit:
1502 1635 1627 1683 quod

219 1725 303 1748 vos
334 1711 448 1747 mihi
489 1708 729 1752 feceritis,
769 1708 841 1743 hoc
872 1713 946 1751 est,
978 1706 1080 1754 quod
1112 1706 1322 1743 intellectus
1355 1712 1391 1742 et
1420 1706 1627 1742 {estimatus

220 1789 434 1819 vestrorum
465 1781 678 1817 animorum
709 1779 864 1815 habitus
895 1778 986 1814 mihi
1016 1777 1088 1825 ipsi
1108 1777 1319 1814 subiecerit.
1358 1778 1418 1813 Ea
1438 1776 1628 1824 scriptura

218 1853 382 1902 primum
400 1851 626 1900 permutatis
643 1850 777 1885 litteris
808 1862 827 1888 c
844 1856 880 1885 et
898 1862 920 1900 g
952 1852 1016 1889 (ex
1030 1860 1105 1895 quo
1122 1848 1327 1896 saepissime
1345 1846 1628 1883 confunduntur

219 1923 307 1971 egi„
339 1923 441 1967 ieci,
471 1922 580 1970 legi,
611 1921 726 1963 feci,
767 1920 918 1963 similia)
953 1919 1086 1955 leviter
1124 1925 1304 1967 corrupta
1342 1924 1412 1962 est3
1464 1917 1550 1953 dein
1583 1916 1627 1953 fe

221 2007 305 2029 cum
335 1993 447 2029 mihi
478 1992 631 2037 coaluit,
676 1998 716 2027 ut
745 1990 922 2026 milites
953 1995 1210 2025 nascerentur.
1269 1990 1313 2025 In
1345 1988 1474 2025 codice
1495 1988 1627 2024 arche-

220 2071 311 2113 typo
346 2063 573 2111 scripturam
605 2063 824 2110 ambiguam
858 2060 986 2105 fuisse,
1005 2065 1111 2107 patet
1127 2072 1174 2095 ex
1191 2073 1248 2104 eo,
1281 2059 1382 2107 quod
1413 2059 1449 2095 in
1468 2059 1525 2095 Ll
1552 2065 1624 2094 est:

222 2135 347 2182 quod
376 2146 460 2169 uos
499 2133 612 2169 mihi
649 2132 928 2181 tetegeritis
972 2132 1061 2173 (non
1092 2129 1264 2179 profecto
1303 2129 1527 2177 corrigendo
1558 2142 1629 2165 na-

221 2213 312 2249 tum,
343 2204 409 2239 sed
442 2203 598 2251 propius
629 2203 753 2251 primo
791 2203 928 2240 mendo
958 2201 1072 2237 mihi
1108 2200 1372 2248 fegeritis),
1410 2200 1447 2235 in
1493 2200 1554 2235 Hl
1591 2205 1627 2235 et.

222 2275 322 2311 aliis:
356 2274 479 2322 quod
508 2286 592 2309 uos
624 2274 872 2321 tegeritis,
911 2272 1051 2308 omisso
1091 2271 1221 2315 mihi;
1251 2271 1287 2306 in
1320 2270 1499 2307 Parisino
1543 2265 1627 2305 fue-

222 2346 334 2382 ritne:
367 2345 489 2393 quod
520 2357 604 2380 uos
635 2345 749 2380 mihi
780 2342 1068 2387 effeceritis,
1103 2343 1259 2378 dubium
1289 2341 1457 2384 videtui-3
1486 2339 1525 2375 in
1555 2339 1627 2375 ali-

223 2423 316 2464 quot
347 2415 599 2451 deterioribus
639 2416 769 2461 (Voss.
804 2415 849 2458 2,
879 2412 988 2449 Harl.
1023 2414 1066 2458 2,
1108 2412 1246 2460 fragm.
1293 2413 1418 2456 Hav.,
1452 2410 1628 2455 Gaertn„

223 2487 381 2531 Kloek.,
431 2486 538 2523 Port.
574 2486 687 2534 apud.
718 2482 863 2533 Drak.)
894 2496 939 2519 ea
975 2483 1164 2532 scriptura
1195 2489 1271 2527 est,
1311 2481 1548 2525 coniectura,
1586 2486 1627 2515 ut

223 2557 370 2605 opinor,
400 2556 568 2601 inventa,
596 2555 747 2592 veritati
777 2555 973 2603 proxima3
1002 2554 1126 2602 ipsum
1157 2552 1379 2589 feceritis
1403 2549 1626 2588 Gronovius

223 2628 257 2663 in
289 2627 470 2665 Gudiano
502 2626 619 2662 fuisse
649 2626 738 2662 dicit
766 2638 835 2661 nec
856 2631 996 2670 tamen,
1027 2623 1131 2672 quod
1152 2623 1300 2667 mirere,
1316 2621 1446 2657 tenuit.
1487 2619 1629 2656 Facit
