<?xml version="1.0" encoding="UTF-8"?>
<!DOCTYPE html PUBLIC "-//W3C//DTD XHTML 1.0 Transitional//EN"
    "http://www.w3.org/TR/xhtml1/DTD/xhtml1-transitional.dtd">
<html xmlns="http://www.w3.org/1999/xhtml" xml:lang="en" lang="en">
 <head>
  <title>
</title>
<meta http-equiv="Content-Type" content="text/html;charset=utf-8" />
  <meta name='ocr-system' content='tesseract 3.04.00' />
  <meta name='ocr-capabilities' content='ocr_page ocr_carea ocr_par ocr_line ocrx_word'/>
</head>
<body>
  <div class='ocr_page' id='page_1' title='image "./emendationeslivi00madvuoft_0506.png"; bbox 0 0 1811 2925; ppageno 0'>
   <div class='ocr_carea' id='block_1_1' title="bbox 224 94 968 133">
    <p class='ocr_par' dir='ltr' id='par_1_1' title="bbox 224 94 968 133">
     <span class='ocr_line' id='line_1_1' title="bbox 224 94 968 133; baseline 0.009 -7"><span class='ocrx_word' id='word_1_1' title='bbox 224 94 299 126; x_wconf 84' lang='lat' dir='ltr'>Lib.</span> <span class='ocrx_word' id='word_1_2' title='bbox 326 94 420 125; x_wconf 91' lang='lat' dir='ltr'>XLI.</span> <span class='ocrx_word' id='word_1_3' title='bbox 891 98 968 133; x_wconf 90' lang='lat'>500</span> 
     </span>
    </p>
   </div>
   <div class='ocr_carea' id='block_1_2' title="bbox 220 217 1648 2545">
    <p class='ocr_par' dir='ltr' id='par_1_2' title="bbox 220 217 1648 2545">
     <span class='ocr_line' id='line_1_2' title="bbox 226 217 1646 267; baseline 0.002 -12"><span class='ocrx_word' id='word_1_4' title='bbox 226 219 337 267; x_wconf 88' lang='lat' dir='ltr'>quia</span> <span class='ocrx_word' id='word_1_5' title='bbox 362 231 452 254; x_wconf 93' lang='lat' dir='ltr'>non</span> <span class='ocrx_word' id='word_1_6' title='bbox 482 223 614 254; x_wconf 89' lang='lat' dir='ltr'>recte</span> <span class='ocrx_word' id='word_1_7' title='bbox 643 217 783 254; x_wconf 71' lang='lat' dir='ltr'>iactae</span> <span class='ocrx_word' id='word_1_8' title='bbox 810 217 999 255; x_wconf 85' lang='lat' dir='ltr'>Latinae</span> <span class='ocrx_word' id='word_1_9' title='bbox 1029 226 1203 265; x_wconf 75' lang='lat' dir='ltr'>essent,</span> <span class='ocrx_word' id='word_1_10' title='bbox 1232 220 1529 257; x_wconf 81' lang='lat' dir='ltr'><strong>instauratis</strong></span> <span class='ocrx_word' id='word_1_11' title='bbox 1560 222 1646 258; x_wconf 89' lang='lat' dir='ltr'>La-</span> 
     </span>
     <span class='ocr_line' id='line_1_3' title="bbox 224 287 1645 340; baseline 0.002 -15"><span class='ocrx_word' id='word_1_12' title='bbox 224 289 360 334; x_wconf 68' lang='lat' dir='ltr'>tinis,</span> <span class='ocrx_word' id='word_1_13' title='bbox 389 287 579 338; x_wconf 82' lang='lat' dir='ltr'>placuit</span> <span class='ocrx_word' id='word_1_14' title='bbox 609 289 915 335; x_wconf 76' lang='lat' dir='ltr'>Lanuvinos,</span> <span class='ocrx_word' id='word_1_15' title='bbox 948 302 1148 338; x_wconf 90' lang='lat' dir='ltr'>quorum</span> <span class='ocrx_word' id='word_1_16' title='bbox 1177 304 1327 340; x_wconf 89' lang='lat' dir='ltr'>opera</span> <span class='ocrx_word' id='word_1_17' title='bbox 1355 291 1645 328; x_wconf 78' lang='lat' dir='ltr'>instauratae</span> 
     </span>
     <span class='ocr_line' id='line_1_4' title="bbox 223 359 1647 411; baseline 0.001 -15"><span class='ocrx_word' id='word_1_18' title='bbox 223 360 328 405; x_wconf 89' lang='lat' dir='ltr'>(cod.</span> <span class='ocrx_word' id='word_1_19' title='bbox 360 359 650 405; x_wconf 88' lang='lat' dir='ltr'>instaurati)</span> <span class='ocrx_word' id='word_1_20' title='bbox 683 367 866 405; x_wconf 76' lang='lat' dir='ltr'>essent,</span> <span class='ocrx_word' id='word_1_21' title='bbox 896 361 1088 397; x_wconf 87' lang='lat' dir='ltr'>hostias</span> <span class='ocrx_word' id='word_1_22' title='bbox 1118 362 1348 410; x_wconf 81' lang='lat' dir='ltr'>praebere.</span> <span class='ocrx_word' id='word_1_23' title='bbox 1405 363 1545 411; x_wconf 85' lang='lat' dir='ltr'>Neque</span> <span class='ocrx_word' id='word_1_24' title='bbox 1581 362 1647 398; x_wconf 91' lang='lat' dir='ltr'>in-</span> 
     </span>
     <span class='ocr_line' id='line_1_5' title="bbox 225 431 1644 482; baseline 0.002 -15"><span class='ocrx_word' id='word_1_25' title='bbox 225 431 462 468; x_wconf 87' lang='lat' dir='ltr'>stauratis</span> <span class='ocrx_word' id='word_1_26' title='bbox 498 431 577 468; x_wconf 87' lang='lat' dir='ltr'>iam</span> <span class='ocrx_word' id='word_1_27' title='bbox 619 432 811 468; x_wconf 86' lang='lat' dir='ltr'>Latinis</span> <span class='ocrx_word' id='word_1_28' title='bbox 854 432 989 468; x_wconf 88' lang='lat' dir='ltr'>hostiae</span> <span class='ocrx_word' id='word_1_29' title='bbox 1017 432 1300 481; x_wconf 74' lang='lat' dir='ltr'>praebebantur,</span> <span class='ocrx_word' id='word_1_30' title='bbox 1342 434 1408 470; x_wconf 92' lang='lat' dir='ltr'>sed</span> <span class='ocrx_word' id='word_1_31' title='bbox 1440 447 1556 482; x_wconf 89' lang='lat' dir='ltr'>quum</span> <span class='ocrx_word' id='word_1_32' title='bbox 1588 434 1644 470; x_wconf 89' lang='lat' dir='ltr'>in-</span> 
     </span>
     <span class='ocr_line' id='line_1_6' title="bbox 226 503 1646 554; baseline 0.002 -16"><span class='ocrx_word' id='word_1_33' title='bbox 226 509 505 549; x_wconf 70' lang='lat' dir='ltr'>staurarentur,</span> <span class='ocrx_word' id='word_1_34' title='bbox 526 516 651 551; x_wconf 89' lang='lat' dir='ltr'>neque</span> <span class='ocrx_word' id='word_1_35' title='bbox 682 503 972 539; x_wconf 84' lang='lat' dir='ltr'>instauratae</span> <span class='ocrx_word' id='word_1_36' title='bbox 1001 503 1078 539; x_wconf 86' lang='lat' dir='ltr'>iam</span> <span class='ocrx_word' id='word_1_37' title='bbox 1101 503 1463 541; x_wconf 86' lang='lat' dir='ltr'>Lanuvinorum</span> <span class='ocrx_word' id='word_1_38' title='bbox 1495 518 1646 554; x_wconf 84' lang='lat' dir='ltr'>opera</span> 
     </span>
     <span class='ocr_line' id='line_1_7' title="bbox 222 573 1645 623; baseline 0.002 -13"><span class='ocrx_word' id='word_1_39' title='bbox 222 573 327 611; x_wconf 81' lang='lat' dir='ltr'>feriae</span> <span class='ocrx_word' id='word_1_40' title='bbox 356 574 395 610; x_wconf 91' lang='lat' dir='ltr'>in</span> <span class='ocrx_word' id='word_1_41' title='bbox 426 574 649 623; x_wconf 87' lang='lat' dir='ltr'>pontificum</span> <span class='ocrx_word' id='word_1_42' title='bbox 681 574 834 610; x_wconf 88' lang='lat' dir='ltr'>decreto</span> <span class='ocrx_word' id='word_1_43' title='bbox 866 574 939 610; x_wconf 89' lang='lat' dir='ltr'>dici</span> <span class='ocrx_word' id='word_1_44' title='bbox 969 580 1160 623; x_wconf 67' lang='lat' dir='ltr'>poterant,</span> <span class='ocrx_word' id='word_1_45' title='bbox 1194 587 1269 622; x_wconf 89' lang='lat' dir='ltr'>quo</span> <span class='ocrx_word' id='word_1_46' title='bbox 1300 575 1507 612; x_wconf 83' lang='lat' dir='ltr'>instaurari</span> <span class='ocrx_word' id='word_1_47' title='bbox 1536 576 1645 613; x_wconf 89' lang='lat' dir='ltr'>iube-</span> 
     </span>
     <span class='ocr_line' id='line_1_8' title="bbox 223 645 1645 695; baseline 0.001 -13"><span class='ocrx_word' id='word_1_48' title='bbox 223 646 376 691; x_wconf 72' lang='lat' dir='ltr'>bantur,</span> <span class='ocrx_word' id='word_1_49' title='bbox 408 659 533 694; x_wconf 89' lang='lat' dir='ltr'>neque</span> <span class='ocrx_word' id='word_1_50' title='bbox 561 646 687 695; x_wconf 89' lang='lat' dir='ltr'>ipsum</span> <span class='ocrx_word' id='word_1_51' title='bbox 718 645 860 682; x_wconf 79' lang='lat' dir='ltr'>decreti</span> <span class='ocrx_word' id='word_1_52' title='bbox 892 653 1021 694; x_wconf 84' lang='lat' dir='ltr'>caput,</span> <span class='ocrx_word' id='word_1_53' title='bbox 1051 646 1278 682; x_wconf 83' lang='lat' dir='ltr'>instauratio</span> <span class='ocrx_word' id='word_1_54' title='bbox 1307 646 1501 693; x_wconf 53' lang='lat' dir='ltr'>feriarum3</span> <span class='ocrx_word' id='word_1_55' title='bbox 1524 647 1578 684; x_wconf 89' lang='lat' dir='ltr'>sic</span> <span class='ocrx_word' id='word_1_56' title='bbox 1607 648 1645 684; x_wconf 90' lang='lat' dir='ltr'>in</span> 
     </span>
     <span class='ocr_line' id='line_1_9' title="bbox 223 715 1647 764; baseline 0.004 -13"><span class='ocrx_word' id='word_1_57' title='bbox 223 715 492 753; x_wconf 81' lang='lat' dir='ltr'>secundariam</span> <span class='ocrx_word' id='word_1_58' title='bbox 550 717 777 754; x_wconf 83' lang='lat' dir='ltr'>sententiam</span> <span class='ocrx_word' id='word_1_59' title='bbox 842 717 1155 764; x_wconf 86' lang='lat' dir='ltr'>(instauratis</span> <span class='ocrx_word' id='word_1_60' title='bbox 1222 717 1432 764; x_wconf 86' lang='lat' dir='ltr'>Latinis)</span> <span class='ocrx_word' id='word_1_61' title='bbox 1492 719 1647 756; x_wconf 83' lang='lat' dir='ltr'>includi.</span> 
     </span>
     <span class='ocr_line' id='line_1_10' title="bbox 224 785 1647 838; baseline 0.003 -15"><span class='ocrx_word' id='word_1_62' title='bbox 224 785 398 824; x_wconf 82' lang='lat' dir='ltr'>Offendit</span> <span class='ocrx_word' id='word_1_63' title='bbox 428 788 544 824; x_wconf 86' lang='lat' dir='ltr'>etiam</span> <span class='ocrx_word' id='word_1_64' title='bbox 572 788 728 838; x_wconf 87' lang='lat' dir='ltr'>(praeter</span> <span class='ocrx_word' id='word_1_65' title='bbox 757 788 944 838; x_wconf 86' lang='lat' dir='ltr'>placuit</span> <span class='ocrx_word' id='word_1_66' title='bbox 980 794 1069 837; x_wconf 88' lang='lat' dir='ltr'>post</span> <span class='ocrx_word' id='word_1_67' title='bbox 1101 787 1292 825; x_wconf 78' lang='lat' dir='ltr'>ablativos</span> <span class='ocrx_word' id='word_1_68' title='bbox 1322 794 1472 837; x_wconf 88' lang='lat' dir='ltr'>partem</span> <span class='ocrx_word' id='word_1_69' title='bbox 1505 790 1647 827; x_wconf 84' lang='lat' dir='ltr'>decreti</span> 
     </span>
     <span class='ocr_line' id='line_1_11' title="bbox 224 858 1647 910; baseline 0.003 -17"><span class='ocrx_word' id='word_1_70' title='bbox 224 858 464 895; x_wconf 80' lang='lat' dir='ltr'>continentes</span> <span class='ocrx_word' id='word_1_71' title='bbox 494 860 784 909; x_wconf 83' lang='lat' dir='ltr'>interpositum]</span> <span class='ocrx_word' id='word_1_72' title='bbox 829 859 1075 896; x_wconf 81' lang='lat' dir='ltr'>incommoda</span> <span class='ocrx_word' id='word_1_73' title='bbox 1116 859 1280 895; x_wconf 86' lang='lat' dir='ltr'>nominis</span> <span class='ocrx_word' id='word_1_74' title='bbox 1310 861 1487 909; x_wconf 86' lang='lat' dir='ltr'>repetitio</span> <span class='ocrx_word' id='word_1_75' title='bbox 1520 861 1647 910; x_wconf 88' lang='lat' dir='ltr'>(quia</span> 
     </span>
     <span class='ocr_line' id='line_1_12' title="bbox 223 930 1644 980; baseline 0.004 -15"><span class='ocrx_word' id='word_1_76' title='bbox 223 942 314 966; x_wconf 91' lang='lat' dir='ltr'>non</span> <span class='ocrx_word' id='word_1_77' title='bbox 344 937 473 966; x_wconf 87' lang='lat' dir='ltr'>recte</span> <span class='ocrx_word' id='word_1_78' title='bbox 503 930 859 968; x_wconf 84' lang='lat' dir='ltr'>factaeLatinae</span> <span class='ocrx_word' id='word_1_79' title='bbox 890 937 1065 975; x_wconf 69' lang='lat' dir='ltr'>essent,</span> <span class='ocrx_word' id='word_1_80' title='bbox 1093 930 1393 968; x_wconf 78' lang='lat' dir='ltr'>instauratis</span> <span class='ocrx_word' id='word_1_81' title='bbox 1418 932 1644 980; x_wconf 82' lang='lat' dir='ltr'>Latinis).</span> 
     </span>
     <span class='ocr_line' id='line_1_13' title="bbox 223 999 1648 1049; baseline 0.001 -11"><span class='ocrx_word' id='word_1_82' title='bbox 223 999 441 1049; x_wconf 85' lang='lat' dir='ltr'>Scripserat</span> <span class='ocrx_word' id='word_1_83' title='bbox 473 1002 607 1039; x_wconf 80' lang='lat' dir='ltr'>Livius</span> <span class='ocrx_word' id='word_1_84' title='bbox 636 1003 771 1040; x_wconf 80' lang='lat' dir='ltr'>lit-teris</span> <span class='ocrx_word' id='word_1_85' title='bbox 805 1015 882 1039; x_wconf 90' lang='lat' dir='ltr'>non</span> <span class='ocrx_word' id='word_1_86' title='bbox 912 1002 966 1038; x_wconf 88' lang='lat' dir='ltr'>ita</span> <span class='ocrx_word' id='word_1_87' title='bbox 996 1002 1156 1038; x_wconf 91' lang='lat' dir='ltr'>multum</span> <span class='ocrx_word' id='word_1_88' title='bbox 1186 1002 1369 1047; x_wconf 65' lang='lat' dir='ltr'>diversis,</span> <span class='ocrx_word' id='word_1_89' title='bbox 1404 1003 1579 1040; x_wconf 84' lang='lat' dir='ltr'>oratione</span> <span class='ocrx_word' id='word_1_90' title='bbox 1612 1010 1648 1039; x_wconf 89' lang='lat' dir='ltr'>et</span> 
     </span>
     <span class='ocr_line' id='line_1_14' title="bbox 222 1071 1648 1122; baseline 0.001 -15"><span class='ocrx_word' id='word_1_91' title='bbox 222 1071 412 1108; x_wconf 80' lang='lat' dir='ltr'>sententia</span> <span class='ocrx_word' id='word_1_92' title='bbox 433 1072 547 1122; x_wconf 90' lang='lat' dir='ltr'>longe</span> <span class='ocrx_word' id='word_1_93' title='bbox 569 1075 664 1110; x_wconf 85' lang='lat' dir='ltr'>alia:</span> <span class='ocrx_word' id='word_1_94' title='bbox 697 1073 1049 1119; x_wconf 79' lang='lat' dir='ltr'>Pontificibus,</span> <span class='ocrx_word' id='word_1_95' title='bbox 1084 1073 1196 1122; x_wconf 82' lang='lat' dir='ltr'>quia</span> <span class='ocrx_word' id='word_1_96' title='bbox 1226 1086 1316 1109; x_wconf 93' lang='lat' dir='ltr'>non</span> <span class='ocrx_word' id='word_1_97' title='bbox 1346 1082 1478 1110; x_wconf 87' lang='lat' dir='ltr'>recte</span> <span class='ocrx_word' id='word_1_98' title='bbox 1507 1073 1648 1110; x_wconf 82' lang='lat' dir='ltr'>factae</span> 
     </span>
     <span class='ocr_line' id='line_1_15' title="bbox 226 1143 1646 1194; baseline 0.001 -15"><span class='ocrx_word' id='word_1_99' title='bbox 226 1143 407 1180; x_wconf 85' lang='lat' dir='ltr'>Latinae</span> <span class='ocrx_word' id='word_1_100' title='bbox 447 1153 634 1190; x_wconf 69' lang='lat' dir='ltr'>essent,</span> <span class='ocrx_word' id='word_1_101' title='bbox 675 1145 967 1190; x_wconf 70' lang='lat' dir='ltr'>instaurari,</span> <span class='ocrx_word' id='word_1_102' title='bbox 1004 1145 1194 1181; x_wconf 82' lang='lat' dir='ltr'>Latinis</span> <span class='ocrx_word' id='word_1_103' title='bbox 1237 1144 1444 1194; x_wconf 84' lang='lat' dir='ltr'>placuit,</span> <span class='ocrx_word' id='word_1_104' title='bbox 1488 1145 1646 1181; x_wconf 84' lang='lat' dir='ltr'>Lanu-</span> 
     </span>
     <span class='ocr_line' id='line_1_16' title="bbox 222 1215 1647 1265; baseline 0.001 -15"><span class='ocrx_word' id='word_1_105' title='bbox 222 1215 384 1260; x_wconf 72' lang='lat' dir='ltr'>vinos,</span> <span class='ocrx_word' id='word_1_106' title='bbox 428 1229 628 1265; x_wconf 89' lang='lat' dir='ltr'>quorum</span> <span class='ocrx_word' id='word_1_107' title='bbox 671 1229 820 1265; x_wconf 88' lang='lat' dir='ltr'>opera</span> <span class='ocrx_word' id='word_1_108' title='bbox 856 1216 1187 1252; x_wconf 78' lang='lat' dir='ltr'>instaurandae</span> <span class='ocrx_word' id='word_1_109' title='bbox 1232 1224 1416 1261; x_wconf 86' lang='lat' dir='ltr'>essent,</span> <span class='ocrx_word' id='word_1_110' title='bbox 1458 1216 1647 1252; x_wconf 81' lang='lat' dir='ltr'>hostias</span> 
     </span>
     <span class='ocr_line' id='line_1_17' title="bbox 223 1286 1648 1335; baseline 0 -13"><span class='ocrx_word' id='word_1_111' title='bbox 223 1287 447 1335; x_wconf 85' lang='lat' dir='ltr'>praebere.</span> <span class='ocrx_word' id='word_1_112' title='bbox 513 1289 725 1325; x_wconf 85' lang='lat' dir='ltr'>Pontifices</span> <span class='ocrx_word' id='word_1_113' title='bbox 756 1287 924 1324; x_wconf 82' lang='lat' dir='ltr'>Romani</span> <span class='ocrx_word' id='word_1_114' title='bbox 954 1287 1071 1323; x_wconf 81' lang='lat' dir='ltr'>ferias</span> <span class='ocrx_word' id='word_1_115' title='bbox 1101 1286 1374 1323; x_wconf 79' lang='lat' dir='ltr'>instaurandas</span> <span class='ocrx_word' id='word_1_116' title='bbox 1405 1299 1488 1323; x_wconf 86' lang='lat' dir='ltr'>esse</span> <span class='ocrx_word' id='word_1_117' title='bbox 1518 1287 1648 1322; x_wconf 89' lang='lat' dir='ltr'>decre—</span> 
     </span>
     <span class='ocr_line' id='line_1_18' title="bbox 222 1357 1648 1407; baseline 0.001 -15"><span class='ocrx_word' id='word_1_118' title='bbox 222 1363 326 1402; x_wconf 80' lang='lat' dir='ltr'>runt3</span> <span class='ocrx_word' id='word_1_119' title='bbox 362 1358 511 1403; x_wconf 74' lang='lat' dir='ltr'>Latini,</span> <span class='ocrx_word' id='word_1_120' title='bbox 563 1372 726 1407; x_wconf 86' lang='lat' dir='ltr'>quorum</span> <span class='ocrx_word' id='word_1_121' title='bbox 770 1359 928 1407; x_wconf 83' lang='lat' dir='ltr'>aliquod</span> <span class='ocrx_word' id='word_1_122' title='bbox 970 1359 1019 1395; x_wconf 87' lang='lat' dir='ltr'>ad</span> <span class='ocrx_word' id='word_1_123' title='bbox 1063 1359 1134 1393; x_wconf 82' lang='lat' dir='ltr'>has</span> <span class='ocrx_word' id='word_1_124' title='bbox 1174 1357 1290 1394; x_wconf 82' lang='lat' dir='ltr'>ferias</span> <span class='ocrx_word' id='word_1_125' title='bbox 1337 1358 1528 1395; x_wconf 67' lang='lat' dir='ltr'>curandas</span> <span class='ocrx_word' id='word_1_126' title='bbox 1558 1370 1648 1394; x_wconf 90' lang='lat' dir='ltr'>con-</span> 
     </span>
     <span class='ocr_line' id='line_1_19' title="bbox 221 1428 1644 1480; baseline 0.001 -16"><span class='ocrx_word' id='word_1_127' title='bbox 221 1428 347 1465; x_wconf 85' lang='lat' dir='ltr'>cilium</span> <span class='ocrx_word' id='word_1_128' title='bbox 380 1429 499 1466; x_wconf 81' lang='lat' dir='ltr'>fuisse</span> <span class='ocrx_word' id='word_1_129' title='bbox 531 1430 645 1467; x_wconf 89' lang='lat' dir='ltr'>debet</span> <span class='ocrx_word' id='word_1_130' title='bbox 671 1429 839 1480; x_wconf 69' lang='lat' dir='ltr'>(earum,</span> <span class='ocrx_word' id='word_1_131' title='bbox 871 1430 1027 1479; x_wconf 74' lang='lat' dir='ltr'>opinor.</span> <span class='ocrx_word' id='word_1_132' title='bbox 1071 1429 1281 1474; x_wconf 67' lang='lat' dir='ltr'>civitatum,</span> <span class='ocrx_word' id='word_1_133' title='bbox 1312 1442 1396 1478; x_wconf 79' lang='lat' dir='ltr'>quae</span> <span class='ocrx_word' id='word_1_134' title='bbox 1427 1429 1541 1465; x_wconf 83' lang='lat' dir='ltr'>etiam</span> <span class='ocrx_word' id='word_1_135' title='bbox 1575 1442 1644 1478; x_wconf 94' lang='lat' dir='ltr'>po-</span> 
     </span>
     <span class='ocr_line' id='line_1_20' title="bbox 222 1500 1646 1550; baseline 0.001 -14"><span class='ocrx_word' id='word_1_136' title='bbox 222 1507 305 1536; x_wconf 74' lang='lat' dir='ltr'>stea</span> <span class='ocrx_word' id='word_1_137' title='bbox 336 1513 490 1538; x_wconf 86' lang='lat' dir='ltr'>carnem</span> <span class='ocrx_word' id='word_1_138' title='bbox 522 1501 671 1538; x_wconf 84' lang='lat' dir='ltr'>Latinis</span> <span class='ocrx_word' id='word_1_139' title='bbox 699 1501 895 1550; x_wconf 79' lang='lat' dir='ltr'>petebant.</span> <span class='ocrx_word' id='word_1_140' title='bbox 949 1501 996 1538; x_wconf 90' lang='lat' dir='ltr'>de</span> <span class='ocrx_word' id='word_1_141' title='bbox 1035 1512 1110 1548; x_wconf 81' lang='lat' dir='ltr'>qua</span> <span class='ocrx_word' id='word_1_142' title='bbox 1153 1514 1194 1537; x_wconf 88' lang='lat' dir='ltr'>re</span> <span class='ocrx_word' id='word_1_143' title='bbox 1232 1501 1450 1537; x_wconf 82' lang='lat' dir='ltr'>testimonia</span> <span class='ocrx_word' id='word_1_144' title='bbox 1486 1500 1646 1537; x_wconf 86' lang='lat' dir='ltr'>collecta</span> 
     </span>
     <span class='ocr_line' id='line_1_21' title="bbox 222 1572 1645 1621; baseline 0.001 -14"><span class='ocrx_word' id='word_1_145' title='bbox 222 1578 376 1609; x_wconf 81' lang='lat' dir='ltr'>exstant</span> <span class='ocrx_word' id='word_1_146' title='bbox 405 1573 443 1609; x_wconf 91' lang='lat' dir='ltr'>in</span> <span class='ocrx_word' id='word_1_147' title='bbox 465 1573 629 1610; x_wconf 84' lang='lat' dir='ltr'>Beckeri</span> <span class='ocrx_word' id='word_1_148' title='bbox 659 1579 696 1609; x_wconf 84' lang='lat' dir='ltr'>et</span> <span class='ocrx_word' id='word_1_149' title='bbox 726 1572 986 1620; x_wconf 80' lang='lat' dir='ltr'>Marquardtii</span> <span class='ocrx_word' id='word_1_150' title='bbox 1017 1573 1181 1621; x_wconf 89' lang='lat' dir='ltr'>Antiqq.</span> <span class='ocrx_word' id='word_1_151' title='bbox 1219 1574 1331 1609; x_wconf 85' lang='lat' dir='ltr'>Rom.</span> <span class='ocrx_word' id='word_1_152' title='bbox 1362 1572 1422 1608; x_wconf 82' lang='lat' dir='ltr'>IV</span> <span class='ocrx_word' id='word_1_153' title='bbox 1459 1585 1496 1621; x_wconf 91' lang='lat' dir='ltr'>p.</span> <span class='ocrx_word' id='word_1_154' title='bbox 1535 1573 1645 1619; x_wconf 76' lang='lat'>441),</span> 
     </span>
     <span class='ocr_line' id='line_1_22' title="bbox 222 1643 1645 1693; baseline 0.001 -15"><span class='ocrx_word' id='word_1_155' title='bbox 222 1649 416 1691; x_wconf 82' lang='lat' dir='ltr'>sumptum</span> <span class='ocrx_word' id='word_1_156' title='bbox 447 1643 485 1680; x_wconf 90' lang='lat' dir='ltr'>in</span> <span class='ocrx_word' id='word_1_157' title='bbox 522 1657 607 1681; x_wconf 87' lang='lat' dir='ltr'>eam</span> <span class='ocrx_word' id='word_1_158' title='bbox 641 1658 720 1681; x_wconf 89' lang='lat' dir='ltr'>rem</span> <span class='ocrx_word' id='word_1_159' title='bbox 750 1643 997 1693; x_wconf 82' lang='lat' dir='ltr'>praebenduni</span> <span class='ocrx_word' id='word_1_160' title='bbox 1030 1644 1079 1680; x_wconf 81' lang='lat' dir='ltr'>ab</span> <span class='ocrx_word' id='word_1_161' title='bbox 1111 1658 1157 1681; x_wconf 84' lang='lat' dir='ltr'>ca</span> <span class='ocrx_word' id='word_1_162' title='bbox 1188 1645 1355 1689; x_wconf 74' lang='lat' dir='ltr'>civitate,</span> <span class='ocrx_word' id='word_1_163' title='bbox 1388 1643 1493 1679; x_wconf 86' lang='lat' dir='ltr'>cuius</span> <span class='ocrx_word' id='word_1_164' title='bbox 1525 1656 1645 1692; x_wconf 88' lang='lat' dir='ltr'>opera</span> 
     </span>
     <span class='ocr_line' id='line_1_23' title="bbox 223 1712 1646 1764; baseline 0.001 -16"><span class='ocrx_word' id='word_1_165' title='bbox 223 1720 258 1748; x_wconf 85' lang='lat' dir='ltr'>et</span> <span class='ocrx_word' id='word_1_166' title='bbox 291 1712 405 1762; x_wconf 85' lang='lat' dir='ltr'>culpa</span> <span class='ocrx_word' id='word_1_167' title='bbox 439 1714 559 1761; x_wconf 79' lang='lat' dir='ltr'>fieret,</span> <span class='ocrx_word' id='word_1_168' title='bbox 593 1722 634 1752; x_wconf 82' lang='lat' dir='ltr'>ut</span> <span class='ocrx_word' id='word_1_169' title='bbox 663 1716 982 1752; x_wconf 76' lang='lat' dir='ltr'>instaurarentur.</span> <span class='ocrx_word' id='word_1_170' title='bbox 1049 1715 1091 1753; x_wconf 77' lang='lat' dir='ltr'>Si</span> <span class='ocrx_word' id='word_1_171' title='bbox 1122 1716 1205 1764; x_wconf 80' lang='lat' dir='ltr'>quis</span> <span class='ocrx_word' id='word_1_172' title='bbox 1228 1716 1454 1752; x_wconf 77' lang='lat' dir='ltr'>Latinorum</span> <span class='ocrx_word' id='word_1_173' title='bbox 1489 1715 1646 1763; x_wconf 85' lang='lat' dir='ltr'>negabit</span> 
     </span>
     <span class='ocr_line' id='line_1_24' title="bbox 224 1784 1646 1835; baseline 0.001 -15"><span class='ocrx_word' id='word_1_174' title='bbox 224 1784 319 1820; x_wconf 84' lang='lat' dir='ltr'>ullas</span> <span class='ocrx_word' id='word_1_175' title='bbox 351 1785 579 1822; x_wconf 80' lang='lat' dir='ltr'>decernendi</span> <span class='ocrx_word' id='word_1_176' title='bbox 601 1792 732 1835; x_wconf 82' lang='lat' dir='ltr'>partes</span> <span class='ocrx_word' id='word_1_177' title='bbox 753 1785 885 1834; x_wconf 81' lang='lat' dir='ltr'>fuisse,</span> <span class='ocrx_word' id='word_1_178' title='bbox 917 1786 1158 1823; x_wconf 80' lang='lat' dir='ltr'>scribendum</span> <span class='ocrx_word' id='word_1_179' title='bbox 1183 1787 1228 1831; x_wconf 67' lang='lat' dir='ltr'>ei,</span> <span class='ocrx_word' id='word_1_180' title='bbox 1259 1788 1411 1824; x_wconf 84' lang='lat' dir='ltr'>sublato</span> <span class='ocrx_word' id='word_1_181' title='bbox 1442 1785 1646 1831; x_wconf 68' lang='lat' dir='ltr'>Latinis,</span> 
     </span>
     <span class='ocr_line' id='line_1_25' title="bbox 222 1855 1645 1907; baseline 0.002 -17"><span class='ocrx_word' id='word_1_182' title='bbox 222 1855 311 1891; x_wconf 87' lang='lat' dir='ltr'>erit:</span> <span class='ocrx_word' id='word_1_183' title='bbox 350 1855 629 1893; x_wconf 79' lang='lat' dir='ltr'>instaurari</span> <span class='ocrx_word' id='word_1_184' title='bbox 666 1857 874 1906; x_wconf 73' lang='lat' dir='ltr'>placuit,</span> <span class='ocrx_word' id='word_1_185' title='bbox 918 1857 1222 1903; x_wconf 55' lang='lat' dir='ltr'>Lanuvium,</span> <span class='ocrx_word' id='word_1_186' title='bbox 1264 1871 1462 1907; x_wconf 90' lang='lat' dir='ltr'>quorum</span> <span class='ocrx_word' id='word_1_187' title='bbox 1498 1870 1645 1907; x_wconf 88' lang='lat' dir='ltr'>opera</span> 
     </span>
     <span class='ocr_line' id='line_1_26' title="bbox 223 1927 1644 1977; baseline 0.001 -15"><span class='ocrx_word' id='word_1_188' title='bbox 223 1927 553 1964; x_wconf 59' lang='lat' dir='ltr'>instauranda}</span> <span class='ocrx_word' id='word_1_189' title='bbox 591 1935 774 1973; x_wconf 71' lang='lat' dir='ltr'>essent,</span> <span class='ocrx_word' id='word_1_190' title='bbox 812 1929 849 1965; x_wconf 88' lang='lat' dir='ltr'>h.</span> <span class='ocrx_word' id='word_1_191' title='bbox 901 1941 938 1976; x_wconf 91' lang='lat' dir='ltr'>p.</span> <span class='ocrx_word' id='word_1_192' title='bbox 1089 1929 1271 1977; x_wconf 75' lang='lat' dir='ltr'>Sequitur</span> <span class='ocrx_word' id='word_1_193' title='bbox 1303 1932 1338 1974; x_wconf 64' lang='grc' dir='ltr'>(ς’</span> <span class='ocrx_word' id='word_1_194' title='bbox 1372 1930 1432 1977; x_wconf 77' lang='grc'>3);</span> <span class='ocrx_word' id='word_1_195' title='bbox 1471 1931 1644 1966; x_wconf 86' lang='lat' dir='ltr'>Acces-</span> 
     </span>
     <span class='ocr_line' id='line_1_27' title="bbox 221 1998 1644 2048; baseline 0.001 -14"><span class='ocrx_word' id='word_1_196' title='bbox 221 2005 356 2035; x_wconf 86' lang='lat' dir='ltr'>serat</span> <span class='ocrx_word' id='word_1_197' title='bbox 386 1998 443 2035; x_wconf 88' lang='lat' dir='ltr'>ad</span> <span class='ocrx_word' id='word_1_198' title='bbox 473 1999 783 2048; x_wconf 72' lang='lat' dir='ltr'>religionem,</span> <span class='ocrx_word' id='word_1_199' title='bbox 825 2000 950 2047; x_wconf 85' lang='lat' dir='ltr'>quod</span> <span class='ocrx_word' id='word_1_200' title='bbox 982 1998 1058 2036; x_wconf 89' lang='lat' dir='ltr'>Cn.</span> <span class='ocrx_word' id='word_1_201' title='bbox 1091 1998 1348 2036; x_wconf 80' lang='lat' dir='ltr'>Cornelius</span> <span class='ocrx_word' id='word_1_202' title='bbox 1388 2000 1560 2036; x_wconf 87' lang='lat' dir='ltr'>consul</span> <span class='ocrx_word' id='word_1_203' title='bbox 1589 2012 1644 2036; x_wconf 83' lang='lat' dir='ltr'>cx</span> 
     </span>
     <span class='ocr_line' id='line_1_28' title="bbox 222 2069 1644 2108; baseline 0.002 -4"><span class='ocrx_word' id='word_1_204' title='bbox 222 2075 384 2105; x_wconf 86' lang='lat' dir='ltr'>monte</span> <span class='ocrx_word' id='word_1_205' title='bbox 423 2070 617 2106; x_wconf 75' lang='lat' dir='ltr'>Albano</span> <span class='ocrx_word' id='word_1_206' title='bbox 656 2069 853 2107; x_wconf 83' lang='lat' dir='ltr'>rediens</span> <span class='ocrx_word' id='word_1_207' title='bbox 893 2071 1125 2108; x_wconf 69' lang='lat' dir='ltr'>concidit.</span> <span class='ocrx_word' id='word_1_208' title='bbox 1189 2071 1234 2106; x_wconf 91' lang='lat' dir='ltr'>In</span> <span class='ocrx_word' id='word_1_209' title='bbox 1267 2071 1397 2107; x_wconf 72' lang='lat' dir='ltr'>codice</span> <span class='ocrx_word' id='word_1_210' title='bbox 1427 2071 1481 2107; x_wconf 87' lang='lat' dir='ltr'>sic</span> <span class='ocrx_word' id='word_1_211' title='bbox 1511 2070 1644 2107; x_wconf 88' lang='lat' dir='ltr'>scribi·</span> 
     </span>
     <span class='ocr_line' id='line_1_29' title="bbox 223 2140 1644 2190; baseline 0.003 -15"><span class='ocrx_word' id='word_1_212' title='bbox 223 2147 298 2175; x_wconf 87' lang='lat' dir='ltr'>tur:</span> <span class='ocrx_word' id='word_1_213' title='bbox 330 2141 630 2177; x_wconf 84' lang='lat' dir='ltr'>Accesserat</span> <span class='ocrx_word' id='word_1_214' title='bbox 662 2141 718 2177; x_wconf 86' lang='lat' dir='ltr'>ad</span> <span class='ocrx_word' id='word_1_215' title='bbox 749 2141 990 2190; x_wconf 85' lang='lat' dir='ltr'>legionem</span> <span class='ocrx_word' id='word_1_216' title='bbox 1013 2140 1461 2180; x_wconf 83' lang='lat' dir='ltr'>Cn.Corneliuscct.</span> <span class='ocrx_word' id='word_1_217' title='bbox 1508 2144 1644 2179; x_wconf 87' lang='lat' dir='ltr'>Potest</span> 
     </span>
     <span class='ocr_line' id='line_1_30' title="bbox 226 2211 1642 2264; baseline 0.006 -18"><span class='ocrx_word' id='word_1_218' title='bbox 226 2211 354 2247; x_wconf 81' lang='lat' dir='ltr'>Livius</span> <span class='ocrx_word' id='word_1_219' title='bbox 394 2212 609 2261; x_wconf 77' lang='lat' dir='ltr'>scripsisse:</span> <span class='ocrx_word' id='word_1_220' title='bbox 667 2214 968 2249; x_wconf 81' lang='lat' dir='ltr'>Accesserat</span> <span class='ocrx_word' id='word_1_221' title='bbox 1013 2213 1114 2252; x_wconf 71' lang='lat' dir='ltr'>ulia</span> <span class='ocrx_word' id='word_1_222' title='bbox 1157 2213 1364 2264; x_wconf 81' lang='lat' dir='ltr'>religio3</span> <span class='ocrx_word' id='word_1_223' title='bbox 1418 2226 1519 2254; x_wconf 81' lang='lat' dir='ltr'>nam</span> <span class='ocrx_word' id='word_1_224' title='bbox 1565 2212 1642 2250; x_wconf 90' lang='lat' dir='ltr'>Cn·</span> 
     </span>
     <span class='ocr_line' id='line_1_31' title="bbox 222 2280 1643 2333; baseline 0.002 -16"><span class='ocrx_word' id='word_1_225' title='bbox 222 2280 480 2319; x_wconf 82' lang='lat' dir='ltr'>Cornelius</span> <span class='ocrx_word' id='word_1_226' title='bbox 508 2290 577 2321; x_wconf 85' lang='lat' dir='ltr'>cet.</span> <span class='ocrx_word' id='word_1_227' title='bbox 639 2284 715 2319; x_wconf 73' lang='lat' dir='ltr'>Sed</span> <span class='ocrx_word' id='word_1_228' title='bbox 747 2295 807 2320; x_wconf 84' lang='lat' dir='ltr'>res</span> <span class='ocrx_word' id='word_1_229' title='bbox 839 2283 997 2320; x_wconf 78' lang='lat' dir='ltr'>incerta..</span> <span class='ocrx_word' id='word_1_230' title='bbox 1058 2284 1245 2320; x_wconf 86' lang='lat' dir='ltr'>Extremo</span> <span class='ocrx_word' id='word_1_231' title='bbox 1264 2284 1388 2333; x_wconf 78' lang='lat' dir='ltr'>capite</span> <span class='ocrx_word' id='word_1_232' title='bbox 1421 2286 1463 2331; x_wconf 60' lang='grc' dir='ltr'>(ξ</span> <span class='ocrx_word' id='word_1_233' title='bbox 1484 2286 1525 2321; x_wconf 82' lang='lat'>9:</span> <span class='ocrx_word' id='word_1_234' title='bbox 1557 2297 1643 2320; x_wconf 85' lang='lat' dir='ltr'>sua</span> 
     </span>
     <span class='ocr_line' id='line_1_32' title="bbox 220 2352 1640 2405; baseline 0.001 -16"><span class='ocrx_word' id='word_1_235' title='bbox 220 2352 402 2389; x_wconf 84' lang='lat' dir='ltr'>virtute</span> <span class='ocrx_word' id='word_1_236' title='bbox 452 2368 504 2390; x_wconf 83' lang='lat' dir='ltr'>ac</span> <span class='ocrx_word' id='word_1_237' title='bbox 558 2354 808 2391; x_wconf 80' lang='lat' dir='ltr'>felicitate</span> <span class='ocrx_word' id='word_1_238' title='bbox 862 2355 1096 2392; x_wconf 82' lang='lat' dir='ltr'>neminem</span> <span class='ocrx_word' id='word_1_239' title='bbox 1153 2356 1246 2392; x_wconf 74' lang='lat' dir='ltr'>iam</span> <span class='ocrx_word' id='word_1_240' title='bbox 1290 2357 1359 2393; x_wconf 89' lang='lat' dir='ltr'>cis</span> <span class='ocrx_word' id='word_1_241' title='bbox 1406 2354 1509 2405; x_wconf 90' lang='lat' dir='ltr'>[cod.</span> <span class='ocrx_word' id='word_1_242' title='bbox 1554 2353 1640 2405; x_wconf 88' lang='lat' dir='ltr'>sie]</span> 
     </span>
     <span class='ocr_line' id='line_1_33' title="bbox 221 2423 1641 2477; baseline 0.001 -18"><span class='ocrx_word' id='word_1_243' title='bbox 221 2423 362 2471; x_wconf 81' lang='lat' dir='ltr'>Alpis</span> <span class='ocrx_word' id='word_1_244' title='bbox 392 2425 579 2461; x_wconf 81' lang='lat' dir='ltr'>hostem</span> <span class='ocrx_word' id='word_1_245' title='bbox 611 2426 784 2474; x_wconf 92' lang='lat' dir='ltr'>populi</span> <span class='ocrx_word' id='word_1_246' title='bbox 818 2427 1022 2463; x_wconf 80' lang='lat' dir='ltr'>Romani</span> <span class='ocrx_word' id='word_1_247' title='bbox 1058 2426 1160 2477; x_wconf 88' lang='lat' dir='ltr'>[cod.</span> <span class='ocrx_word' id='word_1_248' title='bbox 1187 2426 1290 2477; x_wconf 89' lang='lat' dir='ltr'>pro]</span> <span class='ocrx_word' id='word_1_249' title='bbox 1324 2427 1526 2476; x_wconf 84' lang='lat' dir='ltr'>agrique</span> <span class='ocrx_word' id='word_1_250' title='bbox 1559 2426 1641 2462; x_wconf 84' lang='lat' dir='ltr'>ali—</span> 
     </span>
     <span class='ocr_line' id='line_1_34' title="bbox 221 2497 1642 2545; baseline 0.002 -15"><span class='ocrx_word' id='word_1_251' title='bbox 221 2503 451 2542; x_wconf 85' lang='lat' dir='ltr'>quantum</span> <span class='ocrx_word' id='word_1_252' title='bbox 494 2504 690 2544; x_wconf 85' lang='lat' dir='ltr'>captum</span> <span class='ocrx_word' id='word_1_253' title='bbox 730 2502 819 2539; x_wconf 80' lang='lat' dir='ltr'>cet.)</span> <span class='ocrx_word' id='word_1_254' title='bbox 866 2497 1093 2535; x_wconf 83' lang='lat' dir='ltr'>infinitivum</span> <span class='ocrx_word' id='word_1_255' title='bbox 1137 2499 1272 2535; x_wconf 81' lang='lat' dir='ltr'>abesse</span> <span class='ocrx_word' id='word_1_256' title='bbox 1309 2510 1384 2534; x_wconf 91' lang='lat' dir='ltr'>non</span> <span class='ocrx_word' id='word_1_257' title='bbox 1425 2509 1539 2545; x_wconf 84' lang='lat' dir='ltr'>posse</span> <span class='ocrx_word' id='word_1_258' title='bbox 1572 2498 1642 2539; x_wconf 69' lang='lat' dir='ltr'>(ob</span> 
     </span>
    </p>
   </div>
   <div class='ocr_carea' id='block_1_3' title="bbox 220 2568 1644 2617">
    <p class='ocr_par' dir='ltr' id='par_1_3' title="bbox 220 2568 1644 2617">
     <span class='ocr_line' id='line_1_35' title="bbox 220 2568 1644 2617; baseline 0.003 -17"><span class='ocrx_word' id='word_1_259' title='bbox 220 2578 304 2601; x_wconf 77' lang='lat' dir='ltr'>earn</span> <span class='ocrx_word' id='word_1_260' title='bbox 338 2578 507 2611; x_wconf 55' lang='lat' dir='ltr'>causann</span> <span class='ocrx_word' id='word_1_261' title='bbox 540 2580 655 2615; x_wconf 79' lang='lat' dir='ltr'>quaxn</span> <span class='ocrx_word' id='word_1_262' title='bbox 689 2569 851 2616; x_wconf 83' lang='lat' dir='ltr'>exposui</span> <span class='ocrx_word' id='word_1_263' title='bbox 883 2582 918 2617; x_wconf 91' lang='lat' dir='ltr'>p.</span> <span class='ocrx_word' id='word_1_264' title='bbox 954 2570 1032 2606; x_wconf 76' lang='lat'>248</span> <span class='ocrx_word' id='word_1_265' title='bbox 1056 2572 1163 2616; x_wconf 55' lang='lat' dir='ltr'>not).</span> <span class='ocrx_word' id='word_1_266' title='bbox 1193 2570 1268 2606; x_wconf 79' lang='lat' dir='ltr'>iarn</span> <span class='ocrx_word' id='word_1_267' title='bbox 1303 2568 1644 2607; x_wconf 84' lang='lat' dir='ltr'>Drakenborchius</span> 
     </span>
    </p>
   </div>
  </div>
 </body>
</html>
