1811 2925
811 142 888 177 225
1313 141 1385 173 Lib.
1411 142 1509 173 XXI.

148 265 257 302 inde
294 276 458 313 pugna
508 269 871 311 sequentesque
915 274 1115 310 cumque
1159 263 1216 312 (M
1262 271 1299 300 et
1328 266 1557 302 recentiores

149 335 297 384 aliquot
342 340 604 382 sequentes
655 346 969 381 quaecunque.
1021 333 1144 372 aliis.
1175 346 1459 383 quacunque
1493 344 1557 373 aut

149 420 179 446 s.
226 404 526 455 quoeunque)
583 404 638 440 ad
682 411 944 441 extremum
987 412 1255 453 aequassent
1299 413 1557 452 certamen,

149 477 302 514 maior
340 483 493 512 tamen
525 475 736 511 hostium
782 476 1025 512 Romanos
1064 476 1331 525 (recentiores.
1374 484 1414 513 ut
1454 477 1557 513 vide-

151 555 224 585 tur.
254 544 501 591 Romanis)
537 546 660 581 fama
695 546 913 582 victoriae
944 546 1053 586 fuit,
1103 547 1139 582 in
1176 547 1308 595 primis
1345 548 1472 584 verbis
1501 549 1558 585 fa-

151 619 221 656 cile
264 617 494 654 intellectum
544 623 599 652 est
644 616 787 665 aliquid
834 617 1040 662 excidisse,
1082 618 1407 667 probabiliterque
1438 620 1560 656 editur

151 690 241 733 iam,
272 688 475 725 coniuncta
504 687 734 736 IIeusingeri
778 687 995 723 coniectura
1029 695 1065 724 et
1094 688 1235 724 codicis
1266 688 1475 726 Colbertini
1505 690 1560 726 al-

153 768 235 797 tera
265 759 453 808 scriptura
493 758 610 805 (eum
638 770 707 806 pro
739 765 970 805 cumqueJ:
993 758 1141 795 Varia
1171 759 1279 796 inde
1305 773 1462 809 pugna
1492 773 1559 796 se-

154 836 364 879 quentes
396 825 671 877 [cedentes]
705 840 791 875 que
823 840 958 876 quum
987 829 1043 864 ad
1063 836 1326 866 extremum
1358 838 1426 867 eet.
1479 831 1559 868 Ex-

155 901 285 938 tremis
315 900 443 937 verbis
473 910 630 948 prorsus
662 898 900 935 incredibiles
942 899 1216 948 interpretandi
1254 901 1451 937 machinas
1493 902 1560 937 ad-

157 978 322 1009 movent,
352 970 455 1006 velut
485 969 820 1006 Weissenbornius
853 969 933 1017 (qui
963 982 1033 1018 pro
1064 970 1293 1007 Romanis
1324 984 1370 1007 ex
1396 973 1560 1011 Roma-

156 1054 244 1078 nos
285 1040 408 1077 effecit
455 1041 683 1086 Romano)
724 1041 804 1076 haec
842 1040 894 1076 sic
941 1046 1112 1076 enarrat:
1157 1041 1308 1078 maior
1353 1043 1560 1080 hostium

157 1112 281 1149 fami-1
312 1111 533 1148 vietoriae
564 1110 659 1147 fuit
689 1110 816 1146 fama
845 1112 1071 1155 Romano,
1116 1111 1152 1146 in
1199 1124 1275 1160 qua
1322 1114 1563 1150 enarratione

157 1183 247 1231 quid
279 1182 445 1219 maxime
475 1182 609 1227 mirer,
639 1181 792 1226 moscin,
823 1181 1171 1230 comparationisne
1200 1182 1319 1231 ipsius
1349 1185 1564 1221 absurdita-

157 1259 231 1289 tem
276 1251 373 1301 (qua
423 1252 507 1289 duae
548 1253 716 1289 victoriae
746 1252 858 1289 famae
888 1253 986 1288 inter
1017 1264 1058 1288 se
1088 1255 1405 1302 componuntur)7
1447 1268 1494 1291 an
1527 1256 1564 1291 in

156 1324 229 1360 hae
275 1324 563 1372 comparatione
593 1324 783 1360 variatum
826 1336 1024 1360 numerum
1069 1324 1106 1360 in
1152 1325 1364 1361 hostium
1409 1334 1446 1362 et
1478 1328 1563 1363 Ro-

158 1407 318 1435 mano,
369 1406 417 1430 an
465 1407 606 1431 novam
653 1395 755 1431 illam
787 1394 948 1430 ablativi
991 1395 1028 1430 in
1074 1397 1335 1444 comparando
1381 1405 1416 1433 et
1459 1398 1563 1446 geni-

158 1465 226 1501 tivi
279 1464 419 1508 (fama
464 1465 701 1509 victoriae)
747 1465 1003 1502 omissionem.
1085 1465 1240 1513 Quanto
1278 1466 1402 1503 fuerat
1432 1468 1565 1504 melius

158 1535 282 1577 fateri,
312 1536 432 1572 verba
462 1536 620 1585 intelligi
649 1549 725 1572 non
755 1537 886 1585 posse!
947 1536 1138 1572 Nimirum
1179 1537 1240 1573 hic
1280 1550 1432 1585 quoque
1462 1538 1566 1574 exei-

159 1606 214 1642 dit
247 1606 409 1654 aliquid:
455 1606 658 1655 scripserat
690 1607 787 1643 enim
823 1606 953 1642 Livius
984 1606 1032 1642 ad
1063 1607 1161 1644 hanc
1192 1606 1375 1644 formam:
1416 1609 1568 1646 maior

159 1686 317 1714 tamen
348 1677 560 1714 hostium
601 1675 792 1727 [caedes,
819 1675 984 1727 penes]
1035 1678 1275 1714 Romanos
1308 1678 1434 1716 fama
1468 1681 1566 1717 vic-

160 1747 295 1784 toriae
325 1747 430 1785 fuit.
552 1747 668 1783 Initio
699 1747 834 1796 eapitis
866 1747 902 1794 (fi
935 1746 974 1795 ’2)
1011 1748 1103 1784 satis
1134 1756 1277 1785 eertum
1307 1751 1470 1795 videtur,
1491 1752 1566 1788 La-

161 1819 237 1855 tine
268 1831 344 1854 non
388 1818 462 1855 dici
491 1819 682 1855 homiuem
714 1818 932 1866 equestri
963 1820 1150 1867 proelio
1182 1827 1226 1856 et
1255 1821 1454 1857 vulnere
1484 1833 1567 1857 suo

161 1889 241 1925 sive
269 1889 496 1925 minutum
531 1888 612 1925 sive
642 1889 959 1933 deminutum,
999 1896 1041 1926 ut
1071 1890 1187 1927 animi
1218 1891 1396 1927 demissio
1427 1891 1568 1939 signifi-

162 1966 283 2003 cetur3
329 1958 436 2007 (spes
476 1959 576 1995 enim
618 1968 653 1995 et
699 1961 848 1997 animus
889 1960 1088 2006 minuitur,
1124 1974 1200 1998 non
1230 1963 1366 2006 homo,
1408 1961 1568 1998 frustra-

163 2043 236 2078 que
266 2030 460 2066 Homerus
490 2042 513 2065 a
545 2029 746 2067 Gronovio
779 2031 983 2067 arcessitur
1016 2032 1141 2076 testis,
1183 2033 1246 2080 qui
1284 2045 1331 2068 ne
1361 2032 1457 2068 dixit
1489 2032 1569 2080 qui-

164 2100 250 2136 dem
279 2100 333 2136 ita
362 2092 584 2150 ,ιιινύθ-ειν
631 2101 678 2137 de
719 2101 894 2146 homine,
943 2108 983 2138 ut
1013 2109 1113 2138 esset⁴
1156 2102 1323 2139 animum
1354 2102 1570 2151 frangere);

164 2171 255 2219 quid
285 2171 558 2207 restituendum
590 2172 639 2208 sit
669 2173 755 2220 (pro
786 2171 1098 2221 eminutus),
1142 2173 1297 2209 dubium
1329 2182 1405 2218 est;
1452 2173 1570 2210 fuitne

165 2241 471 2278 admonitus?
530 2243 668 2291 Neque
699 2242 797 2278 enim
828 2241 990 2278 fractum
1024 2242 1214 2292 Scipionis
1245 2245 1410 2281 animum
1439 2244 1571 2281 Livius

166 2311 268 2352 dicit,
298 2312 365 2348 sed
396 2312 605 2349 cautiorem
635 2312 791 2350 factum.

287 2380 382 2431 Cap.
417 2385 479 2428 5⁴,
512 2387 533 2420 b·
567 2384 630 2430 (de
662 2384 890 2433 Sempronio
921 2396 1088 2433 pugnam
1121 2385 1169 2421 ad
1200 2386 1383 2423 Trebiam
1400 2387 1572 2423 commit-

166 2452 293 2498 tenti):
337 2461 581 2501 postremo
626 2467 786 2492 omnes
829 2455 995 2503 copias
1043 2455 1099 2491 ad
1141 2456 1443 2493 destinatum
1485 2457 1572 2493 iam

168 2530 279 2560 ante
313 2524 526 2561 consilio
563 2525 735 2562 avidus
775 2525 1060 2562 certaminis
1103 2526 1282 2563 eduxit.
1350 2527 1488 2574 Neque
1517 2527 1573 2562 ad

167 2593 466 2630 destinatum
509 2594 714 2632 educere
753 2596 918 2644 copias
956 2595 1018 2632 hie
1047 2595 1195 2644 placet7
1238 2596 1360 2639 (locus
1391 2597 1487 2634 enim
1520 2598 1573 2634 sie

167 2663 374 2712 significari
414 2663 581 2709 videtur;
623 2664 871 2718 Sempronius
915 2673 1040 2702 autem
1078 2679 1154 2703 non
1199 2667 1323 2702 locum
1369 2668 1574 2717 delegerat.

204 2743 344 2766 nADvuill
364 2744 488 2767 Eum-n.
503 2743 575 2767 [ιη.
1270 2740 1307 2767 15
