1811 2925
797 132 869 166 105
1328 130 1400 161 Lin.
1430 131 1489 162 lv.

128 249 171 283 in
204 256 356 284 utrum
370 263 392 296 q
406 261 458 284 ue
496 261 623 285 mure
654 260 911 298 vergentes
943 261 1031 297 cet„
1070 265 1190 301 nuper
1228 266 1347 301 prave
1379 269 1398 290 e
1428 264 1538 302 parte

125 319 298 354 codicum
339 319 487 365 (contra
520 319 641 363 l'lll)
681 330 901 358 revocatum
941 330 1082 359 estet.
1146 324 1320 360 Eandem
1353 325 1536 361 orationis·

123 389 288 425 formam
319 389 396 425 alio
427 391 542 426 niodo
573 401 792 440 corruptam
825 393 971 430 restitui
1003 395 1079 438 III,
1114 396 1184 439 ⁶29,
1217 398 1239 432 9
1273 396 1429 439 (iussi3
1460 397 1534 440 is).

245 459 341 509 Cap.
383 462 457 498 49.
494 465 515 497 (j
572 461 623 507 (in
662 465 882 501 narratione
923 465 968 501 (le
999 465 1157 501 coloniae
1195 466 1313 502 Bolas
1345 467 1537 504 mittendae

121 538 290 577 conatu).
332 531 394 567 ubi
428 532 470 568 L.
503 532 666 568 Sestio
697 533 870 577 editur‚e
901 535 1089 571 bonorum
1121 536 1294 572 codicum
1327 537 1532 586 scriptura,

122 602 167 640 L.
199 602 378 647 Dexio,
417 612 518 638 recte
563 603 638 639 iam
670 603 707 638 in
740 617 814 640 uno
847 613 881 640 et
913 605 1033 641 altero
1065 607 1274 642 recentiore
1305 608 1449 644 factum
1480 616 1536 644 est

122 673 166 710 L.
200 673 361 710 Decio.
422 674 596 710 Eundem
629 675 746 710 suis-se
769 675 972 719 tribunum,
1005 677 1068 723 qui
1086 677 1263 724 proximo
1281 690 1381 713 anno
1401 681 1437 721 (ξ
1459 680 1468 713 l
1488 679 1534 725 1).

121 756 237 790 quum
269 743 393 791 legem
424 745 615 792 agrariam
651 746 785 783 ferret-
818 746 932 781 etiam
965 754 1002 781 ut
1036 747 1152 783 Bolas
1184 748 1308 784 coloni
1342 749 1535 784 mitteren-

118 822 191 851 tur.
209 814 375 850 laturum
406 828 446 851 se
478 815 628 859 dixerit,
648 824 681 852 et
715 816 779 863 qui
799 815 850 851 ibi
869 816 1063 853 Sestius
1096 818 1311 866 appelletur
1335 819 1408 863 (M.
1425 819 1535 856 Sex-

120 885 218 920 tius
248 885 365 924 MLl,
401 893 499 922 cett..
530 886 602 922 hac
633 886 839 934 scriptura:
877 899 1012 934 quam
1046 887 1213 923 »Sextio
1244 901 1314 935 pro
1351 902 1441 936 qua
1480 890 1532 927 M.

120 955 338 999 Sextio),
380 956 511 992 Livius
552 969 675 1004 neque
713 956 803 991 dicit
841 969 965 1003 neque
992 957 1180 1005 significat
1211 967 1421 1007 contraque
1451 968 1534 996 tan-

119 1040 234 1074 quam
270 1027 316 1063 de
359 1027 434 1062 alio
479 1027 631 1063 homine
689 1026 800 1063 Decii
840 1027 1038 1063 consilium
1070 1041 1155 1064 cuni
1190 1040 1259 1064 suo
1291 1031 1535 1079 coniungenti

118 1102 202 1139 (aut
232 1098 522 1134 coniuncturum
552 1105 698 1133 tantum
731 1110 771 1133 se
802 1098 1010 1136 minitanti)
1054 1096 1246 1146 narrat-¹).

228 1166 324 1215 Cap.
359 1171 421 1213 51,
455 1170 498 1204 3:
531 1170 566 1203 A
600 1168 739 1216 plebe
770 1181 1008 1205 consensu
1041 1170 1208 1217 populi
1247 1171 1534 1208 consulibus

115 1239 358 1286 negotium
390 1239 661 1277 mandatur.
722 1240 817 1286 Quae
847 1239 1084 1276 Niebulirius
1119 1240 1164 1275 de
1190 1241 1358 1288 populi
1380 1243 1533 1279 nomine

114 1309 208 1344 dixit
241 1322 263 1345 a
290 1310 402 1345 Livio
432 1309 621 1345 interdum
654 1310 700 1345 de
729 1310 901 1358 patriciis
932 1311 985 1346 ita
1016 1310 1166 1358 posito,
1204 1320 1245 1346 ut
1273 1311 1380 1359 plebs
1407 1314 1455 1348 ab
1488 1313 1533 1349 iis

113 1379 285 1416 seiuncta
316 1380 561 1429 cogitaretur,
595 1392 704 1416 nunc.
737 1381 885 1429 opinor,
906 1380 1081 1416 omittere
1112 1381 1193 1417 sine
1225 1382 1456 1419 refutatione
1486 1384 1533 1419 li-

115 1456 191 1494 cet;
220 1463 379 1498 prorsus
409 1451 507 1487 enim
543 1452 623 1487 sine
655 1452 730 1487 ullo
761 1460 986 1499 argumento
1018 1453 1221 1499 finguntur.
1281 1453 1376 1488 Eius
1406 1462 1533 1490 autem

116 1520 268 1568 populi‚
303 1522 368 1569 qui
399 1535 419 1558 e
448 1521 619 1569 patriciis
654 1531 690 1557 et
719 1523 828 1570 plebe
861 1529 1033 1565 constat,
1065 1535 1250 1558 consensu
1283 1523 1385 1559 nullo
1416 1526 1532 1561 modo

114 1590 223 1638 plebs
274 1591 347 1627 dici
402 1599 529 1640 potest
585 1592 793 1640 quidquam
834 1593 871 1628 in
923 1592 1001 1628 suis
1041 1593 1126 1641 ipsa
1175 1594 1338 1630 comitiis
1393 1595 1533 1641 facere,

113 1659 334 1709 frustraque
365 1662 699 1699 Weissenbornius
732 1663 838 1699 locos
883 1663 931 1698 ad
976 1663 1074 1699 lianc
1117 1677 1197 1700 rem
1238 1665 1331 1700 nihil
1377 1667 1532 1703 omnino

114 1732 348 1779 pertinentes
379 1733 543 1782 collegit,
576 1734 613 1770 in
645 1733 783 1782 quibus
824 1745 1091 1770 consensus
1122 1736 1291 1783 populi
1322 1744 1387 1772 aut
1419 1738 1532 1774 civi-

139 1919 171 1963 ¹)
214 1923 342 1954 Eodem
377 1926 453 1957 loco
488 1926 587 1956 velim
624 1927 772 1964 attendi,
820 1927 1101 1966 quemadmodum
1135 1938 1153 1957 a
1186 1928 1465 1959 Drakenborchio
1499 1936 1533 1960 ct

206 1984 486 2018 VVeissenbornio
513 1988 606 2027 (nam
638 1988 842 2019 Alschel'skii
869 1989 1033 2019 rationem
1060 2000 1127 2020 non
1152 1990 1276 2030 habeo)
1312 1991 1533 2030 redarguatur

206 2047 248 2077 T.
276 2047 409 2080 Faber.
440 2049 492 2079 cui
519 2050 735 2090 displicuerat
761 2051 832 2081 haec
860 2051 1048 2082 barbaries:
1081 2052 1231 2088 *lignos
1260 2061 1363 2088 csse,
1391 2061 1530 2082 eorum

206 2108 349 2140 urbem
380 2119 493 2150 csse,
530 2112 623 2142 cuius
657 2112 740 2142 nihil
773 2112 950 2152 quisquam
984 2113 1090 2144 simile
1123 2120 1181 2143 aut
1206 2113 1345 2154 protulit
1371 2120 1428 2143 aut
1452 2123 1532 2154 pro-

205 2169 297 2204 seret.
349 2170 428 2209 (Est
462 2173 561 2203 etiam
589 2173 731 2204 alterum
758 2175 874 2204 vitium
900 2175 933 2204 in
960 2184 1121 2212 eorum,
1161 2176 1249 2214 quod
1267 2198 1274 2212 ,
1315 2175 1340 2206 si
1368 2175 1432 2205 dici
1459 2176 1530 2206 ullo

208 2233 309 2263 modo
339 2234 385 2264 ita
409 2241 532 2275 posset,
561 2234 706 2265 debebat
733 2245 804 2266 esse
832 2236 977 2276 suam.)
1029 2236 1091 2266 Hic
1112 2246 1256 2278 quoque⁷
1283 2246 1384 2276 quum
1414 2237 1531 2268 Livius

205 2295 410 2335 scripsisset,
443 2303 481 2327 ut
506 2296 617 2326 Faber
642 2296 742 2327 vidit:
784 2297 955 2337 dignum
999 2298 1109 2328 euim
1142 2307 1253 2335 esse,
1287 2299 1358 2338 qui
1395 2300 1528 2329 armis

205 2357 442 2398 cepissent,
477 2367 619 2388 eorum
659 2358 805 2388 urbem
842 2368 1079 2399 agrumque
1110 2360 1322 2391 Bolanum
1351 2361 1531 2398 esse,1i-

206 2418 354 2456 brarius,
389 2428 459 2449 non
488 2418 660 2449 intellecta
692 2421 942 2451 constructione
969 2421 1146 2461 (eorum,
1175 2422 1246 2462 qui
1273 2423 1529 2464 cepissent),

207 2479 367 2519 dignos
394 2480 546 2520 scripsit,
583 2491 722 2512 numero
745 2489 778 2512 et
802 2491 927 2521 genere
953 2483 1208 2514 accommodato
1232 2484 1275 2514 ad
1302 2484 1393 2524 qui,
1437 2486 1527 2525 qnod

205 2543 357 2582 proxime
383 2542 598 2582 sequebatur.
660 2545 688 2573 A
717 2544 860 2574 consilio
887 2554 961 2575 meo
989 2545 1193 2576 discederem
1210 2569 1217 2582 ‚
1259 2546 1285 2575 si
1313 2546 1346 2576 in
1373 2556 1401 2578 c.
1425 2549 1478 2583 48,
1506 2550 1525 2576 9

171 2598 181 2605 ”
205 2613 272 2633 non
315 2603 425 2634 minus
468 2605 589 2634 bonam
625 2605 774 2635 eiusdem
809 2606 911 2636 Fabri
955 2607 1183 2637 coniecturam
1227 2616 1526 2638 commemorarem

206 2667 348 2705 (quum
371 2667 572 2697 universo
599 2667 741 2697 ordini
774 2675 860 2697 tum
885 2668 1158 2708 primoribus
1182 2670 1368 2709 patrum)
