1811 2925
216 147 289 179 Lib.
309 146 479 178 XXXVI.
885 146 964 182 422

215 269 466 307 Commodius
503 267 661 315 praeda
711 273 747 302 et
793 266 926 303 acies
972 266 1148 302 universe
1193 266 1290 302 inter
1334 279 1373 303 se
1404 268 1634 314 referuntur,

215 354 292 377 non
320 340 464 384 addito,
492 337 717 385 quibuscum
748 342 961 385 pugnatum
997 336 1055 372 sit.
1120 334 1214 382 (Cfr.
1234 349 1317 384 quae
1335 338 1383 373 ad
1408 339 1635 384 XXXVII,

217 413 281 455 30,
312 411 333 446 2
371 408 575 451 dicentur.)

327 479 422 527 Cap.
453 479 518 523 28,
554 480 575 514 6
609 477 663 522 (in
694 472 760 512 M?
790 476 906 512 Acilii
938 475 1112 511 oratione
1130 476 1179 512 ad
1199 477 1421 513 AEtolorum
1453 478 1638 526 legatos):

215 551 401 598 Itaque,
432 550 476 586 ni
506 560 718 596 propere
750 545 975 594 fit5quosl
1006 546 1201 594 impero,
1225 547 1400 583 vinciri
1431 560 1513 583 vos
1543 548 1634 584 iam

215 620 371 658 iubeo.
440 619 554 667 Quod
586 617 694 653 verbi
726 623 877 666 tempus
910 630 1025 653 unum
1059 616 1096 652 in
1130 616 1197 652 tali
1224 617 1519 653 comminatione
1549 630 1635 653 enm

215 690 406 739 particula
436 690 526 726 iam
554 688 733 736 coniungi
763 694 865 724 recte
896 692 1046 737 potest,
1081 687 1198 723 habet
1227 687 1277 723 B:
1319 686 1411 722 iam
1446 688 1633 724 iubebo.

217 760 302 810 (De
331 761 374 797 M
407 762 584 802 taeetur.)
643 759 729 794 Nec
757 757 843 793 ideo
876 771 951 793 non
982 769 1139 805 prorsus
1169 757 1336 805 legitime
1359 757 1396 792 in
1414 758 1638 794 condicione

216 842 382 879 praesens
413 830 568 878 ponitur
605 829 652 865 de
683 841 751 873 eo,
798 828 901 875 quod
945 828 1020 863 iam
1052 829 1092 863 fit
1125 833 1189 863 aut
1222 827 1508 874 quummaxime
1555 828 1637 863 fieri

217 901 349 949 incipit
378 901 508 937 fierive
539 899 651 935 debet
691 899 755 946 (de
784 911 862 946 qua
891 911 932 934 re
973 904 1007 934 et
1041 897 1154 934 ceteri
1188 898 1429 945 grammatici
1463 898 1636 946 praecipi-

216 977 284 1007 unt
327 977 363 1007 et-
394 983 465 1019 ego
508 970 677 1007 breviter
720 968 886 1017 praecepi
925 968 1101 1006 Graium.
1149 969 1235 1003 Lat.
1283 971 1300 1011 ς’
1334 970 1410 1004 340
1454 974 1530 1006 not.
1586 971 1638 1013 l),

218 1042 463 1089 maximeque
489 1040 822 1083 comminationis,
867 1039 904 1074 in
944 1051 1020 1086 qua
1052 1050 1203 1074 omnem
1235 1037 1455 1073 dilationem
1490 1044 1525 1073 et
1556 1050 1639 1074 mo-

218 1124 302 1147 ram
356 1111 546 1148 sublatam
596 1111 786 1155 volumus,
830 1109 1008 1158 proprius
1049 1116 1103 1144 est
1148 1108 1208 1144 hie
1248 1108 1445 1156 praesentis
1478 1120 1561 1144 cum
1593 1108 1639 1143 ni

216 1179 348 1230 (nisi)
380 1194 491 1227 usus,
538 1188 721 1229 sequent-e
763 1187 829 1216 aut
858 1181 1096 1228 praecedente
1122 1178 1270 1223 futuro3
1315 1191 1362 1214 ex
1394 1190 1469 1225 quo
1500 1190 1639 1226 genere

218 1258 254 1287 et,
283 1252 375 1287 illud
407 1258 462 1288 est
494 1252 596 1300 apud
628 1251 852 1288 Ciceronem
883 1250 921 1286 in
952 1250 1064 1285 Verr.
1095 1249 1175 1293 IV,
1208 1250 1277 1285 39:
1307 1248 1515 1284 moriere
1545 1249 1638 1284 vir-

216 1322 312 1370 gis3
344 1322 437 1357 nisi
469 1321 583 1358 mihi
614 1322 801 1369 signum
838 1320 1054 1356 traditur
1091 1319 1173 1366 (cfr.
1206 1320 1238 1364 1,
1271 1320 1342 1361 32„
1376 1319 1441 1365 82)
1477 1325 1513 1354 et
1545 1319 1639 1355 alte—

219 1405 303 1428 rum
344 1405 390 1427 ex
437 1392 612 1428 oratione
654 1392 699 1427 de
739 1403 828 1439 rege
868 1389 1137 1427 Alexandrino
1180 1394 1374 1424 servatum
1411 1388 1638 1433 (Scholiast.

218 1461 339 1498 Cicer.
372 1462 416 1498 ed
450 1462 568 1500 Orell.
601 1462 654 1497 ΙΙ.
695 1475 732 1510 p.
769 1464 886 1508 351):
925 1473 1015 1496 non
1059 1459 1221 1508 patiar
1258 1459 1378 1495 hanc
1416 1459 1641 1495 exaudiri

218 1544 382 1568 vocem
413 1533 551 1569 huius
583 1531 796 1581 imperii:
835 1532 935 1580 Ego
963 1537 1031 1575 te,
1063 1529 1155 1565 nisi
1189 1530 1269 1568 das
1301 1529 1513 1577 aliquid,
1556 1530 1641 1565 ho-

217 1608 353 1648 stem,
387 1603 567 1650 siquid
601 1603 822 1647 dederis,
864 1614 1022 1650 regem
1066 1609 1109 1636 et
1154 1599 1334 1635 socium
1367 1606 1407 1634 et
1441 1599 1640 1634 amicum

218 1672 471 1718 iudicabo,
514 1679 550 1708 et
581 1673 683 1721 apud
720 1672 870 1708 Livium
903 1673 976 1707 hoc
1006 1685 1053 1707 ex
1084 1671 1163 1715 VI,
1201 1673 1273 1715 15,
1307 1672 1355 1707 6:
1388 1669 1641 1718 quodnisi

216 1742 354 1787 facis,
489 1742 533 1777 in
565 1742 734 1778 vinela
767 1748 810 1777 te
848 1742 955 1778 duci
992 1741 1182 1779 iubebo.
1244 1742 1334 1777 Non
1368 1745 1538 1775 mutatur
1567 1751 1642 1784 res,

217 1813 421 1849 submit-uto
470 1824 540 1860 pro
586 1810 718 1847 futuro
762 1811 993 1859 imperativo
1027 1817 1259 1859 exspecta
1307 1817 1370 1846 aut
1418 1809 1550 1854 simili,
1601 1815 1641 1844 nt

218 1883 472 1926 XXXVIII,
509 1883 568 1917 14.
607 1882 672 1916 12:
716 1881 993 1929 Quingenta
1025 1882 1216 1917 talenta
1243 1881 1336 1916 nisi
1367 1879 1533 1915 triduo
1563 1891 1642 1914 nu-

217 1951 785 2004 meras,‘populationem
816 1952 861 1988 in
896 1953 1027 2000 agris
1067 1979 1103 1989 ..
1143 1957 1392 1998 exspecta.

333 2022 428 2070 Cap.
484 2024 558 2066 34,
609 2023 630 2057 9
679 2028 714 2056 et
750 2023 795 2057 10
844 2022 896 2067 (in
929 2023 1103 2058 oratione
1137 2022 1185 2057 T.
1218 2020 1385 2067 Quinctii
1416 2020 1478 2056 M.'
1511 2019 1642 2055 Acilio

219 2094 429 2138 suadentis,
460 2106 507 2128 ne
537 2093 575 2128 in
606 2093 803 2140 Naupacti
839 2092 1128 2140 oppugnatione
1159 2096 1336 2140 perstem:
1367 2089 1519 2136 Atqui
1549 2101 1640 2124 non

218 2168 404 2198 tantum
441 2162 647 2199 interest
693 2169 890 2206 nostra,
921 2162 1197 2198 AEtolorum
1250 2172 1362 2209 opes
1412 2172 1463 2195 ae
1510 2159 1641 2195 vires

217 2232 377 2276 minui,v
410 2240 634 2280 quantum
666 2246 756 2268 non
796 2245 946 2280 supra
989 2233 1175 2268 modum
1216 2230 1493 2278 Philippum
1538 2241 1639 2264 ere-

217 2314 380 2346 scere,
423 2309 466 2337 et
495 2303 717 2339 vietoriae
749 2309 839 2338 tuae
869 2302 1118 2350 praemium
1151 2308 1196 2338 te
1225 2301 1503 2347 militesque
1533 2305 1642 2335 tuos

218 2372 421 2408 nondum
456 2373 571 2408 duas
601 2373 770 2417 urbes,
817 2372 1100 2420 Philippum
1144 2376 1215 2406 tot
1244 2376 1411 2418 gentes
1442 2369 1642 2406 Graeciae

217 2443 409 2478 habere.
451 2443 545 2479 Haec
577 2443 668 2490 quid
700 2444 887 2479 haberent
904 2443 942 2478 in
956 2441 1144 2478 sententia
1156 2440 1249 2484 vitii3
1272 2452 1387 2487 quum
1405 2440 1515 2476 Imm.
1535 2438 1638 2474 Bek-

216 2512 330 2548 kerus
361 2512 642 2561 perspexisset,
681 2518 916 2560 postremam
948 2518 1096 2560 partem
1141 2511 1229 2546 inde
1260 2523 1283 2545 a
1312 2509 1438 2544 verbis
1471 2515 1514 2545 et
1544 2509 1638 2545 vic-

216 2582 351 2618 toriae
382 2589 470 2618 tuae
493 2581 694 2617 delendam
712 2581 1380 2630 significavit,cuiusiudiciicausam
1392 2580 1643 2628 Kreyssigius

218 2659 252 2687 et
282 2651 620 2687 VVeissenbornius
653 2652 749 2687 adeo
793 2665 868 2688 non
911 2652 1193 2696 intellexerunt,
1217 2657 1257 2686 ut
1280 2649 1433 2686 omnino
1464 2662 1516 2694 se,
1548 2650 1641 2698 quid
