<?xml version="1.0" encoding="UTF-8"?>
<!DOCTYPE html PUBLIC "-//W3C//DTD XHTML 1.0 Transitional//EN"
    "http://www.w3.org/TR/xhtml1/DTD/xhtml1-transitional.dtd">
<html xmlns="http://www.w3.org/1999/xhtml" xml:lang="en" lang="en">
 <head>
  <title>
</title>
<meta http-equiv="Content-Type" content="text/html;charset=utf-8" />
  <meta name='ocr-system' content='tesseract 3.04.00' />
  <meta name='ocr-capabilities' content='ocr_page ocr_carea ocr_par ocr_line ocrx_word'/>
</head>
<body>
  <div class='ocr_page' id='page_1' title='image "./emendationeslivi00madvuoft_0235.png"; bbox 0 0 1811 2925; ppageno 0'>
   <div class='ocr_carea' id='block_1_1' title="bbox 813 157 1513 194">
    <p class='ocr_par' dir='ltr' id='par_1_1' title="bbox 813 157 1513 194">
     <span class='ocr_line' id='line_1_1' title="bbox 813 157 1513 194; baseline 0.006 -9"><span class='ocrx_word' id='word_1_1' title='bbox 813 158 890 194; x_wconf 79' lang='lat'>‘229</span> <span class='ocrx_word' id='word_1_2' title='bbox 1321 157 1395 189; x_wconf 69' lang='lat' dir='ltr'>Lib,</span> <span class='ocrx_word' id='word_1_3' title='bbox 1415 157 1513 189; x_wconf 81' lang='lat' dir='ltr'>XXI.</span> 
     </span>
    </p>
   </div>
   <div class='ocr_carea' id='block_1_2' title="bbox 133 279 1562 2676">
    <p class='ocr_par' dir='ltr' id='par_1_2' title="bbox 133 279 1562 1892">
     <span class='ocr_line' id='line_1_2' title="bbox 141 279 1562 330; baseline 0.001 -13"><span class='ocrx_word' id='word_1_4' title='bbox 141 288 372 330; x_wconf 79' lang='lat' dir='ltr'>spectare</span> <span class='ocrx_word' id='word_1_5' title='bbox 402 280 548 317; x_wconf 89' lang='lat' dir='ltr'>iubet.</span> <span class='ocrx_word' id='word_1_6' title='bbox 608 279 699 316; x_wconf 83' lang='lat' dir='ltr'>Non</span> <span class='ocrx_word' id='word_1_7' title='bbox 731 280 948 317; x_wconf 85' lang='lat' dir='ltr'>enarrando</span> <span class='ocrx_word' id='word_1_8' title='bbox 967 280 1370 330; x_wconf 77' lang='lat' dir='ltr'>[„fastexspectare“‚</span> <span class='ocrx_word' id='word_1_9' title='bbox 1388 282 1562 330; x_wconf 56' lang='lat' dir='ltr'>Weiss),</span> 
     </span>
     <span class='ocr_line' id='line_1_3' title="bbox 146 350 1562 403; baseline 0.001 -15"><span class='ocrx_word' id='word_1_10' title='bbox 146 352 212 388; x_wconf 85' lang='lat' dir='ltr'>sed</span> <span class='ocrx_word' id='word_1_11' title='bbox 244 352 470 400; x_wconf 88' lang='lat' dir='ltr'>corrigendo</span> <span class='ocrx_word' id='word_1_12' title='bbox 501 350 601 388; x_wconf 86' lang='lat' dir='ltr'>effici</span> <span class='ocrx_word' id='word_1_13' title='bbox 633 351 744 388; x_wconf 86' lang='lat' dir='ltr'>debet</span> <span class='ocrx_word' id='word_1_14' title='bbox 776 352 965 401; x_wconf 90' lang='lat' dir='ltr'>signum</span> <span class='ocrx_word' id='word_1_15' title='bbox 1106 360 1413 401; x_wconf 85' lang='lat' dir='ltr'>exspectare.</span> <span class='ocrx_word' id='word_1_16' title='bbox 1473 353 1562 403; x_wconf 84' lang='lat' dir='ltr'>Sig-</span> 
     </span>
     <span class='ocr_line' id='line_1_4' title="bbox 144 423 1562 474; baseline 0.001 -15"><span class='ocrx_word' id='word_1_17' title='bbox 144 436 234 459; x_wconf 92' lang='lat' dir='ltr'>num</span> <span class='ocrx_word' id='word_1_18' title='bbox 266 428 548 471; x_wconf 73' lang='lat' dir='ltr'>spectatur,</span> <span class='ocrx_word' id='word_1_19' title='bbox 591 435 710 470; x_wconf 89' lang='lat' dir='ltr'>quum</span> <span class='ocrx_word' id='word_1_20' title='bbox 752 423 827 459; x_wconf 84' lang='lat' dir='ltr'>iam</span> <span class='ocrx_word' id='word_1_21' title='bbox 859 423 1100 472; x_wconf 84' lang='lat' dir='ltr'>propositum</span> <span class='ocrx_word' id='word_1_22' title='bbox 1132 431 1189 460; x_wconf 83' lang='lat' dir='ltr'>est.</span> <span class='ocrx_word' id='word_1_23' title='bbox 1222 424 1454 472; x_wconf 84' lang='lat' dir='ltr'>(eodemque</span> <span class='ocrx_word' id='word_1_24' title='bbox 1485 425 1562 474; x_wconf 89' lang='lat' dir='ltr'>sig-</span> 
     </span>
     <span class='ocr_line' id='line_1_5' title="bbox 145 494 1560 544; baseline 0.001 -14"><span class='ocrx_word' id='word_1_25' title='bbox 145 495 300 531; x_wconf 85' lang='lat' dir='ltr'>nificatu</span> <span class='ocrx_word' id='word_1_26' title='bbox 330 494 477 543; x_wconf 73' lang='lat' dir='ltr'>gloria,</span> <span class='ocrx_word' id='word_1_27' title='bbox 515 495 716 543; x_wconf 86' lang='lat' dir='ltr'>praemium</span> <span class='ocrx_word' id='word_1_28' title='bbox 749 495 914 543; x_wconf 83' lang='lat' dir='ltr'>spectari</span> <span class='ocrx_word' id='word_1_29' title='bbox 953 494 1113 543; x_wconf 85' lang='lat' dir='ltr'>dicitur,</span> <span class='ocrx_word' id='word_1_30' title='bbox 1161 495 1252 543; x_wconf 86' lang='lat' dir='ltr'>quia</span> <span class='ocrx_word' id='word_1_31' title='bbox 1286 508 1331 531; x_wconf 86' lang='lat' dir='ltr'>ea</span> <span class='ocrx_word' id='word_1_32' title='bbox 1361 496 1560 544; x_wconf 83' lang='lat' dir='ltr'>proposita</span> 
     </span>
     <span class='ocr_line' id='line_1_6' title="bbox 145 565 1561 615; baseline 0.001 -13"><span class='ocrx_word' id='word_1_33' title='bbox 145 566 194 602; x_wconf 94' lang='lat' dir='ltr'>ob</span> <span class='ocrx_word' id='word_1_34' title='bbox 225 565 356 602; x_wconf 86' lang='lat' dir='ltr'>oculos</span> <span class='ocrx_word' id='word_1_35' title='bbox 387 567 618 612; x_wconf 74' lang='lat' dir='ltr'>versantur),</span> <span class='ocrx_word' id='word_1_36' title='bbox 649 566 817 602; x_wconf 85' lang='lat' dir='ltr'>nondum</span> <span class='ocrx_word' id='word_1_37' title='bbox 835 566 1076 615; x_wconf 85' lang='lat' dir='ltr'>propositum</span> <span class='ocrx_word' id='word_1_38' title='bbox 1103 574 1249 602; x_wconf 84' lang='lat' dir='ltr'>tantum</span> <span class='ocrx_word' id='word_1_39' title='bbox 1282 567 1561 615; x_wconf 81' lang='lat' dir='ltr'>exspectari</span> 
     </span>
     <span class='ocr_line' id='line_1_7' title="bbox 142 636 1562 687; baseline 0.001 -14"><span class='ocrx_word' id='word_1_40' title='bbox 142 642 270 686; x_wconf 84' lang='lat' dir='ltr'>potest</span> <span class='ocrx_word' id='word_1_41' title='bbox 301 642 386 681; x_wconf 76' lang='lat' dir='ltr'>aut,</span> <span class='ocrx_word' id='word_1_42' title='bbox 437 636 469 673; x_wconf 88' lang='lat' dir='ltr'>si</span> <span class='ocrx_word' id='word_1_43' title='bbox 498 637 612 673; x_wconf 83' lang='lat' dir='ltr'>auxie</span> <span class='ocrx_word' id='word_1_44' title='bbox 648 649 797 685; x_wconf 82' lang='lat' dir='ltr'>quaeras</span> <span class='ocrx_word' id='word_1_45' title='bbox 829 644 885 683; x_wconf 85' lang='lat' dir='ltr'>et,</span> <span class='ocrx_word' id='word_1_46' title='bbox 929 637 1028 674; x_wconf 88' lang='lat' dir='ltr'>unde</span> <span class='ocrx_word' id='word_1_47' title='bbox 1060 644 1262 674; x_wconf 85' lang='lat' dir='ltr'>venturum</span> <span class='ocrx_word' id='word_1_48' title='bbox 1294 637 1364 677; x_wconf 75' lang='lat' dir='ltr'>sit,</span> <span class='ocrx_word' id='word_1_49' title='bbox 1395 638 1562 687; x_wconf 81' lang='lat' dir='ltr'><strong>ignores.</strong></span> 
     </span>
     <span class='ocr_line' id='line_1_8' title="bbox 143 706 1561 757; baseline 0.002 -14"><span class='ocrx_word' id='word_1_50' title='bbox 143 706 466 756; x_wconf 81' lang='lat' dir='ltr'>circumspectari.</span> <span class='ocrx_word' id='word_1_51' title='bbox 532 708 594 744; x_wconf 91' lang='lat' dir='ltr'>De</span> <span class='ocrx_word' id='word_1_52' title='bbox 624 707 935 756; x_wconf 82' lang='lat' dir='ltr'>frequentissima</span> <span class='ocrx_word' id='word_1_53' title='bbox 966 708 1191 745; x_wconf 89' lang='lat' dir='ltr'>confusione</span> <span class='ocrx_word' id='word_1_54' title='bbox 1222 709 1423 757; x_wconf 87' lang='lat' dir='ltr'>utriusque</span> <span class='ocrx_word' id='word_1_55' title='bbox 1453 710 1561 746; x_wconf 79' lang='lat' dir='ltr'>verbi</span> 
     </span>
     <span class='ocr_line' id='line_1_9' title="bbox 141 778 1560 830; baseline 0.001 -16"><span class='ocrx_word' id='word_1_56' title='bbox 141 778 235 815; x_wconf 86' lang='lat' dir='ltr'>nihil</span> <span class='ocrx_word' id='word_1_57' title='bbox 266 791 362 827; x_wconf 85' lang='lat' dir='ltr'>opus</span> <span class='ocrx_word' id='word_1_58' title='bbox 397 786 453 815; x_wconf 87' lang='lat' dir='ltr'>est</span> <span class='ocrx_word' id='word_1_59' title='bbox 483 779 568 815; x_wconf 88' lang='lat' dir='ltr'>dici.</span> <span class='ocrx_word' id='word_1_60' title='bbox 684 779 832 815; x_wconf 88' lang='lat' dir='ltr'>Eodem</span> <span class='ocrx_word' id='word_1_61' title='bbox 866 780 991 829; x_wconf 86' lang='lat' dir='ltr'>capite</span> <span class='ocrx_word' id='word_1_62' title='bbox 1024 783 1098 827; x_wconf 75' lang='grc'>(7),</span> <span class='ocrx_word' id='word_1_63' title='bbox 1128 780 1195 816; x_wconf 91' lang='lat' dir='ltr'>ubi</span> <span class='ocrx_word' id='word_1_64' title='bbox 1226 780 1352 828; x_wconf 87' lang='lat' dir='ltr'>agitur</span> <span class='ocrx_word' id='word_1_65' title='bbox 1383 780 1429 816; x_wconf 90' lang='lat' dir='ltr'>de</span> <span class='ocrx_word' id='word_1_66' title='bbox 1465 793 1560 830; x_wconf 85' lang='lat' dir='ltr'>pug-</span> 
     </span>
     <span class='ocr_line' id='line_1_10' title="bbox 140 849 1561 899; baseline 0.003 -14"><span class='ocrx_word' id='word_1_67' title='bbox 140 863 192 885; x_wconf 84' lang='lat' dir='ltr'>na</span> <span class='ocrx_word' id='word_1_68' title='bbox 221 849 438 898; x_wconf 77' lang='lat' dir='ltr'>ingentibus</span> <span class='ocrx_word' id='word_1_69' title='bbox 469 851 659 898; x_wconf 80' lang='lat' dir='ltr'>utrimque</span> <span class='ocrx_word' id='word_1_70' title='bbox 689 850 826 886; x_wconf 86' lang='lat' dir='ltr'>animis</span> <span class='ocrx_word' id='word_1_71' title='bbox 862 857 1000 899; x_wconf 87' lang='lat' dir='ltr'>coepta</span> <span class='ocrx_word' id='word_1_72' title='bbox 1022 851 1089 887; x_wconf 89' lang='lat' dir='ltr'>sed</span> <span class='ocrx_word' id='word_1_73' title='bbox 1121 857 1243 895; x_wconf 63' lang='lat' dir='ltr'>nocte„</span> <span class='ocrx_word' id='word_1_74' title='bbox 1276 864 1392 899; x_wconf 89' lang='lat' dir='ltr'>quum</span> <span class='ocrx_word' id='word_1_75' title='bbox 1427 853 1561 889; x_wconf 86' lang='lat' dir='ltr'>etiam-</span> 
     </span>
     <span class='ocr_line' id='line_1_11' title="bbox 142 921 1560 970; baseline 0.002 -14"><span class='ocrx_word' id='word_1_76' title='bbox 142 927 220 956; x_wconf 88' lang='lat' dir='ltr'>tum</span> <span class='ocrx_word' id='word_1_77' title='bbox 258 921 402 957; x_wconf 86' lang='lat' dir='ltr'>incerta</span> <span class='ocrx_word' id='word_1_78' title='bbox 432 921 596 957; x_wconf 75' lang='lat' dir='ltr'>victoria</span> <span class='ocrx_word' id='word_1_79' title='bbox 627 927 750 966; x_wconf 64' lang='lat' dir='ltr'>esset„</span> <span class='ocrx_word' id='word_1_80' title='bbox 793 922 1002 970; x_wconf 36' lang='lat' dir='ltr'>diremptar</span> <span class='ocrx_word' id='word_1_81' title='bbox 1042 934 1126 970; x_wconf 86' lang='lat' dir='ltr'>quae</span> <span class='ocrx_word' id='word_1_82' title='bbox 1158 935 1206 958; x_wconf 81' lang='lat' dir='ltr'>ex</span> <span class='ocrx_word' id='word_1_83' title='bbox 1237 922 1412 958; x_wconf 86' lang='lat' dir='ltr'>codicum</span> <span class='ocrx_word' id='word_1_84' title='bbox 1445 923 1560 959; x_wconf 80' lang='lat' dir='ltr'>vesti-</span> 
     </span>
     <span class='ocr_line' id='line_1_12' title="bbox 139 991 1560 1042; baseline 0.002 -15"><span class='ocrx_word' id='word_1_85' title='bbox 139 991 212 1038; x_wconf 83' lang='lat' dir='ltr'>giis</span> <span class='ocrx_word' id='word_1_86' title='bbox 245 992 299 1035; x_wconf 91' lang='lat' dir='ltr'>(P</span> <span class='ocrx_word' id='word_1_87' title='bbox 334 1004 494 1040; x_wconf 83' lang='lat' dir='ltr'>pugna</span> <span class='ocrx_word' id='word_1_88' title='bbox 523 1005 637 1028; x_wconf 87' lang='lat' dir='ltr'>raro</span> <span class='ocrx_word' id='word_1_89' title='bbox 682 993 834 1041; x_wconf 86' lang='lat' dir='ltr'>magis</span> <span class='ocrx_word' id='word_1_90' title='bbox 865 993 1121 1029; x_wconf 80' lang='lat' dir='ltr'>ullaaeaut</span> <span class='ocrx_word' id='word_1_91' title='bbox 1158 992 1415 1041; x_wconf 83' lang='lat' dir='ltr'>utriusque</span> <span class='ocrx_word' id='word_1_92' title='bbox 1444 1007 1560 1042; x_wconf 86' lang='lat' dir='ltr'>par—</span> 
     </span>
     <span class='ocr_line' id='line_1_13' title="bbox 141 1061 1561 1110; baseline 0.004 -13"><span class='ocrx_word' id='word_1_93' title='bbox 141 1061 205 1097; x_wconf 87' lang='lat' dir='ltr'>tis</span> <span class='ocrx_word' id='word_1_94' title='bbox 236 1063 460 1110; x_wconf 78' lang='lat' dir='ltr'>pernicie</span> <span class='ocrx_word' id='word_1_95' title='bbox 490 1063 674 1099; x_wconf 80' lang='lat' dir='ltr'>clarior</span> <span class='ocrx_word' id='word_1_96' title='bbox 704 1062 908 1107; x_wconf 83' lang='lat' dir='ltr'>fuisset)</span> <span class='ocrx_word' id='word_1_97' title='bbox 950 1064 997 1099; x_wconf 85' lang='lat' dir='ltr'>ab</span> <span class='ocrx_word' id='word_1_98' title='bbox 1041 1063 1125 1099; x_wconf 76' lang='lat' dir='ltr'>aliis</span> <span class='ocrx_word' id='word_1_99' title='bbox 1153 1062 1300 1100; x_wconf 82' lang='lat' dir='ltr'>effecta</span> <span class='ocrx_word' id='word_1_100' title='bbox 1332 1071 1439 1110; x_wconf 72' lang='lat' dir='ltr'>sunt,</span> <span class='ocrx_word' id='word_1_101' title='bbox 1484 1077 1561 1102; x_wconf 93' lang='lat' dir='ltr'>non</span> 
     </span>
     <span class='ocr_line' id='line_1_14' title="bbox 139 1133 1559 1183; baseline 0.001 -13"><span class='ocrx_word' id='word_1_102' title='bbox 139 1133 397 1179; x_wconf 78' lang='lat' dir='ltr'>satisfaciu1113</span> <span class='ocrx_word' id='word_1_103' title='bbox 429 1133 634 1181; x_wconf 80' lang='lat' dir='ltr'>requiritur</span> <span class='ocrx_word' id='word_1_104' title='bbox 663 1134 763 1170; x_wconf 86' lang='lat' dir='ltr'>enim</span> <span class='ocrx_word' id='word_1_105' title='bbox 795 1134 960 1183; x_wconf 67' lang='lat' dir='ltr'>aliquid,</span> <span class='ocrx_word' id='word_1_106' title='bbox 1003 1134 1105 1182; x_wconf 91' lang='lat' dir='ltr'>quod</span> <span class='ocrx_word' id='word_1_107' title='bbox 1149 1134 1242 1170; x_wconf 87' lang='lat' dir='ltr'>illis:</span> <span class='ocrx_word' id='word_1_108' title='bbox 1275 1142 1354 1172; x_wconf 87' lang='lat' dir='ltr'>aut</span> <span class='ocrx_word' id='word_1_109' title='bbox 1385 1136 1559 1172; x_wconf 88' lang='lat' dir='ltr'>utrius-</span> 
     </span>
     <span class='ocr_line' id='line_1_15' title="bbox 140 1205 1560 1255; baseline 0.002 -14"><span class='ocrx_word' id='word_1_110' title='bbox 140 1218 227 1253; x_wconf 85' lang='lat' dir='ltr'>que</span> <span class='ocrx_word' id='word_1_111' title='bbox 260 1206 420 1253; x_wconf 86' lang='lat' dir='ltr'>partis</span> <span class='ocrx_word' id='word_1_112' title='bbox 449 1205 673 1254; x_wconf 81' lang='lat' dir='ltr'>pernicie</span> <span class='ocrx_word' id='word_1_113' title='bbox 717 1205 900 1242; x_wconf 88' lang='lat' dir='ltr'>clarior</span> <span class='ocrx_word' id='word_1_114' title='bbox 930 1206 1163 1242; x_wconf 76' lang='lat' dir='ltr'>contrarium</span> <span class='ocrx_word' id='word_1_115' title='bbox 1201 1206 1266 1251; x_wconf 62' lang='lat' dir='ltr'>sit,</span> <span class='ocrx_word' id='word_1_116' title='bbox 1298 1207 1480 1255; x_wconf 88' lang='lat' dir='ltr'>quoniam</span> <span class='ocrx_word' id='word_1_117' title='bbox 1512 1220 1560 1243; x_wconf 81' lang='lat' dir='ltr'>ex</span> 
     </span>
     <span class='ocr_line' id='line_1_16' title="bbox 137 1276 1560 1328; baseline 0.002 -16"><span class='ocrx_word' id='word_1_118' title='bbox 137 1276 354 1325; x_wconf 82' lang='lat' dir='ltr'>ingentibus</span> <span class='ocrx_word' id='word_1_119' title='bbox 386 1276 640 1325; x_wconf 87' lang='lat' dir='ltr'>pugnantium</span> <span class='ocrx_word' id='word_1_120' title='bbox 671 1277 808 1313; x_wconf 84' lang='lat' dir='ltr'>animis</span> <span class='ocrx_word' id='word_1_121' title='bbox 838 1277 1041 1325; x_wconf 68' lang='lat' dir='ltr'>praevideri</span> <span class='ocrx_word' id='word_1_122' title='bbox 1071 1290 1147 1313; x_wconf 87' lang='lat' dir='ltr'>non</span> <span class='ocrx_word' id='word_1_123' title='bbox 1177 1285 1328 1326; x_wconf 43' lang='lat' dir='ltr'>potestff</span> <span class='ocrx_word' id='word_1_124' title='bbox 1361 1279 1560 1328; x_wconf 89' lang='lat' dir='ltr'>utriusque</span> 
     </span>
     <span class='ocr_line' id='line_1_17' title="bbox 136 1347 1559 1398; baseline 0.002 -15"><span class='ocrx_word' id='word_1_125' title='bbox 136 1348 257 1396; x_wconf 85' lang='lat' dir='ltr'>partis</span> <span class='ocrx_word' id='word_1_126' title='bbox 287 1348 454 1397; x_wconf 84' lang='lat' dir='ltr'>pernicie</span> <span class='ocrx_word' id='word_1_127' title='bbox 486 1348 631 1384; x_wconf 85' lang='lat' dir='ltr'>clarum</span> <span class='ocrx_word' id='word_1_128' title='bbox 659 1347 847 1396; x_wconf 88' lang='lat' dir='ltr'>proelium</span> <span class='ocrx_word' id='word_1_129' title='bbox 876 1348 977 1391; x_wconf 87' lang='lat' dir='ltr'>fore;</span> <span class='ocrx_word' id='word_1_130' title='bbox 1009 1349 1131 1385; x_wconf 84' lang='lat' dir='ltr'>altera</span> <span class='ocrx_word' id='word_1_131' title='bbox 1161 1349 1258 1385; x_wconf 91' lang='lat' dir='ltr'>enim</span> <span class='ocrx_word' id='word_1_132' title='bbox 1275 1363 1386 1398; x_wconf 67' lang='lat' dir='ltr'>pars‚</span> <span class='ocrx_word' id='word_1_133' title='bbox 1409 1350 1559 1386; x_wconf 89' lang='lat' dir='ltr'>etiamsi</span> 
     </span>
     <span class='ocr_line' id='line_1_18' title="bbox 137 1419 1558 1470; baseline 0.004 -17"><span class='ocrx_word' id='word_1_134' title='bbox 137 1430 221 1453; x_wconf 88' lang='lat' dir='ltr'>cum</span> <span class='ocrx_word' id='word_1_135' title='bbox 257 1419 376 1455; x_wconf 90' lang='lat' dir='ltr'>multo</span> <span class='ocrx_word' id='word_1_136' title='bbox 407 1419 614 1467; x_wconf 74' lang='lat' dir='ltr'>sanguine,</span> <span class='ocrx_word' id='word_1_137' title='bbox 658 1427 785 1455; x_wconf 88' lang='lat' dir='ltr'>tamen</span> <span class='ocrx_word' id='word_1_138' title='bbox 827 1419 966 1455; x_wconf 81' lang='lat' dir='ltr'>victrix</span> <span class='ocrx_word' id='word_1_139' title='bbox 1003 1420 1209 1468; x_wconf 85' lang='lat' dir='ltr'>perniciem</span> <span class='ocrx_word' id='word_1_140' title='bbox 1247 1421 1371 1457; x_wconf 80' lang='lat' dir='ltr'>vitare</span> <span class='ocrx_word' id='word_1_141' title='bbox 1413 1428 1558 1470; x_wconf 85' lang='lat' dir='ltr'>potest:</span> 
     </span>
     <span class='ocr_line' id='line_1_19' title="bbox 136 1489 1557 1539; baseline 0.002 -14"><span class='ocrx_word' id='word_1_142' title='bbox 136 1497 323 1537; x_wconf 75' lang='lat' dir='ltr'>praeterea</span> <span class='ocrx_word' id='word_1_143' title='bbox 354 1490 503 1537; x_wconf 85' lang='lat' dir='ltr'>magis</span> <span class='ocrx_word' id='word_1_144' title='bbox 533 1489 641 1526; x_wconf 86' lang='lat' dir='ltr'>ulla</span> <span class='ocrx_word' id='word_1_145' title='bbox 673 1502 799 1525; x_wconf 77' lang='lat' dir='ltr'>saeva</span> <span class='ocrx_word' id='word_1_146' title='bbox 843 1489 929 1539; x_wconf 85' lang='lat' dir='ltr'>(aut</span> <span class='ocrx_word' id='word_1_147' title='bbox 962 1491 993 1526; x_wconf 86' lang='lat' dir='ltr'>si</span> <span class='ocrx_word' id='word_1_148' title='bbox 1033 1492 1137 1539; x_wconf 91' lang='lat' dir='ltr'>quod</span> <span class='ocrx_word' id='word_1_149' title='bbox 1170 1492 1293 1529; x_wconf 85' lang='lat' dir='ltr'>simile</span> <span class='ocrx_word' id='word_1_150' title='bbox 1326 1492 1557 1528; x_wconf 81' lang='lat' dir='ltr'>adiectivum</span> 
     </span>
     <span class='ocr_line' id='line_1_20' title="bbox 133 1560 1558 1611; baseline 0.002 -15"><span class='ocrx_word' id='word_1_151' title='bbox 133 1560 306 1608; x_wconf 87' lang='lat' dir='ltr'>ponitur)</span> <span class='ocrx_word' id='word_1_152' title='bbox 338 1560 518 1596; x_wconf 70' lang='lat' dir='ltr'>vitiosum</span> <span class='ocrx_word' id='word_1_153' title='bbox 549 1561 665 1596; x_wconf 88' lang='lat' dir='ltr'>habet</span> <span class='ocrx_word' id='word_1_154' title='bbox 697 1562 902 1597; x_wconf 72' lang='lat' dir='ltr'>verborum</span> <span class='ocrx_word' id='word_1_155' title='bbox 933 1563 1106 1599; x_wconf 86' lang='lat' dir='ltr'>ordinem</span> <span class='ocrx_word' id='word_1_156' title='bbox 1135 1564 1240 1611; x_wconf 75' lang='lat' dir='ltr'>(prot</span> <span class='ocrx_word' id='word_1_157' title='bbox 1271 1563 1375 1599; x_wconf 84' lang='lat' dir='ltr'>ulla</span> <span class='ocrx_word' id='word_1_158' title='bbox 1405 1563 1558 1611; x_wconf 83' lang='lat' dir='ltr'>magis</span> 
     </span>
     <span class='ocr_line' id='line_1_21' title="bbox 137 1630 1559 1683; baseline 0.003 -16"><span class='ocrx_word' id='word_1_159' title='bbox 137 1630 295 1679; x_wconf 81' lang='lat' dir='ltr'>saeva).</span> <span class='ocrx_word' id='word_1_160' title='bbox 361 1632 546 1668; x_wconf 82' lang='lat' dir='ltr'>Fortasse</span> <span class='ocrx_word' id='word_1_161' title='bbox 578 1631 710 1667; x_wconf 79' lang='lat' dir='ltr'>Livius</span> <span class='ocrx_word' id='word_1_162' title='bbox 740 1632 911 1681; x_wconf 87' lang='lat' dir='ltr'>scripsit:</span> <span class='ocrx_word' id='word_1_163' title='bbox 944 1646 1108 1682; x_wconf 87' lang='lat' dir='ltr'>pugna</span> <span class='ocrx_word' id='word_1_164' title='bbox 1145 1647 1260 1671; x_wconf 86' lang='lat' dir='ltr'>raro</span> <span class='ocrx_word' id='word_1_165' title='bbox 1292 1635 1444 1683; x_wconf 72' lang='lat' dir='ltr'>magis</span> <span class='ocrx_word' id='word_1_166' title='bbox 1476 1635 1559 1671; x_wconf 89' lang='lat' dir='ltr'>du-</span> 
     </span>
     <span class='ocr_line' id='line_1_22' title="bbox 138 1701 1558 1754; baseline 0.003 -17"><span class='ocrx_word' id='word_1_167' title='bbox 138 1701 215 1738; x_wconf 83' lang='lat' dir='ltr'>bia</span> <span class='ocrx_word' id='word_1_168' title='bbox 246 1708 326 1738; x_wconf 83' lang='lat' dir='ltr'>aut</span> <span class='ocrx_word' id='word_1_169' title='bbox 497 1702 680 1738; x_wconf 85' lang='lat' dir='ltr'>clarior</span> <span class='ocrx_word' id='word_1_170' title='bbox 710 1701 897 1739; x_wconf 86' lang='lat' dir='ltr'>fuisset.</span> <span class='ocrx_word' id='word_1_171' title='bbox 974 1705 1020 1741; x_wconf 90' lang='lat' dir='ltr'>Id</span> <span class='ocrx_word' id='word_1_172' title='bbox 1063 1705 1151 1741; x_wconf 84' lang='lat' dir='ltr'>sciri</span> <span class='ocrx_word' id='word_1_173' title='bbox 1180 1712 1353 1754; x_wconf 58' lang='lat' dir='ltr'>poterat,</span> <span class='ocrx_word' id='word_1_174' title='bbox 1401 1706 1558 1743; x_wconf 88' lang='lat' dir='ltr'>dubiam</span> 
     </span>
     <span class='ocr_line' id='line_1_23' title="bbox 137 1772 1559 1826; baseline 0.004 -17"><span class='ocrx_word' id='word_1_175' title='bbox 137 1780 174 1809; x_wconf 82' lang='lat' dir='ltr'>et</span> <span class='ocrx_word' id='word_1_176' title='bbox 205 1773 370 1809; x_wconf 84' lang='lat' dir='ltr'>difficilis</span> <span class='ocrx_word' id='word_1_177' title='bbox 400 1772 570 1809; x_wconf 84' lang='lat' dir='ltr'>victoriae</span> <span class='ocrx_word' id='word_1_178' title='bbox 600 1785 769 1821; x_wconf 85' lang='lat' dir='ltr'>pugnam</span> <span class='ocrx_word' id='word_1_179' title='bbox 800 1774 972 1812; x_wconf 80' lang='lat' dir='ltr'>futuram</span> <span class='ocrx_word' id='word_1_180' title='bbox 1002 1774 1122 1811; x_wconf 84' lang='lat' dir='ltr'>fuisse</span> <span class='ocrx_word' id='word_1_181' title='bbox 1155 1782 1221 1812; x_wconf 85' lang='lat' dir='ltr'>aut</span> <span class='ocrx_word' id='word_1_182' title='bbox 1259 1777 1373 1814; x_wconf 87' lang='lat' dir='ltr'>etiam</span> <span class='ocrx_word' id='word_1_183' title='bbox 1406 1777 1559 1826; x_wconf 83' lang='lat' dir='ltr'>utrique</span> 
     </span>
     <span class='ocr_line' id='line_1_24' title="bbox 135 1844 535 1892; baseline 0.003 -13"><span class='ocrx_word' id='word_1_184' title='bbox 135 1844 236 1892; x_wconf 85' lang='lat' dir='ltr'>parti</span> <span class='ocrx_word' id='word_1_185' title='bbox 268 1844 535 1892; x_wconf 85' lang='lat' dir='ltr'>perniciosam.</span> 
     </span>
    </p>

    <p class='ocr_par' dir='ltr' id='par_1_3' title="bbox 136 1913 1561 2676">
     <span class='ocr_line' id='line_1_25' title="bbox 249 1913 1560 1963; baseline 0.002 -12"><span class='ocrx_word' id='word_1_186' title='bbox 249 1913 345 1963; x_wconf 86' lang='lat' dir='ltr'>Cap.</span> <span class='ocrx_word' id='word_1_187' title='bbox 382 1917 454 1959; x_wconf 67' lang='lat'>62,</span> <span class='ocrx_word' id='word_1_188' title='bbox 487 1918 533 1962; x_wconf 67' lang='lat'>4,</span> <span class='ocrx_word' id='word_1_189' title='bbox 578 1917 642 1953; x_wconf 90' lang='lat' dir='ltr'>ubi</span> <span class='ocrx_word' id='word_1_190' title='bbox 687 1929 885 1953; x_wconf 84' lang='lat' dir='ltr'>corvum</span> <span class='ocrx_word' id='word_1_191' title='bbox 915 1917 961 1953; x_wconf 87' lang='lat' dir='ltr'>in</span> <span class='ocrx_word' id='word_1_192' title='bbox 993 1918 1141 1954; x_wconf 83' lang='lat' dir='ltr'>aedem</span> <span class='ocrx_word' id='word_1_193' title='bbox 1173 1918 1377 1954; x_wconf 83' lang='lat' dir='ltr'>Iunonis</span> <span class='ocrx_word' id='word_1_194' title='bbox 1408 1917 1560 1954; x_wconf 89' lang='lat' dir='ltr'>devo-</span> 
     </span>
     <span class='ocr_line' id='line_1_26' title="bbox 138 1985 1559 2036; baseline 0.003 -15"><span class='ocrx_word' id='word_1_195' title='bbox 138 1985 269 2023; x_wconf 79' lang='lat' dir='ltr'>lasse</span> <span class='ocrx_word' id='word_1_196' title='bbox 300 1993 444 2035; x_wconf 85' lang='lat' dir='ltr'>atque</span> <span class='ocrx_word' id='word_1_197' title='bbox 481 1986 527 2022; x_wconf 91' lang='lat' dir='ltr'>in</span> <span class='ocrx_word' id='word_1_198' title='bbox 566 1986 674 2035; x_wconf 90' lang='lat' dir='ltr'>ipso</span> <span class='ocrx_word' id='word_1_199' title='bbox 705 1988 990 2036; x_wconf 76' lang='lat' dir='ltr'>pulvinario</span> <span class='ocrx_word' id='word_1_200' title='bbox 1025 1990 1312 2026; x_wconf 81' lang='lat' dir='ltr'>consedisse</span> <span class='ocrx_word' id='word_1_201' title='bbox 1343 1989 1559 2025; x_wconf 87' lang='lat' dir='ltr'>nuntiatum</span> 
     </span>
     <span class='ocr_line' id='line_1_27' title="bbox 136 2058 1558 2107; baseline 0.004 -16"><span class='ocrx_word' id='word_1_202' title='bbox 136 2062 327 2096; x_wconf 72' lang='lat' dir='ltr'>narratur,</span> <span class='ocrx_word' id='word_1_203' title='bbox 357 2069 434 2093; x_wconf 89' lang='lat' dir='ltr'>non</span> <span class='ocrx_word' id='word_1_204' title='bbox 464 2058 610 2104; x_wconf 70' lang='lat' dir='ltr'>dubito,</span> <span class='ocrx_word' id='word_1_205' title='bbox 641 2059 731 2107; x_wconf 88' lang='lat' dir='ltr'>quin</span> <span class='ocrx_word' id='word_1_206' title='bbox 764 2059 991 2104; x_wconf 69' lang='lat' dir='ltr'>inauditum,</span> <span class='ocrx_word' id='word_1_207' title='bbox 1021 2059 1053 2095; x_wconf 88' lang='lat' dir='ltr'>si</span> <span class='ocrx_word' id='word_1_208' title='bbox 1084 2059 1213 2096; x_wconf 85' lang='lat' dir='ltr'>Plauti</span> <span class='ocrx_word' id='word_1_209' title='bbox 1243 2059 1369 2095; x_wconf 90' lang='lat' dir='ltr'>locum</span> <span class='ocrx_word' id='word_1_210' title='bbox 1401 2060 1558 2096; x_wconf 86' lang='lat' dir='ltr'>dubium</span> 
     </span>
     <span class='ocr_line' id='line_1_28' title="bbox 138 2127 1558 2179; baseline 0.004 -17"><span class='ocrx_word' id='word_1_211' title='bbox 138 2127 332 2175; x_wconf 51' lang='lat' dir='ltr'>excipias⁴¹</span> <span class='ocrx_word' id='word_1_212' title='bbox 383 2128 514 2164; x_wconf 84' lang='lat' dir='ltr'>usitati</span> <span class='ocrx_word' id='word_1_213' title='bbox 559 2130 740 2166; x_wconf 75' lang='lat' dir='ltr'>vocabuli</span> <span class='ocrx_word' id='word_1_214' title='bbox 772 2138 808 2166; x_wconf 82' lang='lat' dir='ltr'>et</span> <span class='ocrx_word' id='word_1_215' title='bbox 839 2143 861 2166; x_wconf 90' lang='lat' dir='ltr'>a</span> <span class='ocrx_word' id='word_1_216' title='bbox 893 2131 1004 2166; x_wconf 81' lang='lat' dir='ltr'>Livio</span> <span class='ocrx_word' id='word_1_217' title='bbox 1049 2142 1150 2179; x_wconf 82' lang='lat' dir='ltr'>saepe</span> <span class='ocrx_word' id='word_1_218' title='bbox 1194 2130 1309 2179; x_wconf 81' lang='lat' dir='ltr'>positi</span> <span class='ocrx_word' id='word_1_219' title='bbox 1348 2131 1558 2168; x_wconf 82' lang='lat' dir='ltr'>ablativum</span> 
     </span>
     <span class='ocr_line' id='line_1_29' title="bbox 137 2198 1560 2246; baseline 0.004 -12"><span class='ocrx_word' id='word_1_220' title='bbox 137 2199 311 2246; x_wconf 85' lang='lat' dir='ltr'>genuerit</span> <span class='ocrx_word' id='word_1_221' title='bbox 345 2211 366 2237; x_wconf 88' lang='lat' dir='ltr'>o</span> <span class='ocrx_word' id='word_1_222' title='bbox 397 2198 525 2236; x_wconf 85' lang='lat' dir='ltr'>littera</span> <span class='ocrx_word' id='word_1_223' title='bbox 570 2207 607 2236; x_wconf 83' lang='lat' dir='ltr'>et</span> <span class='ocrx_word' id='word_1_224' title='bbox 650 2201 825 2237; x_wconf 79' lang='lat' dir='ltr'>seeundae</span> <span class='ocrx_word' id='word_1_225' title='bbox 855 2201 1121 2237; x_wconf 82' lang='lat' dir='ltr'>declinationis</span> <span class='ocrx_word' id='word_1_226' title='bbox 1150 2200 1309 2238; x_wconf 83' lang='lat' dir='ltr'>ablativi</span> <span class='ocrx_word' id='word_1_227' title='bbox 1355 2202 1482 2239; x_wconf 87' lang='lat' dir='ltr'>forma</span> <span class='ocrx_word' id='word_1_228' title='bbox 1512 2216 1560 2239; x_wconf 85' lang='lat' dir='ltr'>ex</span> 
     </span>
     <span class='ocr_line' id='line_1_30' title="bbox 138 2268 1560 2323; baseline 0.004 -19"><span class='ocrx_word' id='word_1_229' title='bbox 138 2268 244 2316; x_wconf 87' lang='lat' dir='ltr'>ipso</span> <span class='ocrx_word' id='word_1_230' title='bbox 276 2269 463 2306; x_wconf 86' lang='lat' dir='ltr'>inhaerens</span> <span class='ocrx_word' id='word_1_231' title='bbox 493 2271 640 2308; x_wconf 89' lang='lat' dir='ltr'>librarii</span> <span class='ocrx_word' id='word_1_232' title='bbox 671 2272 800 2308; x_wconf 89' lang='lat' dir='ltr'>animo</span> <span class='ocrx_word' id='word_1_233' title='bbox 821 2272 1143 2320; x_wconf 87' lang='lat' dir='ltr'>scribendumque</span> <span class='ocrx_word' id='word_1_234' title='bbox 1159 2272 1226 2308; x_wconf 86' lang='lat' dir='ltr'>sit:</span> <span class='ocrx_word' id='word_1_235' title='bbox 1248 2273 1293 2308; x_wconf 89' lang='lat' dir='ltr'>in</span> <span class='ocrx_word' id='word_1_236' title='bbox 1325 2273 1430 2322; x_wconf 88' lang='lat' dir='ltr'>ipso</span> <span class='ocrx_word' id='word_1_237' title='bbox 1461 2274 1560 2323; x_wconf 91' lang='lat' dir='ltr'>pul-</span> 
     </span>
     <span class='ocr_line' id='line_1_31' title="bbox 140 2338 1559 2391; baseline 0.006 -18"><span class='ocrx_word' id='word_1_238' title='bbox 140 2338 310 2375; x_wconf 76' lang='lat' dir='ltr'>vinari.</span> <span class='ocrx_word' id='word_1_239' title='bbox 378 2340 454 2378; x_wconf 85' lang='lat' dir='ltr'>Sed</span> <span class='ocrx_word' id='word_1_240' title='bbox 476 2342 677 2379; x_wconf 85' lang='lat' dir='ltr'>molestior</span> <span class='ocrx_word' id='word_1_241' title='bbox 698 2350 873 2391; x_wconf 86' lang='lat' dir='ltr'>superest</span> <span class='ocrx_word' id='word_1_242' title='bbox 894 2343 930 2379; x_wconf 91' lang='lat' dir='ltr'>in</span> <span class='ocrx_word' id='word_1_243' title='bbox 952 2344 1025 2379; x_wconf 89' lang='lat' dir='ltr'>hoc</span> <span class='ocrx_word' id='word_1_244' title='bbox 1048 2342 1173 2391; x_wconf 87' lang='lat' dir='ltr'>capite</span> <span class='ocrx_word' id='word_1_245' title='bbox 1195 2343 1396 2380; x_wconf 83' lang='lat' dir='ltr'>dubitatio.</span> <span class='ocrx_word' id='word_1_246' title='bbox 1455 2345 1559 2382; x_wconf 75' lang='lat' dir='ltr'>Nam</span> 
     </span>
     <span class='ocr_line' id='line_1_32' title="bbox 139 2409 1561 2463; baseline 0.004 -17"><span class='ocrx_word' id='word_1_247' title='bbox 139 2409 238 2446; x_wconf 85' lang='lat' dir='ltr'>infra</span> <span class='ocrx_word' id='word_1_248' title='bbox 270 2414 303 2455; x_wconf 65' lang='grc' dir='ltr'>(ξ</span> <span class='ocrx_word' id='word_1_249' title='bbox 336 2412 406 2458; x_wconf 83' lang='lat'>9),</span> <span class='ocrx_word' id='word_1_250' title='bbox 437 2412 502 2448; x_wconf 88' lang='lat' dir='ltr'>ubi</span> <span class='ocrx_word' id='word_1_251' title='bbox 533 2421 876 2457; x_wconf 67' lang='lat' dir='ltr'>commemoratur,</span> <span class='ocrx_word' id='word_1_252' title='bbox 928 2426 1012 2462; x_wconf 83' lang='lat' dir='ltr'>quae</span> <span class='ocrx_word' id='word_1_253' title='bbox 1051 2414 1317 2463; x_wconf 85' lang='lat' dir='ltr'>prodigiorum</span> <span class='ocrx_word' id='word_1_254' title='bbox 1349 2428 1561 2463; x_wconf 86' lang='lat' dir='ltr'>procuran-</span> 
     </span>
     <span class='ocr_line' id='line_1_33' title="bbox 140 2480 1560 2533; baseline 0.004 -16"><span class='ocrx_word' id='word_1_255' title='bbox 140 2480 275 2518; x_wconf 86' lang='lat' dir='ltr'>dorum</span> <span class='ocrx_word' id='word_1_256' title='bbox 303 2495 422 2519; x_wconf 85' lang='lat' dir='ltr'>causa</span> <span class='ocrx_word' id='word_1_257' title='bbox 467 2483 622 2520; x_wconf 79' lang='lat' dir='ltr'>decreta</span> <span class='ocrx_word' id='word_1_258' title='bbox 668 2483 850 2532; x_wconf 84' lang='lat' dir='ltr'>factaque</span> <span class='ocrx_word' id='word_1_259' title='bbox 895 2485 989 2527; x_wconf 72' lang='lat' dir='ltr'>sint,</span> <span class='ocrx_word' id='word_1_260' title='bbox 1038 2486 1121 2521; x_wconf 82' lang='lat' dir='ltr'>haec</span> <span class='ocrx_word' id='word_1_261' title='bbox 1157 2485 1355 2533; x_wconf 86' lang='lat' dir='ltr'>leguntur:</span> <span class='ocrx_word' id='word_1_262' title='bbox 1402 2487 1560 2523; x_wconf 84' lang='lat' dir='ltr'>Romae</span> 
     </span>
     <span class='ocr_line' id='line_1_34' title="bbox 141 2553 1561 2605; baseline 0.004 -17"><span class='ocrx_word' id='word_1_263' title='bbox 141 2564 333 2600; x_wconf 89' lang='lat' dir='ltr'>quoque</span> <span class='ocrx_word' id='word_1_264' title='bbox 369 2553 727 2591; x_wconf 82' lang='lat' dir='ltr'>lectisternium</span> <span class='ocrx_word' id='word_1_265' title='bbox 774 2556 1028 2592; x_wconf 84' lang='lat' dir='ltr'>Iuventati</span> <span class='ocrx_word' id='word_1_266' title='bbox 1071 2563 1114 2592; x_wconf 80' lang='lat' dir='ltr'>et</span> <span class='ocrx_word' id='word_1_267' title='bbox 1158 2556 1459 2605; x_wconf 79' lang='lat' dir='ltr'>supplicatio</span> <span class='ocrx_word' id='word_1_268' title='bbox 1504 2558 1561 2593; x_wconf 87' lang='lat' dir='ltr'>ad</span> 
     </span>
     <span class='ocr_line' id='line_1_35' title="bbox 140 2622 1560 2676; baseline 0.004 -18"><span class='ocrx_word' id='word_1_269' title='bbox 140 2622 288 2660; x_wconf 85' lang='lat' dir='ltr'>aedem</span> <span class='ocrx_word' id='word_1_270' title='bbox 317 2624 548 2661; x_wconf 82' lang='lat' dir='ltr'>Herculis</span> <span class='ocrx_word' id='word_1_271' title='bbox 578 2626 1083 2670; x_wconf 67' lang='lat' dir='ltr'>nominatim,deinde</span> <span class='ocrx_word' id='word_1_272' title='bbox 1114 2627 1343 2664; x_wconf 79' lang='lat' dir='ltr'>universo</span> <span class='ocrx_word' id='word_1_273' title='bbox 1378 2628 1560 2676; x_wconf 90' lang='lat' dir='ltr'>populo</span> 
     </span>
    </p>
   </div>
   <div class='ocr_carea' id='block_1_3' title="bbox 142 2693 1563 2760">
    <p class='ocr_par' dir='ltr' id='par_1_4' title="bbox 142 2693 1563 2760">
     <span class='ocr_line' id='line_1_36' title="bbox 142 2693 1563 2760; baseline 0.005 -32"><span class='ocrx_word' id='word_1_274' title='bbox 142 2693 274 2730; x_wconf 85' lang='lat' dir='ltr'>circa</span> <span class='ocrx_word' id='word_1_275' title='bbox 320 2695 479 2732; x_wconf 87' lang='lat' dir='ltr'>omnia</span> <span class='ocrx_word' id='word_1_276' title='bbox 522 2696 816 2744; x_wconf 77' lang='lat' dir='ltr'>pulvinaria</span> <span class='ocrx_word' id='word_1_277' title='bbox 855 2697 1054 2736; x_wconf 84' lang='lat' dir='ltr'>indicta.</span> <span class='ocrx_word' id='word_1_278' title='bbox 1142 2699 1272 2736; x_wconf 84' lang='lat' dir='ltr'>Unum</span> <span class='ocrx_word' id='word_1_279' title='bbox 1316 2699 1389 2735; x_wconf 87' lang='lat' dir='ltr'>hoc</span> <span class='ocrx_word' id='word_1_280' title='bbox 1435 2706 1563 2760; x_wconf 56' lang='lat' dir='ltr'>exstat</span> 
     </span>
    </p>
   </div>
  </div>
 </body>
</html>
