1811 2925
294 133 370 167 Lib.
397 132 510 163 XXII.
914 130 990 165 236

248 255 479 294 Hannibalis
513 254 784 291 coniecturam.
858 251 982 288 Paulo
1013 256 1100 299 post
1141 253 1177 297 (ξ
1211 248 1253 299 ὓ)
1290 255 1392 286 recte
1430 249 1653 286 Gronovius

247 329 284 364 in
314 328 438 376 prima
469 332 646 361 notarum
681 323 846 359 editione
891 321 1005 357 scribi
1036 321 1231 357 voluerat:
1274 320 1464 356 levibus
1510 332 1653 367 proe-

249 399 329 435 liis
504 395 651 431 factis
697 407 767 443 pro
812 392 949 429 actis.
1007 392 1108 428 Nam
1153 391 1405 440 proelium,
1450 402 1653 438 pugnam

248 480 392 516 agere
430 467 466 502 in
500 478 616 514 prosa
656 465 828 501 oratione
858 475 969 499 nemo
999 463 1122 499 bonus
1154 469 1219 498 aut
1251 461 1452 498 mediocris
1492 461 1656 509 scriptor

248 539 343 574 dixit
382 542 472 585 (non
519 536 641 584 magis
680 548 795 584 quam
837 535 1011 571 bollum
1044 546 1206 581 agere,
1256 534 1301 569 de
1349 544 1424 580 quo
1473 532 1655 568 admonui

247 609 414 646 breviter
444 622 480 657 p.
522 608 595 644 1⁰8
628 604 740 656 not),
773 606 947 654 quamvis
979 604 1232 641 corradantur
1264 606 1320 649 (ut
1349 616 1372 639 a
1402 603 1655 639 Drakenbor-

248 680 332 716 chio
361 680 409 716 ad
443 679 522 717 Liv,
556 677 644 726 epit.
679 678 753 723 49)
785 677 898 725 pauci
927 676 1169 712 librariorum
1202 674 1238 709 in
1268 663 1549 722 permutatione
1579 686 1654 709 non

247 763 338 786 rara
369 749 565 795 (factus,
597 748 750 793 actus)
783 759 930 783 errores
963 753 1029 782 aut
1058 746 1163 782 locus
1187 758 1283 781 unus
1315 751 1352 780 et
1372 745 1468 781 alter
1498 758 1520 780 a
1540 752 1655 793 poeta

248 834 359 857 versu
392 826 551 869 cogente
583 824 648 854 aut
678 830 763 853 cuin
794 817 977 866 singulari
1011 817 1140 865 aliqua
1172 816 1449 864 significatione
1479 816 1654 864 scriptus.

359 892 436 928 *In
467 903 550 939 cap.
587 892 648 933 10,
681 891 701 925 3
741 888 863 937 Lipsii
893 887 1209 932 emendationem,
1242 900 1329 935 qua7
1360 886 1657 934 transpositione

248 962 374 1002 facta„
417 975 462 998 ea
506 961 805 1009 coniunguntum
848 972 930 1007 quae
965 959 1152 995 sententia
1182 965 1217 994 et
1248 957 1479 994 narrationis
1519 963 1656 993 natura

249 1034 439 1069 cohaerent
470 1032 615 1078 (hisce
653 1031 850 1075 duellis,
900 1030 1025 1077 quod
1070 1029 1303 1073 duellum,
1350 1035 1452 1065 tum:
1484 1029 1654 1064 donum

249 1104 372 1148 duit,
407 1116 430 1151 q
444 1117 464 1139 u
479 1103 534 1139 od
565 1115 646 1138 ver
676 1101 931 1147 attulerit),
962 1108 1047 1149 post
1082 1100 1324 1137 Gronovium
1356 1113 1431 1135 non
1463 1111 1657 1135 commen-

249 1176 363 1218 dabo„
395 1187 516 1221 neque
547 1174 769 1222 explicabo,
815 1184 927 1219 quam
961 1184 1143 1219 perversa
1181 1171 1275 1215 sint,
1315 1183 1398 1219 quae
1438 1169 1658 1217 excogitata

250 1252 337 1283 sunt
367 1246 415 1281 ad
447 1244 723 1281 defendendam
756 1243 929 1279 codicum
961 1242 1191 1289 scripturam
1233 1242 1335 1277 omni
1366 1240 1550 1277 orationis
1583 1240 1657 1287 legi

249 1325 285 1352 et
324 1317 506 1352 iuncturae
543 1321 820 1363 repugnantem
873 1313 926 1359 (iu
958 1325 1033 1360 qua
1066 1318 1154 1360 post
1184 1311 1371 1360 apodosin
1404 1310 1659 1358 interponitur

250 1386 437 1423 sententia
467 1385 629 1421 relativa
659 1385 708 1420 ad
729 1397 867 1419 nomen
897 1384 934 1419 in
957 1382 1102 1431 protasi
1130 1382 1294 1430 positum
1328 1382 1492 1425 adnexa,
1523 1381 1659 1416 deinde

253 1463 379 1493 autom
426 1456 548 1492 altera
590 1455 779 1492 sententia
822 1455 984 1491 relativa
1029 1453 1196 1489 adhaeret
1247 1452 1389 1488 nomini
1429 1452 1466 1488 in
1498 1452 1659 1500 apodosi

251 1529 378 1578 posito
413 1526 743 1573 accommodata),
782 1527 886 1563 velut
917 1525 1019 1573 quod
1052 1536 1173 1571 nuper
1212 1522 1560 1564 Weissenbornius,
1592 1523 1661 1558 etsi

255 1599 415 1640 dubitat,
451 1604 580 1634 tamen
610 1599 708 1634 hanc
740 1595 1002 1633 confusionem
1032 1594 1178 1641 antiqui
1210 1593 1351 1641 aliquid
1381 1593 1522 1628 habere
1553 1599 1660 1641 putat

255 1678 291 1707 et
331 1669 496 1706 fortasse
538 1682 585 1705 cx
627 1676 776 1705 vetusto
822 1667 927 1703 sonte
965 1679 987 1701 a
1033 1665 1143 1700 Livio
1187 1670 1373 1700 retentam
1406 1676 1510 1708 esse‚
1552 1663 1662 1711 quasi

256 1741 458 1789 quicquam
492 1741 540 1775 sit
570 1741 761 1788 antiquius
781 1746 818 1776 et
838 1745 1008 1775 veterum
1039 1736 1290 1772 formularum
1319 1735 1441 1783 magis
1464 1734 1662 1782 proprium

257 1825 371 1860 quam
388 1812 466 1847 baec
494 1812 579 1859 ipsa
596 1811 632 1846 iu
650 1810 889 1846 substantivo
907 1807 1135 1856 geminando
1154 1805 1368 1854 diligentia:
1400 1806 1535 1841 hisce
1567 1806 1589 1840 b
1605 1805 1663 1840 el-

256 1884 328 1926 lisq
352 1883 478 1930 quod
508 1881 684 1917 bellum
739 1910 773 1918 ..
801 1892 998 1928 quaeque
1028 1877 1167 1914 bella.
1202 1878 1385 1923 (Prorsus
1407 1876 1573 1911 eiusdem
1598 1888 1663 1923 ge-

258 1954 358 1989 neris
389 1952 605 2000 exemplum
640 1951 834 1987 sententiae
863 1950 947 1985 loco
969 1962 1037 1985 suo
1070 1954 1182 1983 motae
1216 1946 1375 1982 alterum
1410 1946 1447 1982 in
1478 1946 1550 1982 hoc
1580 1945 1664 1993 ipso

258 2025 355 2060 libro
387 2036 418 2060 ο.
451 2025 513 2068 33,
546 2024 567 2058 2
601 2035 623 2057 a
654 2021 835 2058 Creverio
867 2028 903 2056 et
934 2017 1250 2056 Drakenborchio
1282 2023 1454 2053 notatum
1489 2022 1556 2059 est,
1601 2016 1664 2051 ubi

260 2093 594 2130 WVeissenbornius
645 2092 783 2128 iniuria
830 2092 1130 2127 additamentum
1174 2089 1330 2123 subesse
1367 2094 1499 2135 putat.
1561 2087 1667 2123 cuius

261 2164 353 2200 nihil
382 2164 418 2199 in
450 2164 580 2200 codice
611 2164 817 2211 archetypo
848 2162 959 2197 huius
991 2160 1144 2196 decadis
1174 2159 1295 2194 simile
1327 2158 1531 2206 reperitur3
1574 2157 1667 2193 alte·

262 2248 345 2271 rum
377 2247 585 2282 coarguam
617 2234 653 2269 in
684 2234 781 2269 libro
814 2232 952 2276 XXX,
1000 2232 1056 2275 12,
1090 2231 1131 2270 3:
1174 2230 1210 2265 in
1242 2229 1367 2277 prima
1397 2229 1540 2264 decade
1570 2228 1668 2264 eius-

262 2305 453 2341 demmodi
499 2303 744 2352 transpositio
784 2309 918 2339 notata
964 2308 1020 2338 est
1059 2301 1156 2337 libro
1190 2300 1305 2343 VIIL
1354 2301 1412 2343 10,
1459 2300 1502 2334 12
1538 2304 1574 2334 et
1612 2298 1669 2341 13,

263 2377 327 2412 ubi
362 2376 473 2411 etiam
507 2388 525 2410 e
569 2380 706 2421 quarta
744 2380 780 2409 et
822 2373 954 2420 quinta
994 2371 1170 2419 exempla
1212 2369 1352 2418 posui.)
1424 2369 1512 2405 Hoc
1554 2368 1671 2416 igitur

266 2447 380 2483 misso
414 2446 596 2481 minorem
628 2457 708 2480 rem
740 2456 865 2492 agam.
927 2444 1028 2479 Nam
1061 2443 1163 2490 quod
1194 2441 1247 2477 sic
1279 2440 1476 2476 scribitur:
1510 2439 1670 2474 datum

267 2519 433 2553 donum
466 2517 586 2557 duit,
628 2515 807 2562 quicquid
839 2514 1060 2551 Gronovius
1092 2513 1256 2556 molitur,
1293 2511 1405 2559 plane
1447 2520 1670 2558 perversum

268 2594 323 2624 est
355 2588 516 2623 datum
559 2586 730 2621 donum
763 2585 874 2620 dare
911 2584 1207 2632 longissimeque
1252 2582 1412 2625 distant,
1455 2592 1538 2628 quae
1568 2591 1672 2615 eom—

266 2663 464 2706 parantun
506 2657 543 2692 in
576 2656 712 2704 quibus
744 2663 809 2692 aut
838 2655 1060 2703 simpliciter
1089 2653 1250 2702 repetita
1291 2651 1390 2688 aetio
1433 2650 1672 2698 significatur
