1811 2925
281 131 355 164 Lib.
381 130 500 162 xxv.
905 131 982 167 292

232 260 335 290 recte
362 252 542 290 castris
572 252 840 289 immisceri
871 252 957 296 dici,
975 252 1112 288 saltem
1145 258 1183 288 et
1210 252 1453 288 incommode
1482 252 1657 289 abundat

235 331 270 360 et
306 336 391 360 cum
422 335 566 371 magna
597 322 850 371 ambiguitate
893 322 990 358 inter
1021 322 1212 358 ablativos
1243 334 1366 370 pravo
1409 322 1494 358 loco
1540 322 1657 358 inter-

233 394 407 443 ponitur3
460 393 627 429 debebat
676 398 777 429 certe
833 393 925 429 dici:
982 392 1217 428 immixtis
1264 392 1323 427 iis
1376 392 1658 440 agrestibus

235 463 471 507 externis3
495 463 579 511 quis
602 463 699 499 enim
719 463 840 500 dicat:
872 464 1211 500 immiscentur
1234 470 1455 511 agrestes
1478 462 1658 498 castris

235 532 457 570 externi?
518 532 559 570 Si
591 540 823 580 agrestes
853 547 932 571 eos
965 540 1197 570 externos
1231 532 1434 580 intelligas,
1476 538 1543 568 aut
1571 533 1659 568 hos

235 610 302 641 aut
330 604 445 640 illos
476 603 551 638 dici
569 603 747 640 debuisse
768 605 910 641 sentias
945 610 982 639 et
1003 603 1079 638 alio
1112 603 1245 639 ordine
1265 604 1385 639 verba
1416 602 1519 650 poni.
1581 601 1659 639 Sed

236 675 340 724 quod
387 673 708 710 VVeissenbornio
763 675 981 711 externis
1030 672 1195 709 inaniter
1253 672 1425 708 additum
1480 672 1659 718 videtur,

234 745 348 781 valde
379 744 428 780 ad
458 757 539 780 rem
572 744 791 792 appositum
822 745 860 780 id
891 744 1122 780 adiectivum
1149 755 1232 779 esse
1261 743 1513 791 intelligetur,
1543 743 1575 778 si
1605 743 1662 779 sic

235 815 521 864 scripserimus:
578 814 815 851 immixtis
875 814 1162 863 agrestibus
1221 821 1265 849 et
1322 813 1382 849 iis
1428 813 1661 849 externis.

237 886 402 924 solvunt
464 884 639 921 ordinem
689 885 895 922 militarem
947 890 1160 920 castrorum
1218 883 1381 919 immixti
1440 883 1659 932 (militibus)

238 963 411 1005 agrestes
445 955 552 1002 iique
583 955 731 991 externi
762 961 799 991 et
829 955 1052 1002 alienigenae
1096 953 1214 1001 (quod
1257 954 1295 989 in
1337 953 1493 989 Punicis
1525 954 1662 989 castris

238 1026 430 1075 Campani
464 1025 603 1071 erant),
635 1025 863 1072 quibuscum
894 1024 1039 1060 nullum
1067 1030 1124 1060 est
1157 1023 1344 1060 sermonis
1376 1024 1663 1069 commercium⁷

240 1097 366 1133 nullus
396 1095 549 1144 imperii
581 1095 903 1132 admonitionisve
932 1094 1158 1130 intellectus.

351 1166 447 1215 Cap.
502 1168 570 1210 14,
633 1168 655 1201 4
702 1165 765 1211 (de
816 1165 1105 1213 oppugnatione
1150 1170 1362 1200 castrorum
1418 1163 1663 1207 Hannonis):

238 1237 469 1275 Proxime
499 1241 650 1284 portae
680 1235 895 1270 hostium
927 1240 1031 1271 erat
1062 1235 1236 1271 cohors
1267 1234 1493 1281 Peligna,
1525 1233 1662 1269 cuius

238 1307 508 1357 praefectus
540 1305 714 1341 Vibius
744 1306 940 1341 Accaus
975 1310 1221 1353 arreptum
1260 1303 1496 1339 vexillum
1527 1310 1664 1339 trans

238 1379 419 1415 vallum
460 1376 683 1413 hostium
727 1375 938 1412 traiecit.
1014 1374 1262 1411 Adiectivum
1293 1374 1496 1422 propius
1528 1373 1664 1410 Livius

239 1462 325 1486 cum
352 1448 482 1484 dativo
517 1446 716 1483 coniunxit
747 1445 965 1495 (propius
997 1447 1141 1491 vero),
1178 1445 1397 1493 proxime
1426 1443 1544 1492 iniis,
1577 1456 1663 1492 quae

239 1524 385 1564 extant,
416 1529 620 1565 nusquam.
682 1517 837 1553 Porta
867 1516 1023 1552 omnino
1055 1527 1174 1564 prave
1197 1521 1533 1559 commemoratur,
1565 1526 1663 1561 quo-

238 1590 342 1626 niam
386 1594 423 1624 et
465 1593 554 1623 ante
597 1586 631 1635 (ξ
675 1586 712 1633 1)
756 1586 889 1622 Livius
932 1587 1131 1623 Romanos
1169 1598 1238 1633 per
1280 1586 1425 1621 vallum
1457 1585 1663 1633 fossasque

239 1661 455 1707 irrumpere
484 1658 524 1694 in
556 1658 684 1694 animo
716 1656 908 1701 habuisse,
953 1669 1030 1692 non
1059 1669 1128 1705 per
1157 1662 1322 1704 portam,
1366 1655 1596 1703 significavit
1626 1661 1663 1691 et

240 1731 277 1766 id
308 1742 432 1774 nunc,
475 1741 592 1776 quum
624 1728 763 1764 Vibius
794 1727 931 1763 milites
963 1727 1072 1775 signo
1102 1734 1208 1762 trans
1240 1726 1381 1762 vallum
1415 1727 1574 1763 traiecto
1604 1726 1663 1762 in-

241 1801 408 1843 citasset,
452 1798 599 1834 factum
639 1804 772 1833 narrat
813 1799 847 1843 (ξ
881 1799 935 1845 5).
1009 1797 1191 1834 Senserat
1233 1797 1314 1832 haec
1355 1796 1482 1832 mendi
1523 1796 1663 1832 indicia

240 1868 600 1911 Weissenb01·nius;
631 1867 874 1904 Gronovium
907 1873 1055 1902 tantum
1088 1879 1199 1902 casus
1229 1879 1305 1901 non
1335 1873 1461 1902 rectus
1493 1865 1664 1902 offende-

241 1946 315 1978 rat.
381 1938 634 1976 Scribendum
666 1937 837 1973 videtur:
876 1936 1105 1972 Proxima
1147 1937 1272 1976 forte
1304 1937 1430 1976 hosti
1459 1943 1562 1972 erat
1592 1949 1662 1972 eo-

241 2011 354 2046 hors
385 2009 608 2056 Peligna.
667 2008 789 2043 Error
819 2012 924 2042 ortus
959 2020 1005 2042 ex
1036 2013 1191 2054 portae
1223 2011 1400 2055 (porte)
1434 2019 1504 2054 pro
1535 2006 1665 2042 forte

242 2080 398 2139 scripto,
431 2079 490 2115 cui
522 2065 658 2114 deinde
690 2077 1023 2113 accommodatum
1047 2084 1101 2113 est
1139 2078 1367 2119 hostium3
1433 2077 1661 2119 (hostium

242 2163 372 2186 errore
402 2163 472 2198 pro
504 2149 634 2185 hosti
662 2154 727 2184 aut
758 2148 986 2183 hostibus
1017 2148 1200 2195 scriptum
1232 2147 1492 2183 demonstravi
1520 2147 1573 2190 X,
1597 2150 1662 2190 40,

250 2221 292 2256 12
326 2226 363 2256 et
396 2220 473 2264 IX,
509 2221 572 2263 37,
610 2220 672 2265 3);
737 2217 808 2254 nisi
846 2217 929 2265 quis
971 2217 1183 2252 hostium
1227 2218 1299 2253 huc
1331 2230 1378 2252 ex
1417 2217 1665 2264 sequentibus

244 2290 441 2338 (vallum
485 2289 714 2330 hostium)
758 2294 922 2324 tractum
970 2287 1156 2334 suspicari
1200 2287 1354 2324 mavult.
1431 2286 1511 2323 Sub
1550 2288 1662 2322 finem

242 2360 378 2408 capitis
423 2361 457 2406 (ξ
496 2361 556 2402 12)
613 2372 688 2395 non
738 2364 839 2394 recte
885 2358 1077 2393 deiecta
1121 2357 1328 2392 hostium
1381 2363 1545 2393 castra
1591 2355 1664 2391 dici

243 2431 335 2466 mihi
378 2430 576 2474 videntur,
623 2442 707 2476 quae
750 2441 873 2476 neque
924 2428 1009 2476 ipsa
1058 2427 1275 2462 eminebant
1321 2426 1662 2474 (quemadmodum

242 2500 423 2537 columna
453 2500 563 2535 deiici
596 2498 749 2546 dicitur)
796 2511 919 2545 neque
955 2511 1002 2533 ex
1034 2497 1112 2532 alto
1144 2503 1180 2532 et
1211 2496 1388 2532 eminenti
1419 2496 1505 2532 loco
1536 2496 1573 2530 in
1605 2495 1666 2530 in-

242 2570 419 2606 feriorem
452 2569 608 2605 detrusa
639 2575 737 2612 sunt,
782 2569 848 2604 sed
879 2574 1033 2604 vastata
1067 2567 1172 2615 (igni,
1217 2573 1256 2602 ut
1288 2566 1435 2614 opinor,
1482 2564 1665 2612 iniecto)·,

242 2640 443 2689 potuitque
474 2639 676 2675 deiectis
707 2638 820 2674 facile
843 2639 933 2674 oriri
964 2651 1011 2674 ex
1053 2636 1245 2674 deletis.
1321 2635 1495 2672 Deleta
1525 2641 1665 2677 castra,
