1811 2925
798 155 810 190 1
828 156 870 190 17
1356 154 1430 184 Lib.
1458 153 1503 187 v.

123 274 362 325 palatis¹).
444 276 664 325 Saepissime
694 275 829 312 Livius
859 276 898 312 in
927 277 1080 325 palatos
1111 275 1326 327 (palantes)
1364 278 1548 326 impetum

123 347 281 392 factum,
311 348 464 396 palatos
495 359 614 383 caesos
646 355 935 392 commemorat,
966 360 1157 396 nusquam
1186 347 1339 397 palatos
1363 349 1547 398 impetum

123 418 260 454 fecisse
291 425 357 454 aut
394 418 535 455 caedem
565 418 740 456 edidisse.
801 419 874 455 His
908 419 1113 467 expositis,
1150 419 1320 456 redimus
1366 420 1416 455 ad
1455 419 1548 456 illud

120 489 275 525 veluti
306 489 446 526 forte.
506 490 587 525 Aut
607 488 722 525 fallor
746 497 812 526 aut
830 490 962 526 Livius
985 490 1155 539 scripsit:
1185 502 1270 526 nec
1300 490 1369 526 ita
1399 491 1547 527 multo

120 566 231 608 post
261 560 353 597 iam
385 560 589 612 palatiS,
627 561 759 600 welut
791 561 834 600 in
867 564 967 600 tuto
999 561 1182 610 forent,
1217 562 1375 598 oblati
1402 576 1548 612 popu-

121 629 308 667 latores
357 630 626 679 Capenatis
675 631 780 679 agri
824 631 1065 679 reliquias
1110 623 1278 681 pugnae
1328 635 1547 683 absump-

121 714 236 739 sere.
320 702 515 749 Quamdiu
562 702 599 738 in
644 709 752 751 tergo
793 702 991 739 haerebant
1040 711 1315 751 persequentes
1367 705 1547 742 victores.

121 772 339 822 Capenates
369 781 405 809 et
439 773 583 809 Falisci
628 773 790 810 conferti
831 774 938 810 abire
983 774 1226 819 studuerant3
1272 775 1427 821 deinde,
1471 775 1546 812 illis

117 845 315 893 regressis,
359 857 475 893 quum
506 844 545 880 in
575 857 686 880 suum
718 857 853 893 agrum
884 845 1160 892 pervenissent,
1193 845 1315 894 palati
1343 846 1434 891 iam,
1465 846 1546 883 vel-

117 915 172 951 uti
203 900 414 964 periculum
445 915 670 959 evasissent,
715 915 841 951 subito
873 916 1009 951 obvios
1034 916 1284 964 populatores
1315 918 1545 954 habuerunt.

118 986 304 1023 Meudum
337 995 462 1022 ortum
494 993 550 1022 est
583 998 631 1022 ex
660 986 857 1022 vicinitate
896 986 1105 1022 earundem
1136 994 1204 1023 aut
1233 988 1414 1024 similium
1444 989 1545 1024 litte-

116 1071 248 1094 rarum
281 1058 366 1105 (lut
395 1058 489 1101 tut)
565 1057 864 1105 Participiorum
900 1069 954 1092 eae
983 1057 1129 1103 formae,
1165 1070 1249 1106 quae
1279 1066 1367 1094 sunt
1396 1059 1435 1095 in
1465 1072 1545 1108 pa-

117 1129 277 1165 lantes
309 1137 344 1165 et
374 1129 558 1177 palatis
589 1141 666 1164 non
695 1141 786 1164 raro
815 1136 1095 1177 permutantur,
1129 1141 1365 1177 quamquam
1395 1130 1434 1166 id
1464 1131 1545 1167 sere

115 1200 155 1236 in
185 1200 418 1236 contrariam
450 1206 598 1247 partem
629 1200 691 1243 fit,
722 1206 763 1235 ut
793 1212 864 1248 pro
895 1199 1115 1248 palantis
1147 1202 1386 1245 (accusativo
1419 1199 1543 1252 casu).

117 1270 307 1307 interdum
341 1271 455 1306 etiam
486 1283 557 1318 pro
588 1270 816 1319 palantes
852 1271 1122 1317 (nominativo)
1154 1272 1364 1315 scribatur,
1400 1273 1542 1309 omissa

117 1341 242 1377 littera
274 1354 316 1390 n,
350 1341 554 1390 palatis.
597 1349 635 1377 ut
667 1342 770 1390 apud
802 1342 956 1378 Livium
987 1342 1132 1387 XXV,
1166 1344 1209 1379 21
1247 1344 1442 1380 voeatis
1471 1357 1543 1392 pro

117 1413 338 1449 vocantis
380 1413 419 1449 in
449 1413 558 1452 Pub,
600 1413 771 1457 XXXI,
809 1416 851 1449 14
897 1415 1204 1462 percontatis
1235 1427 1306 1463 pro
1345 1428 1543 1463 percon-

114 1483 274 1519 tantis
304 1484 342 1519 in
372 1483 524 1528 Bamb.,
555 1483 689 1528 XLII,
718 1485 777 1527 13,
809 1485 868 1528 18,
900 1485 950 1521 26
984 1485 1260 1529 denudatis,
1292 1485 1540 1535 fatigatis.

117 1552 379 1590 fluctuatis
429 1555 468 1590 in
511 1555 680 1591 vindob.
739 1568 809 1603 pro
866 1555 1190 1601 denudantes,
1247 1557 1537 1606 fatigantes.

117 1624 423 1669 fluctuantis,
456 1626 559 1674 apud
591 1624 815 1662 Ciceronem
846 1627 885 1662 iu
913 1626 1081 1675 Philipp.
1112 1627 1229 1671 XIV,
1267 1629 1303 1677 3,
1341 1631 1362 1665 6
1397 1629 1540 1665 dubi-

116 1695 234 1731 tatis
264 1708 335 1744 pro
366 1697 659 1741 dubitantis,
691 1711 738 1734 ex
770 1710 846 1745 quo
876 1697 915 1733 in
933 1697 1103 1746 Philipp.
1120 1698 1217 1740 XII,
1246 1700 1306 1737 12.
1325 1701 1389 1745 29,
1422 1712 1539 1748 quum

117 1767 296 1802 Halmius
326 1767 363 1803 in
396 1768 527 1805 codice
558 1769 839 1816 Tegei-nseensi
876 1769 1107 1817 repperisset
1148 1771 1401 1819 cogitatis,
1447 1773 1540 1809 scri-

116 1837 283 1874 bendum
334 1839 500 1875 ostendi:
560 1839 677 1875 Nam
730 1840 959 1876 Martiam
1009 1847 1051 1877 et
1108 1841 1362 1889 Quartam,
1417 1844 1541 1881 nihil

142 2059 173 2099 ²)
215 2062 375 2094 Palans
402 2064 583 2101 noxies„si
612 2070 700 2095 recte
726 2065 853 2103 notavi,
881 2066 970 2106 apud
996 2065 1129 2097 Livium
1156 2066 1281 2106 legitur
1306 2067 1367 2106 (ΙΙ,
1395 2071 1450 2106 26,
1478 2068 1540 2106 IV,

212 2128 266 2161 55,
293 2125 374 2163 VII,
406 2129 458 2164 17,
483 2126 527 2163 Χ,
557 2130 610 2163 20,
637 2125 733 2163 ΧΧΙ,
761 2129 800 2156 61
830 2126 893 2164 bis,
919 2126 1036 2165 XXII,
1065 2131 1122 2167 31,
1145 2128 1278 2166 XXIV,
1306 2129 1379 2169 41),
1421 2130 1540 2171 pala-

212 2193 280 2218 tus
306 2188 418 2220 tricies
442 2189 495 2220 bis
521 2188 567 2229 (I,
593 2192 644 2227 11,
669 2191 694 2225 l,
722 2188 779 2218 ubi
806 2198 873 2219 non
900 2195 988 2220 reete
1013 2189 1169 2221 Hertzius
1195 2201 1211 2221 e
1239 2192 1315 2225 cod.
1340 2192 1541 2224 Florentino

213 2248 246 2280 S.
274 2249 382 2281 Marci
407 2249 615 2291 palantes
642 2251 764 2291 posuit,
800 2250 846 2289 ΙΙ,
874 2254 928 2289 50,
962 2251 1022 2289 ΙΙΙ,
1053 2255 1084 2290 5,
1105 2252 1169 2290 IV,
1207 2257 1250 2284 46
1277 2260 1309 2285 et
1337 2258 1390 2293 58,
1424 2255 1469 2293 V,
1497 2259 1539 2286 28

213 2318 245 2342 et
270 2315 325 2349 45,
356 2316 387 2350 4,
415 2313 473 2344 ubi
498 2313 703 2344 recentiores
730 2313 865 2344 codices
891 2313 1093 2354 palantes
1116 2315 1260 2354 habent,
1289 2316 1351 2353 VI,
1379 2321 1433 2355 42,
1461 2317 1540 2349 V11.

217 2376 229 2403 l
259 2380 291 2404 et
320 2377 357 2404 11
387 2381 419 2405 et
444 2377 486 2405 36
514 2381 546 2405 et
567 2378 630 2413 37;
658 2381 787 2405 ceteros
813 2375 908 2406 locos
935 2382 1050 2407 notare
1077 2378 1224 2418 omitto).
1274 2378 1542 2418 Significatiouis

212 2435 393 2466 discrimen
416 2435 548 2466 nullum
575 2444 642 2474 est3
688 2446 772 2476 quos
798 2437 877 2474 VII,
908 2440 961 2475 17,
989 2441 1007 2469 8
1036 2445 1068 2469 et
1092 2438 1138 2474 X,
1166 2443 1221 2477 20,
1251 2443 1268 2470 5
1304 2450 1439 2480 vagos
1473 2451 1541 2482 pa-

213 2497 358 2528 lantes
385 2498 502 2529 Livius
528 2499 618 2535 dicit,
646 2499 784 2529 eosdem
809 2499 942 2537 XXIII,
971 2503 1088 2531 42.12
1116 2511 1253 2541 vagos
1279 2502 1370 2533 sine
1399 2502 1541 2542 signis

212 2559 397 2600 palatos.
456 2561 557 2601 Apud
584 2560 783 2592 Sallustium
810 2564 985 2601 (quattuor
1013 2562 1108 2593 locis.
1135 2562 1210 2603 Iug.
1243 2567 1294 2595 18.
1322 2568 1378 2601 44,
1401 2567 1455 2602 54,
1484 2567 1541 2601 66)

213 2627 246 2652 et
272 2621 454 2661 Virgilium
481 2628 611 2653 tantum
640 2622 797 2663 palans
824 2623 998 2664 reperitur.
