1811 2925
822 125 889 161 191
1373 123 1448 153 Lib.
1474 122 1517 153 X.

154 249 305 298 paratio
356 249 454 285 enim
502 261 586 285 cum
627 247 825 296 superiore
877 247 976 284 bello
1018 248 1074 296 (ut
1113 246 1161 282 sit⁴
1199 247 1562 294 haudquaquam

153 319 324 363 simile,
351 320 386 356 h.
417 332 547 368 aequc
577 318 695 364 lcvc)
715 331 837 366 neque
859 318 935 354 ulla
955 319 1192 366 significatur
1207 332 1330 366 neque
1348 318 1403 354 ita
1422 318 1443 353 h
1455 330 1478 353 a
1489 331 1509 353 u
1521 317 1562 353 d—

155 403 390 440 quaquam
421 404 507 440 par
536 390 609 426 dici
640 396 783 438 potcst;
825 389 928 436 quod
962 397 1089 425 autem
1120 389 1389 426 Alscliel‘skius
1419 389 1458 424 id
1487 389 1562 437 sig-

154 463 298 498 nificari
328 462 420 506 vult,
453 462 511 497 cui
542 461 842 508 haudquaquam
873 472 986 508 pares
1017 460 1183 496 Romani
1214 460 1331 496 futuri
1361 460 1457 506 sint,
1487 473 1562 496 non

152 533 206 569 ita
235 532 307 568 sibi
337 533 561 569 diffidebant
591 544 659 568 nec
690 532 743 567 ita
775 531 1044 579 desperabant,
1074 539 1114 568 ut
1131 545 1171 568 se
1193 545 1436 580 nequaquam
1462 532 1562 569 bello

151 616 264 652 pares
295 603 608 646 forecredere11t3
639 616 707 639 nec
739 602 938 650 defungi
963 604 1224 639 certamine
1255 604 1425 652 impari
1446 617 1561 653 prop-

152 682 209 711 ter
240 675 361 724 ipsam
396 675 502 712 verbi
533 684 730 717 naturam,
770 674 873 722 quod
912 674 959 710 de
989 675 1092 711 malo
1124 675 1418 711 inconnnodove
1448 676 1561 712 sube-

152 746 253 783 undo
285 755 322 782 ct
351 747 567 795 superando
599 745 764 794 ponitur,
796 745 868 781 dici
899 753 1038 794 potest,
1066 746 1243 794 qui-ipse
1265 747 1462 782 certamini
1491 747 1561 783 im-

151 831 222 866 par
253 814 370 864 est¹);
402 817 630 853 adiectivum
662 817 878 853 necessario
911 818 960 853 ad
991 817 1235 853 adversarios
1265 824 1424 866 spectat.
1481 818 1561 854 Ita-

152 901 226 937 que
258 888 473 925 neccssario
507 889 748 924 scribendum
782 888 950 924 videtur:
989 896 1032 924 ct
1069 888 1443 936 haudquaquam
1474 889 1560 925 im-

150 960 257 1008 pari
287 959 635 1007 defungendum
672 971 776 994 esse
807 959 1098 1005 certamine,
1147 968 1186 995 ut
1215 960 1272 996 im
1306 960 1382 1006 (in)
1410 968 1497 1008 post
1527 975 1560 1000 m

151 1031 333 1066 exciderit
373 1030 435 1077 (de
479 1042 553 1077 quo
598 1030 736 1065 mendo
764 1029 813 1064 ad
843 1030 930 1074 IX,
980 1033 1056 1075 41,
1090 1032 1110 1067 S
1142 1031 1254 1072 dixi).
1331 1031 1453 1067 Pares
1483 1032 1559 1069 iam

150 1114 308 1150 prorsus
357 1100 428 1137 sibi
485 1101 730 1136 adversarios
775 1101 961 1137 Etruscos
1009 1102 1278 1150 Samnitesque
1323 1103 1559 1149 coniunctos,

151 1171 275 1209 Gallis
297 1172 464 1216 adscitis,
494 1171 577 1208 fore
599 1172 891 1220 augurabantur
907 1173 1086 1218 Romani,
1120 1181 1161 1209 ut
1191 1174 1294 1210 omni
1325 1187 1397 1223 ope
1428 1182 1560 1212 contra

150 1242 366 1279 enitendum
393 1250 504 1279 esset.

259 1312 354 1362 Cap.
393 1317 459 1359 14,
490 1316 534 1351 13
574 1314 640 1361 (Q.
670 1313 816 1350 Fabius
848 1314 1045 1350 Maximus
1086 1316 1218 1352 consul
1259 1316 1298 1352 in
1327 1317 1473 1365 proelio
1511 1318 1561 1354 ad

149 1384 348 1421 Tifernum
379 1386 434 1424 M.
467 1385 644 1421 Fulvium
678 1392 715 1421 et
745 1386 799 1423 M.
834 1381 1035 1423 Valerium
1067 1387 1240 1424 tribunos
1272 1388 1430 1425 militum
1474 1402 1558 1426 cum

146 1455 336 1503 equitibus
353 1456 390 1492 in
407 1457 636 1495 Samnitium
659 1457 780 1493 aciem
796 1457 994 1505 immittit.)
1040 1456 1261 1495 Ceterum
1289 1461 1479 1507 quando
1505 1474 1560 1498 ne

148 1540 202 1563 ea
237 1540 425 1575 quoque
455 1533 643 1562 tentata
675 1527 747 1562 vis
779 1526 1062 1575 proficeret,
1095 1529 1304 1566 consilio
1334 1543 1559 1578 grassan-

147 1598 264 1643 dum,
295 1598 333 1634 si
363 1598 484 1634 nihil
514 1597 644 1634 vires
673 1598 914 1643 iuvarent,
944 1606 1091 1645 ratus,
1125 1599 1399 1648 Scipionem
1432 1602 1558 1651 lega-

148 1677 243 1707 tum
273 1670 499 1705 hastatos
530 1669 690 1717 primae
721 1669 937 1719 legionis
971 1671 1268 1707 subtrahere
1300 1684 1356 1708 ex
1386 1673 1556 1709 acie-—

146 1740 294 1777 iubet.
359 1741 509 1777 Livium
551 1754 674 1788 neque
704 1754 758 1777 ne
800 1764 849 1768 —
883 1754 1070 1790 quoque
1100 1755 1170 1791 pro
1201 1755 1255 1779 ne
1284 1764 1338 1769 —
1372 1744 1558 1791 quidem

147 1811 272 1848 dicere
300 1812 470 1860 potuisse
498 1824 622 1859 neque
654 1814 843 1860 quando
864 1835 911 1840 —-
943 1813 1212 1862 proficeret
1239 1813 1286 1849 de
1311 1812 1427 1850 futuri
1444 1827 1559 1850 even-

146 1889 208 1918 tus
238 1882 373 1919 timore
404 1883 461 1927 (si
490 1883 618 1919 forte
647 1896 702 1919 ne
743 1897 796 1921 ea
828 1885 1019 1933 quidem
1069 1884 1140 1920 vis
1170 1884 1479 1933 proficeret),
1510 1886 1559 1922 ab

148 1953 231 1989 aliis
262 1953 491 1990 intellectum
524 1954 819 2003 expositumque
849 1962 918 1992 est.
989 1954 1066 1992 Sed
1096 1955 1254 2003 singulis
1285 1956 1412 1991 verbis
1441 1957 1559 1993 corri—

145 2024 280 2072 gendis
310 2025 403 2060 nihil
433 2025 576 2074 agitur;
619 2039 708 2062 nam
750 2026 937 2062 excidisse
968 2026 1168 2074 quaedam,
1209 2027 1403 2062 sententiae
1433 2026 1559 2064 forma

150 2095 314 2131 ostendit
344 2096 436 2132 satis
467 2109 515 2132 ex
544 2097 742 2145 particulis
773 2097 978 2145 quando,
1008 2109 1062 2132 ne
1093 2096 1316 2144 perspicua;
1347 2096 1472 2133 fuerat
1489 2110 1556 2133 au-

148 2172 224 2201 tem
254 2165 402 2213 integra
428 2166 664 2204 huiusmodi:
698 2166 917 2205 Ceterum
951 2167 1164 2216 quando,
1195 2180 1249 2203 ne
1282 2180 1335 2204 ea
1365 2181 1559 2216 qnoque

149 2242 344 2273 tentata
397 2237 469 2273 vis
511 2236 714 2288 [parum]
767 2238 1066 2287 proficeret,
1112 2236 1291 2288 [timeri
1329 2237 1558 2289 poterat}

147 2308 360 2344 consilio
391 2315 462 2347 cet.
520 2309 707 2346 Extremo
743 2310 869 2359 capite
910 2310 944 2356 (ξ
974 2311 1041 2357 21)
1084 2309 1218 2346 Livius
1255 2322 1333 2346 non
1371 2316 1415 2346 et
1444 2309 1560 2358 quia

146 2378 364 2427 scripserat,
394 2379 474 2425 sed,
505 2379 608 2427 quod
637 2380 826 2418 sententia
857 2386 988 2429 aperte
1018 2380 1200 2430 postulat,
1244 2388 1318 2416 set
1356 2381 1477 2429 quia.
1524 2380 1558 2428 (ἓ

183 2613 212 2657 ²)
240 2616 346 2656 Quasi
371 2618 481 2650 dicas:
512 2619 612 2651 einen
647 2619 780 2662 Kampf
800 2620 1004 2651 fiberstehen
1036 2620 1115 2660 (mit
1140 2619 1252 2649 einem
1274 2617 1422 2660 Kampfe
1447 2619 1558 2650 davon

240 2679 431 2721 kommen),
458 2681 533 2712 dem
562 2691 643 2712 man
667 2682 880 2723 unterliegen
906 2685 1029 2714 mfisse.
