1811 2925
260 154 334 186 Lib.
358 152 528 184 XXXIV.
927 152 949 187 4
957 152 978 187 0
985 152 1006 187 4

262 277 378 315 educ
388 290 407 312 e
416 281 522 312 retu
533 287 552 310 r
582 274 705 321 iisque
716 301 725 315 ,
763 285 847 321 quae
877 277 1099 320 sequuntur,
1130 272 1209 307 haec
1239 276 1458 307 enotantur:
1506 284 1525 307 e
1535 271 1591 307 du
1602 283 1621 307 c
1632 283 1673 307 e-

264 354 399 384 retur
443 345 547 381 sine
584 344 692 380 dolo
724 343 867 387 malo,
912 343 948 379 si
981 355 1072 390 qua
1102 341 1296 391 publice
1334 348 1413 378 aut
1442 341 1669 390 privatim

262 422 371 454 ante
409 415 579 452 educta
625 413 805 457 forent,
856 414 911 450 do
924 414 1062 450 minis
1107 417 1236 449 recte
1278 412 1666 448 restituerentur.

264 486 515 535 Perspicuum
559 490 615 521 est
655 484 746 520 illud
786 484 857 520 sin
869 498 888 520 e
934 484 957 520 d
968 484 1043 520 olo
1086 496 1122 519 m
1134 482 1208 518 alo
1240 495 1263 518 a
1291 482 1446 519 librario
1475 482 1564 519 addi
1594 495 1668 518 non

263 557 433 607 potuisse
445 569 453 601 ς
488 555 571 603 quis
606 555 704 591 enim
735 554 989 602 vulgatissimi
1009 566 1100 590 usus
1122 553 1305 589 adverbio
1338 566 1357 589 r
1367 566 1385 589 e
1396 565 1415 589 c
1425 558 1439 589 t
1449 566 1468 589 e
1500 554 1673 602 adscrip-

262 636 369 665 turus
404 626 679 674 interpretandi
730 637 846 661 causa
883 631 962 661 erat
1009 623 1204 672 propriam
1247 622 1338 659 iuris
1381 622 1584 659 formulam
1595 622 1615 661 ἶ)
1632 621 1668 668 ¹)

263 711 387 747 neque
418 710 464 734 ex
495 709 519 745 p
530 710 553 732 ιι
566 696 589 732 b
601 695 663 732 lic
674 709 696 731 u
707 708 743 731 ιιι
753 708 777 730 v
788 708 808 730 e
849 706 871 730 a
880 700 928 730 ut
970 706 994 741 p
1004 693 1075 729 riv
1087 706 1109 729 ιι
1119 699 1133 728 ι
1143 707 1165 729 ιι
1175 707 1211 730 ιιι
1249 692 1360 729 facile
1409 693 1499 729 oriri
1546 694 1670 743 potuit

263 782 320 818 pu
331 768 377 805 bl
387 769 399 804 i
409 780 428 804 c
438 781 458 803 e
486 780 508 803 ιι
519 781 541 803 ιι
553 773 567 802 ι
595 780 619 815 p
629 767 701 802 riv
713 778 735 802 a
746 772 760 802 t
771 766 781 801 i
793 778 838 802 m.
911 765 1050 811 Itaque
1079 763 1201 800 eidem
1231 763 1364 809 codici,
1406 777 1453 800 ex
1484 777 1559 812 quo
1589 771 1668 802 tam

262 839 390 876 multis
419 838 513 875 locis
542 836 726 885 suppletae
754 835 901 872 lacunae
935 841 1145 871 ceterorum
1185 840 1272 869 sunt
1282 861 1291 879 ,
1331 833 1391 869 hic
1435 846 1586 881 quoque
1615 835 1670 871 ita

263 909 493 946 credendum
536 913 628 956 puto
639 935 649 952 7
700 912 740 942 ιιι
781 917 948 942 errorem
989 916 1140 939 omnem
1179 910 1244 939 aut
1277 904 1324 940 ab
1361 904 1445 952 ipsa
1482 905 1670 953 scriptura

264 986 331 1016 aut
361 981 409 1016 ab
459 980 538 1015 eius
584 977 780 1014 notatione
820 975 962 1012 afuisse
1000 987 1077 1010 non
1117 980 1304 1021 praestem.
1374 974 1518 1012 Saltem
1561 975 1671 1011 dolus

265 1064 298 1086 m
305 1051 387 1087 alus
419 1051 466 1086 ab
499 1063 543 1086 ea
573 1062 614 1085 rc
645 1049 780 1084 abesse
822 1045 942 1082 iuberi
983 1057 1058 1080 non
1088 1049 1213 1091 potest
1228 1071 1236 1088 ‚
1280 1056 1363 1091 quae
1405 1046 1558 1082 omnino
1588 1046 1670 1082 sine

264 1122 487 1170 exceptione
530 1120 610 1156 fieri
647 1123 800 1155 vetatur
809 1146 818 1162 ‚
861 1129 907 1152 ne
943 1113 1135 1162 mancipia
1164 1113 1384 1150 educantur.
1453 1116 1539 1152 Nisi
1579 1116 1669 1164 quid

264 1193 378 1241 igitur
407 1198 592 1240 praeterea
621 1189 747 1226 mendi
778 1189 926 1231 subest,
963 1186 1016 1222 sic
1047 1183 1313 1231 distinguenda
1342 1185 1422 1221 haec
1451 1192 1538 1221 sunt
1550 1198 1558 1220 ε
1596 1216 1604 1222 .
1623 1215 1632 1223 .
1651 1214 1659 1223 .

264 1262 571 1304 educeretur.
616 1259 689 1310 [et]
730 1259 831 1295 sine
872 1258 981 1294 dolo
1018 1254 1159 1299 ιιιιιΙο,
1202 1255 1241 1290 si
1280 1268 1370 1303 qua
1408 1255 1599 1303 publice
1630 1256 1669 1303 (a

262 1333 416 1369 Nabide
445 1332 546 1380 ipso)
578 1343 633 1367 au
643 1337 657 1366 t
686 1343 710 1378 p
721 1330 797 1365 riv
810 1328 921 1364 atim
954 1326 1020 1373 (ab
1051 1324 1130 1361 eius
1161 1325 1356 1373 militibus)
1389 1339 1411 1362 a
1420 1332 1496 1362 nte
1531 1339 1551 1362 e
1561 1326 1584 1362 d
1596 1340 1617 1362 ιι
1629 1339 1670 1362 c-

265 1410 312 1440 ta
341 1403 388 1439 fo
400 1408 523 1446 rent,
554 1400 760 1438 dominis
790 1404 920 1435 rect-e
950 1395 1124 1432 restitu
1136 1401 1300 1431 erentu
1312 1409 1340 1432 r.
1399 1396 1502 1432 Fieri
1530 1403 1671 1445 potest7

264 1481 305 1511 ut
334 1488 352 1510 r
362 1487 381 1510 e
393 1486 410 1510 c
423 1480 466 1509 te
497 1472 711 1516 accesserit.
747 1482 861 1518 quum
893 1468 917 1503 d
928 1467 1003 1503 olo
1041 1479 1077 1501 ιιι
1088 1465 1162 1501 alo
1207 1466 1256 1501 ad
1288 1466 1486 1514 superiora
1516 1467 1673 1503 adiunc-

264 1553 344 1582 tum
375 1551 471 1581 esset
483 1557 491 1587 ;
536 1542 602 1579 sed
632 1541 769 1585 fateor,
813 1537 1108 1575 commodiorem
1140 1536 1239 1571 hunc
1267 1535 1436 1572 futurum
1466 1536 1582 1573 fuisse
1610 1550 1671 1573 or-

265 1616 410 1651 dinem:
444 1615 748 1655 educeretur3
780 1610 817 1646 si
849 1621 938 1657 qua
967 1621 1004 1656 p.
1029 1620 1063 1644 a.
1086 1619 1123 1654 p.
1157 1613 1268 1642 ante
1299 1607 1469 1643 educta
1499 1607 1672 1653 forent,

265 1685 473 1722 dominis
505 1684 606 1720 sine
641 1682 751 1718 dolo
790 1680 912 1716 malo
946 1676 1338 1714 restituerentur.

376 1754 470 1804 Cap.
519 1756 568 1791 36
581 1783 589 1798 ,
639 1755 681 1789 3:
754 1752 1058 1788 Iuventutem
1109 1752 1346 1795 praeterea
1397 1747 1670 1783 civitatium

265 1840 284 1863 e
295 1840 318 1862 a
327 1840 345 1862 ι·
354 1839 378 1862 ιι
388 1839 424 1862 ιιι
473 1824 779 1867 (maritimarum.
825 1820 961 1868 quibus
1001 1818 1133 1855 cedere
1181 1817 1305 1853 Nabis
1352 1817 1569 1864 iubebatur)
1616 1830 1639 1853 a
1648 1817 1672 1853 d

266 1896 646 1945 supplementum
688 1894 829 1939 longe
869 1888 1035 1938 optimi
1065 1887 1260 1935 generis
1291 1888 1495 1924 militum
1528 1890 1551 1925 h
1565 1889 1671 1925 abe-

264 1969 355 2005 bat.
428 1967 565 2014 Neque
610 1965 907 2001 iuventutem
960 1959 1136 1994 habere
1182 1970 1204 1993 a
1217 1958 1240 1993 d
1289 1959 1671 2006 supplementum

266 2040 353 2085 (hoc
384 2044 452 2081 est,
482 2037 581 2072 unde
612 2033 915 2082 supplementum
960 2029 1147 2078 capiatur)
1191 2028 1326 2065 Latine
1357 2029 1429 2066 dici
1459 2035 1551 2077 puto
1563 2056 1572 2074 ,
1603 2040 1672 2064 nec

263 2108 321 2144 ad
344 2107 677 2155 supplement-u
689 2117 725 2139 m
757 2101 926 2151 optimi
968 2100 1162 2148 generis
1192 2099 1416 2144 militum3
1456 2100 1529 2134 hoc
1572 2097 1671 2134 enirn

265 2178 334 2214 vrit
374 2177 430 2213 ad
488 2189 538 2212 su
551 2177 692 2225 pplen
706 2174 809 2209 dum
869 2171 1096 2220 optimum
1146 2182 1297 2218 genus
1356 2169 1557 2205 militum
1570 2196 1579 2214 7
1631 2174 1673 2204 ut

265 2262 340 2285 non
371 2248 454 2296 ipsa
483 2247 563 2283 haec
594 2247 768 2282 iuventus
800 2243 993 2285 laudetur,
1033 2241 1098 2276 sed
1131 2240 1290 2276 militum
1319 2239 1392 2275 illae
1424 2239 1554 2288 copiae,
1587 2251 1674 2286 quae

265 2321 351 2356 inde
389 2318 648 2366 suppleantur.
726 2313 904 2351 Latinum
950 2319 985 2347 et
1024 2316 1167 2347 rectum
1212 2317 1312 2347 erat:
1362 2311 1670 2346 Iuventutem

291 2485 320 2523 1)
358 2486 434 2517 Non
462 2485 606 2515 venisset
632 2484 663 2513 in
692 2489 838 2513 mentem
865 2481 1034 2521 glossema
1059 2480 1122 2510 hoc
1149 2479 1327 2520 appellare,
1358 2479 1385 2509 si
1411 2483 1469 2508 aut
1486 2477 1524 2507 M
1551 2477 1670 2507 eodem

358 2548 457 2579 modo
485 2556 549 2586 quo
576 2546 603 2575 B
631 2553 808 2575 nossemus
837 2550 895 2573 aut
932 2543 957 2574 si
990 2542 1118 2572 cautius
1145 2542 1185 2572 dc
1211 2540 1355 2571 librariis
1382 2547 1563 2577 eorumque
1590 2546 1671 2567 con-

358 2610 533 2641 suetudine
560 2607 781 2645 loqueremur.
