1811 2925
849 144 921 181 631

183 268 328 309 Atque
357 278 417 309 pro
435 267 579 298 statim
599 267 840 307 improb.318.

183 315 348 346 Audire
379 314 587 355 aliquem.
638 315 698 344 ita
745 321 840 343 esse

231 364 272 392 96
300 371 332 392 n.

181 408 299 439 Aura
324 407 547 448 popularis
575 410 652 437 526.

182 456 333 486 Autem
360 458 433 495 (pro
458 453 592 492 dico?)
621 457 696 484 221.

181 570 366 606 nokkerus,
392 568 502 604 Imm..
529 572 584 601 35.
612 573 690 602 486.

181 616 357 647 Bellare
376 626 442 646 non
461 616 502 646 de
516 615 718 647 debellando
735 621 796 648 135
809 627 840 649 n.

184 731 313 763 Calliste
342 735 418 762 238.

183 778 344 819 Capere
367 778 414 808 de
441 778 490 808 al.
524 782 584 809 135
613 789 644 809 n.

184 824 374 865 Captivae
405 834 505 855 naves
537 829 614 856 318.

184 871 283 902 Caria
308 871 457 912 Hydrela
483 875 559 902 434.

181 916 320 948 Causa
347 917 480 957 (ablat.)
499 918 694 950 ludorum
713 919 769 950 vix
782 919 840 950 Li-

226 965 363 994 vianum
390 967 467 995 474.

183 1010 350 1041 Cedere
377 1011 482 1041 rem?
508 1013 584 1042 597.

181 1056 417 1089 Celebrare
453 1062 505 1089 40.

183 1104 501 1135 Celeberrimos
524 1104 835 1144 (dehomine*)310.

179 1149 310 1181 Censor
335 1150 419 1181 alter
437 1152 551 1190 utique
578 1151 618 1181 de
632 1151 730 1192 plebe
760 1154 834 1182 164.

229 1196 377 1228 Censura
416 1198 560 1236 (decoris
593 1198 837 1238 dedecorisque

227 1244 420 1280 discrimen)
450 1248 503 1274 93.

178 1288 469 1322 Centuriatus
495 1291 628 1322 subst.?
653 1294 731 1323 249.

179 1335 404 1377 Cephalleniae
432 1338 554 1379 oppida
580 1341 657 1368 443.

179 1381 307 1414 Circa
333 1387 375 1414 43
402 1394 432 1415 n.

181 1429 381 1461 Circulos
405 1439 547 1462 serere
574 1433 650 1461 405.

179 1475 539 1518 Circumspieere
584 1483 616 1507 et
657 1476 834 1517 conspi-

224 1532 320 1554 cere
347 1527 424 1556 429.

176 1569 320 1601 Codices
345 1570 456 1601 Latini
489 1569 714 1610 antiquissimi
740 1579 835 1600 men-

224 1616 294 1647 dosi
327 1620 376 1646 13.
433 1615 576 1647 Codices
602 1616 686 1646 Livii
717 1617 835 1658 primae

223 1663 349 1693 dicndis
387 1667 406 1692 4
439 1672 510 1703 sqq.
577 1663 703 1694 Eorum
739 1663 836 1703 origo

225 1710 412 1740 communis
439 1713 456 1739 5
485 1720 556 1750 sqq.
618 1710 754 1741 Codicis
781 1721 834 1740 ar—

223 1756 355 1796 chetypi
382 1755 506 1793 forma,
543 1757 706 1789 condicio,
739 1766 834 1787 men-

222 1803 339 1833 dorum
365 1812 499 1841 genera.
533 1806 551 1833 8
572 1813 656 1844 sqq..
687 1804 834 1834 auctori—

223 1856 273 1880 tas
299 1849 450 1880 universe
475 1850 638 1880 aestimata
672 1853 713 1880 22
743 1851 831 1890 (34).

225 1895 399 1928 Codicum.
423 1897 477 1935 qui
505 1902 694 1936 supersunt,
721 1897 832 1937 digni-

221 1942 298 1973 tatis
326 1943 449 1980 gradus
476 1946 536 1979 223
569 1943 831 1979 co‹1.(Rhenani

222 1990 270 2025 ct)
298 1989 471 2020 Mediceus
499 1993 540 2020 23
569 2000 635 2030 sq..
662 1990 832 2021 Parisien-

225 2035 268 2066 sis
289 2038 329 2065 29
348 2046 396 2075 sq.
413 2036 634 2071 (Klorkianus
649 2036 720 2077 29).
736 2037 830 2067 Leid.

227 2085 238 2111 1
269 2088 300 2112 et
326 2082 421 2112 Harl.
451 2086 462 2113 l
497 2086 536 2113 :31
562 2092 623 2122 sq„
651 2083 832 2114 deteriores

223 2131 275 2159 33.
328 2126 474 2159 Codices
513 2130 617 2160 tertiae
653 2130 789 2161 decadis
815 2140 832 2161 e

221 2173 392 2205 Puteaneo
412 2175 548 2206 derivati
571 2179 632 2206 199
653 2186 719 2217 sq.;
740 2177 831 2207 eodi-

223 2221 269 2251 cis
287 2221 448 2251 Puteanei
463 2223 643 2254 auctoritas
665 2229 697 2253 et
709 2225 832 2254 menda

223 2271 286 2298 205
315 2278 374 2307 sq.‚
404 2268 479 2298 cod.
511 2267 683 2300 Mediceus
710 2270 830 2311 (Flor.)

220 2317 298 2345 205.
324 2313 485 2347 Colbert..
519 2315 648 2348 Bamb..
669 2315 829 2347 cantabr.

224 2363 301 2392 205.
371 2360 512 2391 Codices
539 2368 666 2401 quartae
692 2363 829 2395 decadis

223 2409 284 2437 361
315 2416 362 2446 sq.
389 2407 638 2447 (Moguntinus,
667 2409 831 2441 Bamber-

222 2453 370 2491 gensis„
407 2454 586 2486 deteriores
626 2459 715 2493 360,
753 2460 831 2489 364.

224 2498 339 2530 Codex
371 2499 646 2532 Vindobonensis
680 2503 834 2542 (Lam-is-

221 2545 405 2584 hamensis)
416 2547 538 2586 quintae
554 2548 688 2580 decadis
706 2553 772 2580 484
783 2560 831 2590 sq.

178 2591 344 2631 Cogere
389 2593 436 2622 ad
484 2603 665 2634 pugnam
721 2597 832 2628 minus

222 2639 332 2669 usitat.
361 2641 439 2670 625.

177 2682 362 2715 collectiva
408 2695 481 2725 quae
519 2685 607 2717 falso
642 2687 833 2719 habeantur

227 2734 310 2768 108:
336 2731 376 2762 iis
403 2733 569 2763 contraria
595 2736 673 2764 240.

934 262 1130 295 Comitia
1156 264 1315 296 habere
1358 265 1502 307 populus
1528 275 1594 296 non

982 311 1124 349 dicitur;
1150 313 1228 342 307.

935 355 1142 388 Conferre
1174 357 1260 389 falso
1292 368 1352 399 pro
1387 357 1502 389 serre
1533 362 1594 396 9ος

982 404 1182 435 conferre
1201 405 1429 445 pecuniam
1449 412 1481 436 et
1501 416 1595 437 con-

981 450 1118 482 ficere
1149 455 1223 482 113.

934 495 1199 529 Coniunctiones
1219 497 1416 538 copulativae
1433 498 1513 538 (ac,
1540 505 1596 530 at-

980 553 1066 584 que,
1084 544 1137 585 et)
1156 545 1243 575 inter
1256 545 1399 576 alterum
1413 551 1444 576 et
1462 546 1594 576 tertium

979 591 1164 622 membrum
1189 594 1242 630 67,
1270 595 1347 623 530.

934 636 1176 669 Coniunctivus
1211 639 1357 679 optative
1390 648 1464 668 eum
1492 638 1594 671 indic.

981 685 1160 725 copulatus
1221 689 1307 723 3423
1361 685 1595 718 coniunctivus

979 741 1040 772 pro
1067 732 1235 763 infinitivo
1261 733 1294 762 in
1321 733 1595 771 interrogationi-

982 778 1042 809 bus
1070 779 1233 810 orationis
1251 779 1397 819 obliquae
1420 782 1494 817 112,
1510 783 1594 820 4493

980 825 1216 857 coniunctivus
1237 832 1269 857 et.
1288 826 1487 857 indicativus
1506 827 1594 868 (per-

980 870 1072 912 fecti)
1107 873 1139 903 in
1167 874 1320 903 oratione
1347 873 1484 914 obliqua
1509 878 1594 914 4103

981 919 1186 949 conium-tivi
1210 919 1443 960 imperfectum
1461 931 1522 962 pro
1544 922 1594 952 in-

976 965 1106 996 finitivo
1133 976 1151 996 a
1177 966 1321 998 librariis
1350 968 1510 1008 scriptum
1528 972 1592 1000 519

979 1013 1100 1050 (628);
1144 1013 1314 1044 coniunct.
1357 1020 1434 1055 post
1483 1017 1594 1054 quod

978 1062 1043 1089 415
1088 1069 1140 1096 n.;
1185 1060 1419 1092 coniunctivus
1455 1061 1596 1102 perfecti

976 1115 1100 1145 pravus
1126 1112 1201 1146 post
1227 1116 1275 1146 qn
1288 1117 1347 1138 um
1376 1111 1452 1140 621.
1485 1102 1490 1105 ³

930 1149 1264 1184 Conse11s11105.

932 1197 1183 1231 Consuetus
1210 1210 1249 1230 re
1277 1204 1319 1231 48
1348 1211 1379 1232 n.
1408 1205 1438 1232 2.

929 1242 1151 1277 Consultu
1172 1247 1355 1287 collegae
1374 1258 1514 1290 pravum
1532 1260 1594 1291 pro

977 1293 1176 1324 consilio
1203 1297 1245 1324 20
1274 1304 1305 1325 n.

932 1338 1080 1369 Coram
1110 1343 1187 1371 306.

929 1383 1105 1417 Creverius
1133 1390 1186 1418 35.

930 1431 1023 1464 Cui.
1052 1434 1173 1472 quoi,
1202 1435 1268 1474 qui
1296 1433 1377 1475 (eui
1404 1433 1589 1473 dubium)

975 1482 1054 1512 286.
1074 1518 1076 1520 .

927 1524 1106 1556 Culmen
1132 1536 1212 1557 num
1240 1528 1400 1559 translate
1426 1528 1466 1558 de
1482 1527 1592 1558 homi-

972 1582 1025 1610 ne,
1059 1575 1136 1603 598.

931 1617 1030 1649 Cum
1059 1629 1104 1650 eo
1132 1624 1175 1650 ut
1205 1622 1280 1652 165.

929 1663 1028 1695 Cum
1056 1666 1249 1707 praepositio
1273 1667 1389 1697 addita
1415 1673 1447 1697 et
1464 1667 1591 1698 omissa

979 1715 1054 1743 176.

927 1757 1046 1798 (Cum
1075 1759 1270 1791 coniunctio
1296 1760 1363 1790 vid.
1393 1758 1543 1800 quum.)

924 1851 1036 1882 Dare
1063 1852 1156 1891 leges
1172 1862 1239 1883 non
1252 1852 1411 1884 Latinum
1429 1854 1469 1884 de
1483 1853 1590 1884 libera

974 1907 1042 1938 rep.
1076 1901 1116 1929 75
1146 1909 1177 1930 n.

924 1944 1071 1976 Dativus
1097 1955 1159 1986 pro
1187 1955 1205 1975 a
1234 1955 1376 1986 praepos.
1406 1956 1474 1976 non
1499 1947 1589 1978 Livi-

971 1991 1026 2021 ani
1054 2002 1135 2022 usus
1163 1994 1227 2022 589
1255 2002 1286 2022 n.

925 2038 1069 2069 Dativus
1097 2039 1252 2078 gerundii
1280 2039 1369 2079 apud
1402 2046 1501 2080 apte
1528 2042 1588 2078 743

974 2085 1007 2114 in
1036 2085 1177 2116 consilio
1205 2085 1428 2125 significando
1458 2089 1533 2119 175.

926 2131 1001 2167 De·,
1043 2141 1199 2173 capere
1239 2133 1286 2162 de
1321 2132 1470 2173 aliquo
1512 2137 1586 2172 135,

973 2187 1139 2209 sumere
1166 2180 1213 2209 de
1247 2179 1404 2210 (11.597.

924 2224 1096 2255 Debere
1129 2226 1169 2256 de
1189 2226 1302 2264 logica
1320 2226 1518 2257 necessitate
1534 2229 1586 2257 82.

926 2271 1139 2311 Decipe-re
1171 2271 1257 2303 falso
1290 2273 1330 2303 de
1361 2272 1497 2304 latendo
1533 2283 1587 2304 ac-

972 2324 1105 2358 ceptum
1133 2322 1212 2351 232.

923 2363 954 2394 D
966 2374 982 2394 e
994 2363 1029 2394 fe
1041 2374 1061 2394 n
1073 2365 1091 2395 d
1103 2375 1187 2402 cre,
1205 2364 1446 2396 defendentem
1463 2365 1586 2403 dicere,

971 2414 1046 2442 384.

924 2456 1116 2497 Desungi
1145 2458 1378 2488 certamine
1409 2461 1480 2488 191.

925 2503 1097 2534 Dehine
1128 2514 1229 2544 prave
1254 2505 1400 2544 positum
1427 2508 1481 2535 54.

925 2550 1584 2592 Deincepspraveprodcinde268.

924 2595 1030 2626 Dele
1047 2606 1150 2635 gare
1184 2607 1287 2637 prave
1312 2607 1372 2638 pro
1399 2598 1585 2628 deiicere

973 2646 1054 2675 342.

925 2688 1089 2719 Dextra
1118 2689 1229 2719 viam
1258 2699 1327 2720 non
1353 2689 1491 2722 dicitur:
1522 2692 1583 2719 166

971 2735 1047 2775 (nee
1066 2735 1324 2766 dextrorsus
1350 2745 1460 2766 oram
1490 2736 1583 2771 135).
