1811 2925
829 152 904 188 437
1276 145 1352 177 Lib.
1372 143 1574 175 xxxvm.

164 279 282 317 Illud:
326 275 451 326 quod
501 273 759 311 concilium
804 279 933 310 esset
962 271 1124 321 gentis
1157 282 1273 318 quam
1304 269 1430 317 inepte
1462 268 1500 304 in
1532 281 1577 304 ea

163 350 431 393 includeretur,
462 357 545 393 qnae
577 344 830 393 Amynander
875 342 1042 379 nuntiari
1072 341 1358 379 Athamanibus
1392 338 1575 382 iussisset,

165 420 294 470 (quasi
325 419 566 456 Athamanes
593 415 753 452 docendi
794 414 952 458 fuerint,
1000 413 1157 461 quinam
1196 416 1322 448 essent
1351 410 1574 448 AEtolorum

163 491 366 541 apocleti),
397 488 512 526 etiam
529 485 864 523 Weissenbornius
893 484 1022 521 sensit.
1081 482 1190 521 Nihil
1204 480 1441 518 manifestius
1460 493 1573 529 quam

164 559 309 608 aliquid
339 557 537 595 excidisse.
617 556 750 594 Livius
781 556 878 592 enim
926 555 975 592 ad
1011 556 1110 591 hanc
1153 553 1319 590 formam
1352 552 1576 601 scripserat:

171 658 207 669 ..
247 630 292 666 in
322 629 661 666 Athamaniam
692 639 738 663 se
768 633 1032 663 venturum.
1100 623 1240 675 [Agit
1269 623 1573 670 deinde]cu1n

162 698 364 736 delectis
393 700 690 744 AEtolorunn
730 697 855 746 quod
897 697 1158 733 concilium
1203 699 1276 735 est
1319 694 1491 743 gentis,
1533 703 1575 730 et

162 769 418 806 Nicandro
449 776 679 819 praetore3
711 781 831 817 quos
860 768 939 804 ubi
971 775 1042 807 cet.
1123 766 1264 805 Similis
1305 766 1444 802 lacuna
1495 777 1577 801 om-

161 841 265 877 nium
297 841 469 877 codicum
500 842 538 877 in
569 854 652 889 cap.
672 841 708 885 9,
734 841 755 875 9
787 839 935 888 pridem
966 838 1237 875 animadversa
1268 843 1344 882 est7
1377 837 1415 872 in
1445 848 1477 873 c.
1513 837 1576 877 28,

164 914 185 948 6
216 912 333 961 paulo
364 918 453 961 post-
482 910 825 955 demonstrabitur,
858 911 895 946 in
934 910 1131 959 superiore
1162 915 1288 945 autem
1318 907 1416 943 libro
1448 919 1479 943 c.
1518 909 1576 949 10,

166 985 208 1019 11
246 996 270 1018 a
299 980 492 1026 Creverio,
526 983 564 1019 in
594 981 775 1026 XXXV,
813 982 908 1026 34‚1
950 994 971 1016 a
991 978 1306 1016 Weissenbornio
1337 978 1577 1027 deprehensa

161 1059 228 1098 est,
245 1065 360 1101 quam
394 1053 476 1101 ipse
496 1066 648 1101 quoque
667 1058 755 1089 ante
784 1052 924 1088 multos
955 1063 1076 1088 annos
1106 1057 1295 1086 notaram.
1326 1048 1420 1085 Alia
1449 1061 1578 1084 exem-

160 1123 224 1172 pla
255 1111 453 1159 occurrent
482 1122 731 1168 XXXVIII,
762 1124 877 1168 53,9,
911 1122 1120 1169 XXXIX,
1141 1122 1205 1164 35,
1226 1123 1245 1156 7
1279 1126 1316 1156 et
1347 1121 1413 1165 49,
1442 1122 1573 1168 lprae·

160 1201 217 1230 ter
249 1207 306 1235 ea,
333 1206 418 1242 quae
451 1206 567 1242 supra
598 1193 742 1238 notavi,
775 1193 936 1237 XXXI,
954 1195 990 1238 9,
1023 1191 1290 1238 7‚.XXX1Vq
1324 1193 1358 1234 6,
1394 1193 1454 1226 10.

271 1263 366 1313 Cap.
398 1265 433 1309 2,
472 1266 514 1300 10
561 1264 624 1311 (de
659 1263 936 1300 Macedonibus
967 1262 1205 1300 Athamania
1237 1262 1444 1311 expulsis):
1476 1267 1575 1296 tan-

161 1342 350 1384 tumque
380 1335 619 1371 tumultus
652 1335 1002 1371 Macedonibus
1033 1341 1107 1371 est
1137 1334 1392 1370 iniectum.
1424 1338 1476 1368 ut
1506 1331 1571 1368 fu·

158 1418 224 1454 gae
254 1406 407 1455 magis
433 1404 605 1442 effusae
636 1418 772 1453 quam
803 1406 1004 1442 itineris
1041 1405 1256 1442 ordinati
1286 1404 1436 1448 modo,
1458 1402 1573 1439 mul—

159 1477 226 1513 tis
257 1477 401 1513 armis
432 1476 651 1524 virisque
682 1477 895 1520 relictis„
927 1476 1107 1512 flumen
1138 1475 1454 1518 traiecerint;
1497 1473 1575 1509 hi(-

161 1547 275 1584 finis
305 1547 539 1596 sequendi
569 1546 674 1583 fuit.
753 1547 939 1583 Fluminis
970 1548 1082 1583 huius
1113 1546 1217 1582 nulla
1247 1547 1284 1582 in
1315 1545 1577 1594 superioribus

161 1618 388 1667 significatio
420 1624 498 1666 est3
544 1618 575 1654 si
605 1631 744 1654 nomen
781 1618 862 1667 ipse
895 1618 1026 1655 Livius
1059 1617 1260 1661 omisissen„
1293 1616 1427 1652 saltem
1457 1616 1577 1665 ignoti

163 1695 200 1736 et
248 1688 399 1725 obscuri
460 1689 621 1724 nominis
672 1688 986 1736 significationem
1036 1688 1245 1724 addidisset·
1291 1687 1577 1736 (quoddam).

163 1760 317 1796 Excidit
346 1759 461 1808 igitur
490 1759 636 1796 librarii
666 1772 794 1795 errore
824 1773 963 1796 nomen
1004 1759 1149 1796 fluvioli
1180 1758 1338 1794 alicuius
1370 1771 1418 1794 ex
1448 1767 1577 1795 monte

164 1829 337 1867 Cercetio
367 1831 404 1866 in
435 1831 606 1867 Peneum
637 1829 860 1867 delabentis.

286 1900 383 1949 Cap.
419 1904 454 1946 6,
487 1903 509 1937 4
542 1901 603 1948 (de
635 1901 779 1937 AEtolis
810 1902 1045 1942 Ambracia„
1085 1913 1201 1948 quam
1232 1900 1399 1936 Romani
1430 1901 1578 1937 obside-

165 1971 282 2016 bant,
321 1971 640 2020 erumpentibus):
683 1971 789 2009 Uno
829 1973 874 2007 in
915 1972 1021 2008 loco
1054 1972 1183 2008 ferro
1215 1971 1411 2020 ignique
1440 1978 1578 2020 gesta

165 2053 238 2077 res
271 2040 379 2092 [est]
428 2040 522 2092 (est
571 2042 608 2078 in
641 2043 673 2078 B
704 2042 1090 2091 Drakenborchiique
1137 2043 1246 2078 codd.
1294 2042 1519 2090 omittitur);
1548 2036 1580 2078 a

166 2112 350 2148 duobus
383 2112 526 2149 irrito
557 2113 765 2161 inceth
797 2126 937 2160 quum
968 2120 1240 2149 tentassent
1270 2113 1420 2161 magis
1443 2126 1577 2162 quam

166 2182 373 2219 inissent
404 2183 837 2228 certamemsssstoli
867 2185 1230 2221 abscesserunt.
1282 2187 1440 2221 Atrox
1470 2197 1579 2233 pug-

167 2266 225 2290 na
255 2254 298 2290 in
341 2267 478 2290 unum
510 2255 840 2291 inclinaverat
868 2254 1044 2298 locum;
1091 2254 1157 2290 ibi
1189 2262 1260 2294 cet.
1330 2256 1579 2304 Perspicuum

169 2331 244 2360 est.
294 2325 516 2374 tautologiae
548 2325 843 2374 reprehensione
874 2337 949 2360 non
983 2337 1113 2361 carere
1141 2325 1226 2361 illa:
1276 2338 1363 2361 uno
1393 2325 1441 2361 in
1471 2326 1582 2362 loco

235 2426 242 2433 .
284 2403 426 2432 atrox
455 2409 615 2445 pugna
644 2396 693 2432 in
724 2407 861 2431 unum
907 2395 1018 2433 incl.
1060 2396 1240 2441 locum,
1284 2408 1353 2433 nec
1397 2403 1486 2445 apte
1529 2397 1582 2433 sic

170 2466 256 2511 dici,
288 2479 378 2503 uno
407 2466 455 2503 in
484 2467 591 2503 loco
622 2466 756 2503 ferro
786 2466 988 2515 ignique
1018 2479 1098 2503 rem
1120 2473 1282 2516 gestam,
1310 2467 1419 2515 quasi
1447 2467 1580 2503 ceteris

170 2537 264 2573 loeis
297 2537 381 2573 aliis
411 2536 495 2573 telis
524 2544 634 2585 gesta
664 2537 724 2573 sit.
787 2536 1047 2573 Vehementer
1076 2536 1192 2585 igitur
1222 2537 1391 2574 animum
1413 2550 1581 2574 commo-

170 2614 256 2653 vet,
301 2608 404 2656 quod
438 2620 461 2644 a
492 2608 525 2644 B
555 2608 695 2644 absunt
739 2607 861 2655 (nullo
899 2607 1023 2656 spatio
1054 2607 1203 2656 relicto)
1235 2609 1355 2645 verba
1400 2621 1491 2645 uno
1536 2609 1582 2644 in

172 2677 300 2725 loco:
352 2675 419 2725 (de
447 2679 488 2714 M
531 2678 622 2714 nihil
674 2682 863 2723 notatur).
940 2677 1063 2714 Multo
1102 2678 1201 2715 enim
1248 2679 1387 2716 rectius
1417 2679 1583 2728 primum
