1811 2925
941 133 991 169 36

266 272 413 305 tamen,
460 271 543 307 quae
573 256 724 305 quidem
758 267 862 290 nova
900 258 1043 298 essent,
1079 253 1199 289 multa
1233 259 1298 289 aut
1339 264 1481 300 magna
1510 250 1681 299 recepit;

267 333 405 370 multos
436 340 582 366 errores
614 326 703 362 olim
734 324 943 361 certissime
973 330 1164 360 correctos
1188 324 1350 369 reduxit,
1380 321 1520 358 multos
1550 332 1677 356 novos

267 402 422 443 addidit,
454 411 581 447 quum,
612 402 653 432 ut
682 395 801 431 multa
830 393 1043 431 correxisse
1071 394 1274 438 videretur,
1305 406 1324 429 e
1354 394 1387 429 P
1418 398 1483 428 aut
1514 391 1624 427 Harl.
1655 392 1669 426 l

266 473 403 509 menda
434 475 566 506 eontra
596 467 637 502 M
669 472 705 502 et
749 470 895 501 eeteros
935 469 1001 500 aut
1032 477 1078 500 ex
1116 465 1200 513 ipso
1230 465 1272 500 M
1310 463 1515 512 arriperet,
1553 462 1676 498 multa

265 544 377 593 plane
409 546 665 577 monstrorum
696 535 1036 584 prodigiorumque
1066 533 1204 570 similia
1234 546 1254 569 e
1283 534 1475 570 codieibns
1498 539 1563 569 aut
1583 544 1674 568 eon—

267 611 418 649 ieeturis
454 606 752 658 perversissimis
795 606 939 654 posuit,
982 618 1105 653 neque
1153 603 1251 639 enim
1291 604 1515 640 coniecturis
1557 604 1681 640 homo·

267 681 550 732 superstitiosus
582 677 774 714 abstinuit.
824 678 962 724 Itaque
992 677 1181 712 bonorum
1213 674 1384 710 codicum
1416 674 1558 710 auxilio
1589 685 1676 709 cor-

266 753 524 803 ruptissimam
556 749 680 786 effecit
710 748 810 785 Livii
841 747 1066 784 orationem.
1126 745 1398 783 Suc-cesserunt
1429 743 1675 781 Alschefskio

269 821 601 859 Weissenbornius
636 828 671 857 et
702 819 880 856 Hei-tzius
913 818 988 865 (hic
1019 817 1169 865 quidem
1203 816 1325 852 adhuc
1354 815 1392 851 in
1427 816 1552 864 prima
1590 821 1676 851 tan-

266 901 345 930 tum
378 891 549 941 decade),
578 892 750 928 homines
783 889 895 934 docti,
927 889 993 925 sed
1024 887 1088 936 qui
1118 894 1245 923 tamen
1276 892 1313 922 et
1342 886 1415 934 ipsi
1439 885 1677 934 antiquitatis

266 964 468 1014 splendore
499 963 601 1011 capti
631 962 677 997 de
707 960 879 997 codicum
918 959 1006 1007 (hoc
1037 965 1111 1003 est,
1156 958 1298 994 codicis
1344 957 1554 1006 archetypi)
1586 968 1679 993 auc-

266 1035 421 1072 toritate
451 1034 543 1069 satis
589 1033 705 1069 libere
737 1043 904 1079 quaerere
936 1036 970 1065 et
1000 1029 1038 1064 in
1068 1028 1224 1077 singulis
1256 1027 1349 1064 locis
1381 1041 1465 1064 eam
1496 1040 1580 1064 cum
1612 1039 1683 1063 ra·-

266 1106 379 1142 tionis
421 1104 622 1141 momentis
666 1103 873 1152 prudenter
910 1112 1135 1149 comparare
1177 1111 1253 1134 non
1292 1110 1442 1146 semper
1481 1098 1678 1143 auderent,

266 1175 601 1212 WVeissenbornius
646 1173 797 1222 quidem
844 1172 958 1207 etiam
1005 1171 1053 1206 ad
1097 1175 1310 1206 contortam
1354 1169 1679 1216 artificiosamque

357 1370 485 1401 venerit
515 1378 576 1399 nec
602 1365 825 1407 explicatione
852 1368 966 1403 egeat,
1001 1362 1190 1403 exemplum
1215 1360 1373 1402 ponam),
1401 1360 1456 1400 qui
1482 1359 1679 1400 inspexerit,

360 1441 433 1472 quae
461 1431 584 1471 scripta
618 1432 696 1459 sunt
728 1427 771 1457 ad
805 1426 873 1463 IV,
908 1429 950 1456 24
984 1424 1016 1464 (Ι
1042 1435 1070 1464 p.
1098 1426 1164 1453 404
1190 1424 1241 1460 a),
1281 1422 1351 1460 IV,
1385 1426 1425 1453 58
1460 1424 1503 1463 (p.
1532 1425 1598 1452 478
1626 1422 1679 1461 a),

358 1495 402 1531 V,
431 1498 447 1524 5
483 1494 529 1533 (p.
556 1494 620 1522 497
648 1491 687 1521 b:
714 1488 986 1520 munitiones
1012 1487 1051 1516 in
1077 1484 1296 1515 Etruriam
1331 1482 1677 1524 exspectantes),

359 1556 401 1593 V,
431 1558 447 1585 (3
477 1556 520 1595 (p.
549 1557 613 1584 500
646 1563 679 1583 a:
708 1551 820 1582 illud
845 1548 1088 1589 impetum),
1131 1546 1182 1584 V,
1210 1547 1249 1576 27
1294 1549 1341 1586 (p.
1371 1548 1433 1576 547
1461 1546 1482 1576 b
1510 1546 1549 1575 dc
1581 1545 1676 1574 dum

360 1616 608 1652 trahendo),
644 1614 687 1651 V,
716 1615 757 1643 36
787 1612 830 1652 (p.
858 1613 921 1641 567
949 1611 970 1640 b
997 1610 1037 1639 de
1063 1608 1233 1639 hisdem
1258 1616 1319 1647 pro
1345 1606 1410 1636 his
1436 1607 1588 1637 iisdem
1616 1614 1682 1645 po·

361 1678 462 1715 sito),
497 1677 601 1713 VIII,
629 1680 646 1706 8
676 1675 724 1715 (II
749 1685 780 1715 p.
807 1676 872 1704 309
901 1673 941 1703 de
967 1671 1106 1712 prima
1132 1669 1222 1700 fore
1247 1669 1289 1698 in
1315 1668 1470 1704 aciem,
1509 1667 1562 1697 die
1589 1673 1678 1697 erste

359 1740 519 1779 Eingang
547 1739 581 1768 in
608 1738 660 1768 (lie
687 1735 866 1773 Schlaeht,
908 1740 940 1764 et
964 1744 996 1774 p.
1024 1736 1086 1763 311
1118 1731 1138 1761 b
1175 1730 1214 1760 de
1246 1729 1458 1760 coniunctivo
1490 1729 1682 1770 recepis-

361 1808 459 1834 sent
484 1811 526 1831 ex
553 1797 818 1839 compressis
844 1796 1031 1837 pendente,
1069 1794 1103 1823 in
1128 1792 1302 1823 notissima
1327 1797 1493 1822 structura
1518 1791 1558 1820 de
1584 1800 1681 1831 repe-

361 1865 422 1896 tita
449 1863 602 1894 actione:
636 1861 707 1890 ubi
735 1877 775 1881 —-
803 1854 1118 1897 recepissent),
1145 1853 1241 1889 VIII,
1271 1857 1308 1884 ls
1338 1854 1387 1892 (p.
1416 1855 1481 1882 344
1510 1862 1529 1882 a
1555 1852 1596 1882 de
1622 1861 1685 1882 ac-

363 1926 512 1957 cusativo
539 1927 823 1963 conspectum
852 1930 868 1949 e
894 1917 1061 1949 referre
1088 1916 1336 1955 quodammodo
1362 1915 1522 1955 pendenti
1554 1915 1589 1945 in
1614 1915 1680 1944 hac

361 1988 539 2019 verborum
566 1983 816 2015 coniunctione:
842 1981 882 2011 in
909 1983 1186 2019 conspectum
1212 1977 1401 2008 omnium
1427 1985 1510 2006 rem
1537 1976 1591 2006 ad
1618 1985 1685 2005 ce-

363 2055 478 2079 teras
505 2046 787 2082 retulissent,
831 2043 876 2074 sie
905 2041 991 2071 enim
1018 2040 1167 2077 scribit),
1210 2038 1313 2075 VIII,
1350 2041 1391 2068 32
1425 2037 1471 2077 (p.
1499 2040 1563 2067 389
1592 2047 1612 2067 a
1638 2037 1681 2067 de

363 2110 525 2151 glomis
551 2108 758 2138 nominativo
777 2115 855 2136 casu
869 2114 929 2144 pro
953 2103 1144 2142 glomere
1172 2105 1203 2130 et
1219 2100 1282 2130 hoc
1306 2110 1366 2140 pro
1392 2099 1521 2138 globo
1539 2098 1681 2139 posito),

362 2172 405 2202 X.
434 2175 475 2202 26
498 2170 546 2212 (p.
569 2172 630 2200 671
661 2169 701 2199 de
728 2165 941 2198 coniunctivo
967 2162 1151 2203 incipiat
1178 2161 1406 2200 significante:
1434 2171 1467 2191 es
1493 2161 1580 2200 zeigt
1607 2160 1682 2191 sich

363 2234 407 2264 im
430 2232 685 2272 Aligemeinen,
725 2235 757 2260 et
783 2235 860 2268 apto
887 2236 928 2256 ex
952 2223 1153 2266 praecedenti
1178 2223 1211 2252 in
1237 2223 1304 2252 alia
1324 2221 1460 2262 periodo
1487 2227 1585 2251 sunt
1610 2221 1681 2261 qui

366 2292 639 2333 adiecerint),
667 2292 720 2324 X,
748 2295 791 2321 34
826 2292 872 2330 (p.
902 2290 966 2318 700
993 2297 1012 2316 a
1039 2286 1078 2315 de
1105 2285 1288 2323 migratu
1315 2284 1425 2313 dativo
1452 2283 1485 2312 in
1510 2283 1573 2312 hae
1600 2292 1682 2313 con-

365 2356 551 2386 iunctione:
578 2355 765 2393 migratu
792 2348 1039 2385 difficilia).
1080 2346 1145 2378 Sed
1172 2346 1250 2385 quid
1277 2356 1338 2385 ego
1357 2345 1429 2375 haec
1452 2354 1683 2375 commemoro

364 2418 397 2447 in
425 2427 464 2447 eo
489 2416 634 2453 homine,
661 2416 715 2454 qui
741 2424 781 2444 ne
809 2419 876 2443 tum
900 2411 1047 2450 quidem,
1075 2418 1178 2449 quum
1203 2413 1327 2437 rectam
1355 2407 1492 2437 alterius
1517 2407 1683 2446 interpre-

365 2479 524 2509 tationem
560 2477 602 2507 ob
636 2476 751 2507 oeulos
777 2475 932 2509 haberet,
974 2471 1135 2502 facillima
1169 2469 1268 2499 verba
1308 2471 1378 2500 sine
1414 2469 1533 2508 puerili
1568 2477 1682 2498 errore

365 2540 532 2580 praeterire
559 2538 706 2578 potuerit
728 2536 885 2573 (V1,24:
913 2535 991 2564 iam
1019 2542 1102 2562 non
1128 2531 1375 2571 recipiebat
1401 2540 1440 2560 se
1467 2530 1682 2560 Romanus

365 2601 491 2631 miles
518 2600 601 2639 Hp.
624 2601 664 2629 73
688 2598 752 2637 b)?
793 2596 877 2634 Quae
904 2595 1107 2626 commiserit
1132 2594 1164 2623 in
1190 2592 1309 2622 Latine
1337 2591 1514 2621 scribendo
1538 2590 1686 2631 (milli-

365 2662 441 2692 bus
467 2661 598 2692 loeis.
625 2666 661 2690 ut
686 2660 757 2699 ipse
785 2658 831 2688 ait
858 2657 919 2693 III,
946 2667 977 2696 p.
1007 2658 1069 2686 (307
1099 2655 1144 2689 as).
1172 2654 1275 2694 pudet
1300 2653 1472 2692 attingere.
