1811 2925
907 150 984 185 486

236 266 330 311 tuit3
372 267 518 303 addidit
555 269 730 316 quaedam
776 270 888 306 Imm.
920 270 1120 306 Bekkerus
1151 270 1285 306 eadem
1316 271 1517 308 collatione
1547 285 1654 309 usus.

236 336 312 373 Sed
343 337 591 386 Kreyssigius
621 339 659 375 in
685 346 821 375 neutra
851 340 1018 376 edit-ione
1047 340 1153 388 ipsas
1185 340 1326 376 codicis
1356 342 1564 390 scripturas
1594 342 1653 378 in-

235 406 400 452 dicavit,
432 408 630 445 Bekkerus
670 422 759 446 raro
798 415 835 445 et
864 410 1124 457 inaequaliter,
1177 409 1268 457 quid
1307 410 1345 445 in
1378 411 1509 447 codice
1539 419 1654 457 esset,

235 476 437 513 adnotavit
474 491 543 514 nec
573 479 654 515 sine
685 479 891 516 erroribus.
967 480 1071 515 Nam
1118 479 1345 527 Kopitarius
1387 481 1650 529 pernegligen-

234 553 290 581 ter
317 559 397 582 rem
423 554 555 596 egerat
603 554 640 584 et.
670 549 790 585 multo
820 549 959 597 saepius
989 548 1250 597 graviusque,
1292 563 1406 598 quam
1452 563 1524 598 par
1556 557 1652 596 erat,

234 615 486 653 aberraverat
528 617 705 666 falsaque
735 619 959 655 tradiderat.
1029 619 1180 655 Deinde
1219 626 1344 656 autem
1390 620 1653 668 Kreyssigius,

233 691 439 733 postquam
464 688 648 724 nonnulla
686 688 896 724 minoribus
927 689 1065 725 libellis
1099 695 1315 737 sparserat,
1346 689 1383 725 in
1414 691 1653 726 Annotatio-

233 755 343 791 nibus
374 757 423 792 ad
462 758 510 793 T.
546 758 646 794 Livii
677 759 794 794 libros
825 759 1100 795 XLI—XLV
1133 760 1291 795 Misenae
1322 773 1356 795 a.
1397 760 1496 795 18:19
1539 759 1650 795 editis

233 824 280 860 de
310 825 486 862 omnibus
516 827 632 874 locis,
676 841 774 876 quos
803 834 1034 872 mutaverat,
1076 829 1246 865 indicata
1275 829 1416 865 codicis
1461 829 1651 877 scriptura.

233 895 422 940 disseruit,
454 897 739 946 multorumque
768 899 906 943 etiam,
937 911 1033 946 quos
1067 899 1233 935 intactos
1267 898 1495 946 reliquerat,
1527 898 1651 947 scrip-

232 971 357 1001 turam
389 967 538 1014 posuit,
576 981 700 1016 neque
730 975 879 1014 tamen,
911 968 1062 1004 etiamsi
1093 981 1199 1004 error
1233 968 1355 1004 omnis
1386 969 1434 1004 ab
1466 968 1533 1013 iis,
1565 981 1653 1016 quae

232 1034 371 1081 posuit,
403 1036 601 1083 abfuisset,
633 1039 710 1075 ullo
741 1038 857 1075 modo
889 1036 1075 1074 satisfecit
1109 1039 1167 1081 iis,
1199 1039 1264 1086 qui
1295 1039 1425 1074 omnia
1457 1038 1591 1074 rimari
1613 1045 1650 1074 et

231 1103 433 1151 exquirere
463 1107 615 1148 vellent.
679 1108 803 1144 Miror
832 1115 960 1144 autem
991 1108 1279 1156 Kreyssigium,
1312 1120 1427 1156 quum
1468 1108 1516 1143 de
1544 1108 1650 1143 haud

230 1174 363 1222 paucis
407 1175 501 1212 locis
544 1178 683 1213 erroris
714 1177 932 1226 suspicione
976 1184 1062 1213 orta
1092 1178 1363 1226 Kopitarium,
1405 1184 1445 1213 ut
1477 1178 1647 1214 codicem

229 1243 365 1280 iterum
396 1245 611 1294 inspiceret,
642 1254 817 1296 rogasset
847 1246 1001 1294 aliaque
1032 1248 1085 1283 ibi
1115 1247 1259 1295 scripta
1283 1260 1377 1291 esse,
1411 1254 1526 1295 atque
1542 1247 1647 1295 prius

230 1313 459 1361 Kopitarius
476 1316 701 1362 tradiderat,
734 1318 782 1353 ab
812 1317 897 1364 ipso
929 1318 1199 1365 comperisset,
1230 1330 1307 1353 non
1339 1317 1457 1353 multo
1489 1318 1647 1365 gravius

230 1383 277 1418 de
307 1384 574 1432 Kopitarianae
604 1386 818 1422 collationis
849 1387 923 1422 fide
961 1386 1137 1422 dubitare
1178 1387 1351 1435 coepisse
1363 1384 1407 1435 ¹).
1473 1389 1511 1423 A
1543 1387 1652 1423 Bek*

254 1611 283 1654 ι>
328 1614 405 1646 Uno
440 1621 516 1647 utar
551 1617 784 1658 exemplorum
828 1629 962 1659 genere.
1028 1621 1103 1651 Etsi
1150 1619 1237 1650 ultra
1276 1628 1487 1651 communem
1539 1619 1651 1658 negli-

321 1677 446 1715 gentiae
484 1677 620 1708 modum
662 1678 818 1712 librarius
843 1692 942 1712 voces
980 1682 1167 1713 omittendo
1204 1681 1381 1722 peccavit,
1425 1687 1538 1710 tamen
1578 1691 1645 1711 non

321 1738 368 1768 ita
391 1748 511 1778 pauca,
539 1749 613 1779 quae
639 1741 836 1782 Kopitarius
873 1749 932 1773 aut
966 1743 1000 1773 in
1027 1743 1142 1773 codice
1170 1743 1279 1773 omitti
1307 1742 1431 1772 diserte
1461 1742 1649 1782 scripserat

321 1803 397 1835 aut,
424 1804 459 1829 ut
485 1802 611 1832 omissa
636 1808 856 1843 putarentur,
885 1804 1043 1843 ambigue
1070 1803 1251 1834 scribendo
1279 1803 1452 1840 effecerat,
1480 1809 1599 1844 postea
1625 1813 1647 1833 a.

321 1859 521 1900 Kreyssigio
547 1862 776 1904 interrogatus
802 1865 836 1895 in
863 1865 979 1896 codice
1007 1870 1141 1896 exstare
1169 1865 1341 1895 indicavit.
1393 1864 1459 1896 Sed
1487 1865 1533 1894 sic
1559 1874 1649 1904 quo-

319 1931 384 1962 que
411 1931 454 1952 ex
479 1923 536 1960 iis,
578 1933 652 1963 quae
678 1924 900 1965 Kreyssigius
927 1936 958 1966 p.
990 1928 1029 1956 12
1059 1931 1126 1957 not.
1167 1929 1183 1955 5
1213 1936 1232 1956 a
1262 1927 1428 1966 Grynaeo,
1475 1935 1581 1965 quum
1608 1926 1641 1955 in

320 1983 434 2013 codice
465 1984 638 2017 deessent.
675 1987 831 2026 suppleta
856 1987 959 2025 dicit,
991 1987 1062 2017 haec
1090 1985 1270 2016 eximenda
1296 1992 1354 2016 aut
1380 1987 1573 2017 accuratius
1604 1986 1646 2015 fi-

318 2044 442 2074 nienda
463 2051 555 2076 sunt:
588 2047 663 2077 Lib.
690 2047 808 2084 XLII,
836 2052 898 2085 23,
927 2051 942 2079 7
972 2058 1041 2078 non
1068 2047 1236 2077 omittitur
1261 2047 1411 2084 finem,
1439 2048 1496 2078 scd
1525 2053 1643 2078 contra.

315 2105 418 2144 paulo
445 2112 523 2136 ante
551 2107 781 2139 dedissent
815 2108 920 2147 (inter
946 2108 1046 2147 quid
1073 2113 1104 2137 et
1129 2108 1231 2148 ipsu
1246 2108 1316 2147 m);
1357 2117 1385 2137 c.
1414 2110 1476 2144 46,
1518 2110 1536 2136 3
1572 2117 1642 2137 non

317 2167 491 2197 scribitur:
518 2168 670 2200 missos
697 2170 869 2200 Romam
892 2169 937 2208 si,
965 2169 1041 2200 sed:
1063 2168 1442 2199 missosRomanos
1469 2169 1563 2207 si;c.
1585 2172 1644 2205 48,

320 2229 334 2256 7
365 2237 433 2258 non
461 2228 558 2260 abest
583 2230 748 2268 Italiae,
791 2230 851 2261 sed
885 2230 952 2260 alio
987 2230 1105 2260 ordine
1136 2230 1312 2260 scribitur:
1338 2235 1497 2270 praete-r
1522 2239 1639 2259 oram

317 2297 601 2328 supervectus
631 2291 797 2329 Italiae3
825 2300 852 2320 c.
878 2293 938 2327 65,
985 2294 1003 2320 3
1044 2291 1077 2320 iu
1107 2291 1223 2321 codice
1262 2291 1359 2321 adest
1386 2290 1644 2330 capiuntur,

315 2357 424 2387 neque
450 2350 507 2380 lib.
534 2351 664 2389 XLIII,
693 2356 726 2389 4,
755 2355 773 2381 6
800 2351 845 2381 ibi
873 2352 1039 2382 omittitur
1068 2351 1337 2382 lacerabant
1363 2361 1425 2382 nec
1453 2355 1485 2387 5,
1505 2355 1524 2381 4
1553 2351 1637 2381 bel-

314 2409 398 2439 lum
427 2411 499 2448 (sed
515 2413 687 2443 scribitur:
714 2414 761 2443 ad
789 2413 910 2444 aliud
935 2413 976 2442 id
1002 2412 1179 2451 bellum)
1208 2422 1269 2442 nec
1296 2411 1424 2448 XLIV,
1449 2415 1639 2450 l,10reg-

314 2478 413 2499 num
444 2479 504 2501 nec
532 2475 587 2507 22,
616 2473 633 2500 6
661 2478 815 2503 auctor
840 2483 903 2504 nec
931 2476 1055 2511 27,10
1082 2473 1380 2504 subsisterent
1415 2482 1474 2503 nec
1503 2475 1565 2509 35,
1593 2476 1640 2503 23.

315 2535 373 2560 aut
399 2539 509 2560 mare
535 2536 593 2561 aut
619 2532 868 2570 transitum,
895 2533 1181 2572 (Forchhammer
1198 2535 1339 2564 adnotat
1365 2534 1397 2563 in
1420 2534 1529 2563 media
1554 2543 1639 2564 voce

314 2600 426 2620 mare
450 2600 584 2622 versum
612 2592 810 2632 terminari,)
837 2603 899 2623 nec
919 2597 1005 2631 39,8
1035 2604 1160 2634 quam
1188 2601 1230 2625 ut
1257 2595 1328 2634 (sed
1340 2595 1512 2625 scribitur:
1539 2604 1635 2634 qua-

314 2662 403 2682 rum
430 2651 502 2691 ut).
527 2652 647 2690 XLV,
696 2657 753 2691 10,
803 2658 842 2684 lo
884 2664 952 2684 non
979 2655 1176 2695 simpliciter
1203 2655 1366 2685 omittitur
1393 2655 1536 2686 oratio
1563 2655 1640 2693 sed,
