<?xml version="1.0" encoding="UTF-8"?>
<!DOCTYPE html PUBLIC "-//W3C//DTD XHTML 1.0 Transitional//EN"
    "http://www.w3.org/TR/xhtml1/DTD/xhtml1-transitional.dtd">
<html xmlns="http://www.w3.org/1999/xhtml" xml:lang="en" lang="en">
 <head>
  <title>
</title>
<meta http-equiv="Content-Type" content="text/html;charset=utf-8" />
  <meta name='ocr-system' content='tesseract 3.04.00' />
  <meta name='ocr-capabilities' content='ocr_page ocr_carea ocr_par ocr_line ocrx_word'/>
</head>
<body>
  <div class='ocr_page' id='page_1' title='image "./emendationeslivi00madvuoft_0043.png"; bbox 0 0 1811 2925; ppageno 0'>
   <div class='ocr_carea' id='block_1_1' title="bbox 791 158 838 194">
    <p class='ocr_par' dir='ltr' id='par_1_1' title="bbox 791 158 838 194">
     <span class='ocr_line' id='line_1_1' title="bbox 791 158 838 194; baseline 0 0"><span class='ocrx_word' id='word_1_1' title='bbox 791 158 838 194; x_wconf 81' lang='lat'>37</span> 
     </span>
    </p>
   </div>
   <div class='ocr_carea' id='block_1_2' title="bbox 106 280 1526 2736">
    <p class='ocr_par' dir='ltr' id='par_1_2' title="bbox 106 280 1526 2736">
     <span class='ocr_line' id='line_1_2' title="bbox 106 280 1522 332; baseline -0.005 -12"><span class='ocrx_word' id='word_1_2' title='bbox 106 283 403 332; x_wconf 76' lang='lat' dir='ltr'>explicationem</span> <span class='ocrx_word' id='word_1_3' title='bbox 435 288 472 318; x_wconf 87' lang='lat' dir='ltr'>et</span> <span class='ocrx_word' id='word_1_4' title='bbox 502 294 673 318; x_wconf 88' lang='lat' dir='ltr'>errorum</span> <span class='ocrx_word' id='word_1_5' title='bbox 705 280 963 317; x_wconf 84' lang='lat' dir='ltr'>defensionem</span> <span class='ocrx_word' id='word_1_6' title='bbox 988 292 1073 316; x_wconf 89' lang='lat' dir='ltr'>cum</span> <span class='ocrx_word' id='word_1_7' title='bbox 1097 291 1233 328; x_wconf 87' lang='lat' dir='ltr'>parum</span> <span class='ocrx_word' id='word_1_8' title='bbox 1257 283 1370 315; x_wconf 90' lang='lat' dir='ltr'>cauto</span> <span class='ocrx_word' id='word_1_9' title='bbox 1393 290 1522 314; x_wconf 85' lang='lat' dir='ltr'>exem-</span> 
     </span>
     <span class='ocr_line' id='line_1_3' title="bbox 109 349 1521 404; baseline -0.004 -14"><span class='ocrx_word' id='word_1_10' title='bbox 109 355 261 404; x_wconf 89' lang='lat' dir='ltr'>plorum</span> <span class='ocrx_word' id='word_1_11' title='bbox 292 352 671 400; x_wconf 80' lang='lat' dir='ltr'>testimoniorumque</span> <span class='ocrx_word' id='word_1_12' title='bbox 708 364 777 388; x_wconf 90' lang='lat' dir='ltr'>usu</span> <span class='ocrx_word' id='word_1_13' title='bbox 812 357 849 388; x_wconf 86' lang='lat' dir='ltr'>et</span> <span class='ocrx_word' id='word_1_14' title='bbox 891 351 1180 399; x_wconf 85' lang='lat' dir='ltr'>comparatione</span> <span class='ocrx_word' id='word_1_15' title='bbox 1209 349 1326 399; x_wconf 88' lang='lat' dir='ltr'>paulo</span> <span class='ocrx_word' id='word_1_16' title='bbox 1355 362 1521 398; x_wconf 90' lang='lat' dir='ltr'>propen-</span> 
     </span>
     <span class='ocr_line' id='line_1_4' title="bbox 108 420 1521 471; baseline -0.004 -10"><span class='ocrx_word' id='word_1_17' title='bbox 108 426 209 470; x_wconf 85' lang='lat' dir='ltr'>sior3</span> <span class='ocrx_word' id='word_1_18' title='bbox 255 424 307 471; x_wconf 89' lang='lat' dir='ltr'>(in</span> <span class='ocrx_word' id='word_1_19' title='bbox 350 422 497 459; x_wconf 88' lang='lat' dir='ltr'>Hertzii</span> <span class='ocrx_word' id='word_1_20' title='bbox 536 423 712 470; x_wconf 80' lang='lat' dir='ltr'>perbrevi</span> <span class='ocrx_word' id='word_1_21' title='bbox 757 422 1004 458; x_wconf 82' lang='lat' dir='ltr'>adnotatione</span> <span class='ocrx_word' id='word_1_22' title='bbox 1048 422 1122 458; x_wconf 88' lang='lat' dir='ltr'>hoc</span> <span class='ocrx_word' id='word_1_23' title='bbox 1161 421 1284 457; x_wconf 83' lang='lat' dir='ltr'>minus</span> <span class='ocrx_word' id='word_1_24' title='bbox 1331 420 1521 469; x_wconf 80' lang='lat' dir='ltr'>apparet).</span> 
     </span>
     <span class='ocr_line' id='line_1_5' title="bbox 110 490 1522 544; baseline -0.004 -12"><span class='ocrx_word' id='word_1_25' title='bbox 110 497 250 544; x_wconf 86' lang='lat' dir='ltr'>Itaque</span> <span class='ocrx_word' id='word_1_26' title='bbox 292 494 477 530; x_wconf 87' lang='lat' dir='ltr'>maiorem</span> <span class='ocrx_word' id='word_1_27' title='bbox 523 500 559 530; x_wconf 84' lang='lat' dir='ltr'>et</span> <span class='ocrx_word' id='word_1_28' title='bbox 599 494 808 530; x_wconf 86' lang='lat' dir='ltr'>foediorem</span> <span class='ocrx_word' id='word_1_29' title='bbox 855 500 1003 542; x_wconf 87' lang='lat' dir='ltr'>partem</span> <span class='ocrx_word' id='word_1_30' title='bbox 1047 498 1305 528; x_wconf 85' lang='lat' dir='ltr'>monstrorum</span> <span class='ocrx_word' id='word_1_31' title='bbox 1343 490 1522 528; x_wconf 83' lang='lat' dir='ltr'>Alschef-</span> 
     </span>
     <span class='ocr_line' id='line_1_6' title="bbox 109 561 1521 613; baseline -0.004 -10"><span class='ocrx_word' id='word_1_32' title='bbox 109 567 333 604; x_wconf 86' lang='lat' dir='ltr'>skianorum</span> <span class='ocrx_word' id='word_1_33' title='bbox 364 565 401 602; x_wconf 90' lang='lat' dir='ltr'>hi</span> <span class='ocrx_word' id='word_1_34' title='bbox 432 565 664 602; x_wconf 82' lang='lat' dir='ltr'>sustulerunt</span> <span class='ocrx_word' id='word_1_35' title='bbox 695 565 819 613; x_wconf 87' lang='lat' dir='ltr'>(prior</span> <span class='ocrx_word' id='word_1_36' title='bbox 851 562 1222 611; x_wconf 78' lang='lat' dir='ltr'>Weissenb01·nius);</span> <span class='ocrx_word' id='word_1_37' title='bbox 1267 562 1333 599; x_wconf 84' lang='lat' dir='ltr'>sed</span> <span class='ocrx_word' id='word_1_38' title='bbox 1364 561 1521 598; x_wconf 88' lang='lat' dir='ltr'>nimium</span> 
     </span>
     <span class='ocr_line' id='line_1_7' title="bbox 108 632 1522 684; baseline -0.004 -11"><span class='ocrx_word' id='word_1_39' title='bbox 108 644 179 681; x_wconf 78' lang='lat' dir='ltr'>est,</span> <span class='ocrx_word' id='word_1_40' title='bbox 210 636 313 684; x_wconf 84' lang='lat' dir='ltr'>quod</span> <span class='ocrx_word' id='word_1_41' title='bbox 343 636 494 672; x_wconf 85' lang='lat' dir='ltr'>tertiam</span> <span class='ocrx_word' id='word_1_42' title='bbox 522 635 601 672; x_wconf 84' lang='lat' dir='ltr'>fere</span> <span class='ocrx_word' id='word_1_43' title='bbox 630 642 779 684; x_wconf 85' lang='lat' dir='ltr'>partem</span> <span class='ocrx_word' id='word_1_44' title='bbox 810 635 1056 677; x_wconf 67' lang='lat' dir='ltr'>retinuerunt,</span> <span class='ocrx_word' id='word_1_45' title='bbox 1087 634 1207 670; x_wconf 83' lang='lat' dir='ltr'>multa</span> <span class='ocrx_word' id='word_1_46' title='bbox 1227 646 1303 670; x_wconf 92' lang='lat' dir='ltr'>non</span> <span class='ocrx_word' id='word_1_47' title='bbox 1321 632 1522 681; x_wconf 81' lang='lat' dir='ltr'>recepturi,</span> 
     </span>
     <span class='ocr_line' id='line_1_8' title="bbox 107 703 1521 757; baseline -0.004 -12"><span class='ocrx_word' id='word_1_48' title='bbox 107 708 259 757; x_wconf 72' lang='lat' dir='ltr'>opinor,</span> <span class='ocrx_word' id='word_1_49' title='bbox 302 707 333 742; x_wconf 92' lang='lat' dir='ltr'>si</span> <span class='ocrx_word' id='word_1_50' title='bbox 364 708 412 743; x_wconf 92' lang='lat' dir='ltr'>ab</span> <span class='ocrx_word' id='word_1_51' title='bbox 442 706 687 744; x_wconf 84' lang='lat' dir='ltr'>Alschefskio</span> <span class='ocrx_word' id='word_1_52' title='bbox 718 713 872 755; x_wconf 85' lang='lat' dir='ltr'>recepta</span> <span class='ocrx_word' id='word_1_53' title='bbox 902 719 977 743; x_wconf 90' lang='lat' dir='ltr'>non</span> <span class='ocrx_word' id='word_1_54' title='bbox 1008 706 1185 750; x_wconf 85' lang='lat' dir='ltr'>fuissent;</span> <span class='ocrx_word' id='word_1_55' title='bbox 1228 716 1337 741; x_wconf 82' lang='lat' dir='ltr'>novae</span> <span class='ocrx_word' id='word_1_56' title='bbox 1369 703 1521 752; x_wconf 89' lang='lat' dir='ltr'>quidem</span> 
     </span>
     <span class='ocr_line' id='line_1_9' title="bbox 109 774 1523 827; baseline -0.004 -12"><span class='ocrx_word' id='word_1_57' title='bbox 109 786 147 815; x_wconf 86' lang='lat' dir='ltr'>et</span> <span class='ocrx_word' id='word_1_58' title='bbox 177 778 343 827; x_wconf 79' lang='lat' dir='ltr'>propriae</span> <span class='ocrx_word' id='word_1_59' title='bbox 380 778 655 814; x_wconf 83' lang='lat' dir='ltr'>emendationis</span> <span class='ocrx_word' id='word_1_60' title='bbox 685 778 722 813; x_wconf 91' lang='lat' dir='ltr'>in</span> <span class='ocrx_word' id='word_1_61' title='bbox 763 777 821 813; x_wconf 91' lang='lat' dir='ltr'>his</span> <span class='ocrx_word' id='word_1_62' title='bbox 852 777 982 813; x_wconf 83' lang='lat' dir='ltr'>decem</span> <span class='ocrx_word' id='word_1_63' title='bbox 1011 777 1118 813; x_wconf 90' lang='lat' dir='ltr'>libris</span> <span class='ocrx_word' id='word_1_64' title='bbox 1147 789 1224 812; x_wconf 91' lang='lat' dir='ltr'>non</span> <span class='ocrx_word' id='word_1_65' title='bbox 1263 776 1317 811; x_wconf 87' lang='lat' dir='ltr'>ita</span> <span class='ocrx_word' id='word_1_66' title='bbox 1350 774 1523 819; x_wconf 68' lang='lat' dir='ltr'>multum,</span> 
     </span>
     <span class='ocr_line' id='line_1_10' title="bbox 109 845 1523 897; baseline -0.004 -11"><span class='ocrx_word' id='word_1_67' title='bbox 109 849 257 897; x_wconf 86' lang='lat' dir='ltr'>aliquid</span> <span class='ocrx_word' id='word_1_68' title='bbox 287 856 416 885; x_wconf 86' lang='lat' dir='ltr'>tamen</span> <span class='ocrx_word' id='word_1_69' title='bbox 440 849 658 893; x_wconf 75' lang='lat' dir='ltr'>attulerunt,</span> <span class='ocrx_word' id='word_1_70' title='bbox 689 848 774 897; x_wconf 88' lang='lat' dir='ltr'>plus</span> <span class='ocrx_word' id='word_1_71' title='bbox 791 847 1144 891; x_wconf 49' lang='lat' dir='ltr'>WVcissenborniuffi</span> <span class='ocrx_word' id='word_1_72' title='bbox 1173 847 1210 882; x_wconf 93' lang='lat' dir='ltr'>in</span> <span class='ocrx_word' id='word_1_73' title='bbox 1238 846 1350 882; x_wconf 83' lang='lat' dir='ltr'>tertia</span> <span class='ocrx_word' id='word_1_74' title='bbox 1380 845 1523 881; x_wconf 81' lang='lat' dir='ltr'>decade</span> 
     </span>
     <span class='ocr_line' id='line_1_11' title="bbox 110 915 1523 968; baseline -0.003 -13"><span class='ocrx_word' id='word_1_75' title='bbox 110 920 142 956; x_wconf 87' lang='lat' dir='ltr'>is</span> <span class='ocrx_word' id='word_1_76' title='bbox 192 919 381 968; x_wconf 83' lang='lat' dir='ltr'>permulta</span> <span class='ocrx_word' id='word_1_77' title='bbox 433 919 601 955; x_wconf 83' lang='lat' dir='ltr'>codicem</span> <span class='ocrx_word' id='word_1_78' title='bbox 651 919 891 954; x_wconf 81' lang='lat' dir='ltr'>Puteaneum</span> <span class='ocrx_word' id='word_1_79' title='bbox 933 926 1084 954; x_wconf 86' lang='lat' dir='ltr'>secutus</span> <span class='ocrx_word' id='word_1_80' title='bbox 1135 917 1353 954; x_wconf 79' lang='lat' dir='ltr'>emendavit</span> <span class='ocrx_word' id='word_1_81' title='bbox 1397 923 1433 952; x_wconf 81' lang='lat' dir='ltr'>et</span> <span class='ocrx_word' id='word_1_82' title='bbox 1485 915 1523 951; x_wconf 88' lang='lat' dir='ltr'>in</span> 
     </span>
     <span class='ocr_line' id='line_1_12' title="bbox 109 986 1522 1039; baseline -0.003 -13"><span class='ocrx_word' id='word_1_83' title='bbox 109 997 249 1039; x_wconf 87' lang='lat' dir='ltr'>quarta</span> <span class='ocrx_word' id='word_1_84' title='bbox 293 990 500 1038; x_wconf 84' lang='lat' dir='ltr'>quintaque</span> <span class='ocrx_word' id='word_1_85' title='bbox 544 989 742 1038; x_wconf 85' lang='lat' dir='ltr'>complura</span> <span class='ocrx_word' id='word_1_86' title='bbox 785 988 1004 1024; x_wconf 83' lang='lat' dir='ltr'>coniectura</span> <span class='ocrx_word' id='word_1_87' title='bbox 1045 987 1205 1024; x_wconf 84' lang='lat' dir='ltr'>feliciter</span> <span class='ocrx_word' id='word_1_88' title='bbox 1252 994 1288 1023; x_wconf 83' lang='lat' dir='ltr'>et</span> <span class='ocrx_word' id='word_1_89' title='bbox 1326 986 1522 1035; x_wconf 81' lang='lat' dir='ltr'>ingeniose</span> 
     </span>
     <span class='ocr_line' id='line_1_13' title="bbox 109 1056 1522 1108; baseline -0.003 -11"><span class='ocrx_word' id='word_1_90' title='bbox 109 1061 274 1097; x_wconf 84' lang='lat' dir='ltr'>sanavit.</span> <span class='ocrx_word' id='word_1_91' title='bbox 339 1060 416 1097; x_wconf 79' lang='lat' dir='ltr'>Sed</span> <span class='ocrx_word' id='word_1_92' title='bbox 453 1059 555 1108; x_wconf 89' lang='lat' dir='ltr'>quod</span> <span class='ocrx_word' id='word_1_93' title='bbox 595 1059 641 1095; x_wconf 88' lang='lat' dir='ltr'>de</span> <span class='ocrx_word' id='word_1_94' title='bbox 679 1059 848 1108; x_wconf 84' lang='lat' dir='ltr'>expulsis</span> <span class='ocrx_word' id='word_1_95' title='bbox 888 1059 1104 1106; x_wconf 87' lang='lat' dir='ltr'>relictisque</span> <span class='ocrx_word' id='word_1_96' title='bbox 1142 1058 1272 1107; x_wconf 73' lang='lat' dir='ltr'>pravis</span> <span class='ocrx_word' id='word_1_97' title='bbox 1313 1056 1522 1106; x_wconf 48' lang='lat' dir='ltr'>scripturi&amp;</span> 
     </span>
     <span class='ocr_line' id='line_1_14' title="bbox 108 1128 1523 1180; baseline -0.002 -13"><span class='ocrx_word' id='word_1_98' title='bbox 108 1144 207 1180; x_wconf 82' lang='lat' dir='ltr'>quas</span> <span class='ocrx_word' id='word_1_99' title='bbox 226 1130 493 1168; x_wconf 76' lang='lat' dir='ltr'>Alschefskius</span> <span class='ocrx_word' id='word_1_100' title='bbox 513 1137 708 1179; x_wconf 71' lang='lat' dir='ltr'>posuerat,</span> <span class='ocrx_word' id='word_1_101' title='bbox 731 1130 823 1175; x_wconf 78' lang='lat' dir='ltr'>dixi,</span> <span class='ocrx_word' id='word_1_102' title='bbox 854 1129 1066 1166; x_wconf 87' lang='lat' dir='ltr'>cuiusmodi</span> <span class='ocrx_word' id='word_1_103' title='bbox 1091 1129 1150 1174; x_wconf 68' lang='lat' dir='ltr'>sit,</span> <span class='ocrx_word' id='word_1_104' title='bbox 1181 1129 1219 1165; x_wconf 87' lang='lat' dir='ltr'>in</span> <span class='ocrx_word' id='word_1_105' title='bbox 1236 1129 1364 1166; x_wconf 86' lang='lat' dir='ltr'>XXX</span> <span class='ocrx_word' id='word_1_106' title='bbox 1390 1128 1523 1177; x_wconf 85' lang='lat' dir='ltr'>primis</span> 
     </span>
     <span class='ocr_line' id='line_1_15' title="bbox 108 1199 1522 1250; baseline -0.002 -12"><span class='ocrx_word' id='word_1_107' title='bbox 108 1202 298 1250; x_wconf 77' lang='lat' dir='ltr'>capitibus</span> <span class='ocrx_word' id='word_1_108' title='bbox 330 1201 416 1237; x_wconf 87' lang='lat' dir='ltr'>libri</span> <span class='ocrx_word' id='word_1_109' title='bbox 444 1201 557 1249; x_wconf 87' lang='lat' dir='ltr'>primi</span> <span class='ocrx_word' id='word_1_110' title='bbox 579 1201 791 1237; x_wconf 85' lang='lat' dir='ltr'>ostendam.</span> <span class='ocrx_word' id='word_1_111' title='bbox 850 1201 941 1237; x_wconf 78' lang='lat' dir='ltr'>Non</span> <span class='ocrx_word' id='word_1_112' title='bbox 971 1201 1133 1249; x_wconf 76' lang='lat' dir='ltr'>legimus</span> <span class='ocrx_word' id='word_1_113' title='bbox 1162 1201 1239 1237; x_wconf 86' lang='lat' dir='ltr'>iam</span> <span class='ocrx_word' id='word_1_114' title='bbox 1272 1200 1327 1247; x_wconf 86' lang='lat' dir='ltr'>(ut</span> <span class='ocrx_word' id='word_1_115' title='bbox 1350 1199 1522 1236; x_wconf 89' lang='lat' dir='ltr'>omittam</span> 
     </span>
     <span class='ocr_line' id='line_1_16' title="bbox 107 1271 1524 1321; baseline -0.002 -13"><span class='ocrx_word' id='word_1_116' title='bbox 107 1272 321 1321; x_wconf 86' lang='lat' dir='ltr'>gemmulas</span> <span class='ocrx_word' id='word_1_117' title='bbox 365 1271 449 1308; x_wconf 81' lang='lat' dir='ltr'>illas</span> <span class='ocrx_word' id='word_1_118' title='bbox 491 1271 810 1320; x_wconf 80' lang='lat' dir='ltr'>orthographicas</span> <span class='ocrx_word' id='word_1_119' title='bbox 848 1271 1175 1307; x_wconf 86' lang='lat' dir='ltr'>stimolabant</span> <span class='ocrx_word' id='word_1_120' title='bbox 1212 1278 1248 1307; x_wconf 86' lang='lat' dir='ltr'>et</span> <span class='ocrx_word' id='word_1_121' title='bbox 1282 1272 1524 1308; x_wconf 84' lang='lat' dir='ltr'>Romanos</span> 
     </span>
     <span class='ocr_line' id='line_1_17' title="bbox 106 1343 1526 1391; baseline -0.002 -13"><span class='ocrx_word' id='word_1_122' title='bbox 106 1343 346 1379; x_wconf 89' lang='lat' dir='ltr'>nominativo</span> <span class='ocrx_word' id='word_1_123' title='bbox 388 1354 478 1378; x_wconf 87' lang='lat' dir='ltr'>casu</span> <span class='ocrx_word' id='word_1_124' title='bbox 517 1355 592 1379; x_wconf 90' lang='lat' dir='ltr'>uno</span> <span class='ocrx_word' id='word_1_125' title='bbox 638 1343 723 1379; x_wconf 91' lang='lat' dir='ltr'>loco</span> <span class='ocrx_word' id='word_1_126' title='bbox 753 1343 956 1391; x_wconf 66' lang='lat' dir='ltr'>scriptum,</span> <span class='ocrx_word' id='word_1_127' title='bbox 997 1348 1146 1378; x_wconf 86' lang='lat' dir='ltr'>centum</span> <span class='ocrx_word' id='word_1_128' title='bbox 1177 1343 1444 1386; x_wconf 63' lang='lat' dir='ltr'>Romanus,</span> <span class='ocrx_word' id='word_1_129' title='bbox 1489 1347 1526 1376; x_wconf 88' lang='lat' dir='ltr'>et</span> 
     </span>
     <span class='ocr_line' id='line_1_18' title="bbox 107 1413 1523 1462; baseline -0.002 -13"><span class='ocrx_word' id='word_1_130' title='bbox 107 1413 363 1449; x_wconf 86' lang='lat' dir='ltr'>antestitis</span> <span class='ocrx_word' id='word_1_131' title='bbox 394 1427 414 1449; x_wconf 90' lang='lat' dir='ltr'>e</span> <span class='ocrx_word' id='word_1_132' title='bbox 444 1413 528 1449; x_wconf 89' lang='lat' dir='ltr'>cod.</span> <span class='ocrx_word' id='word_1_133' title='bbox 550 1413 600 1459; x_wconf 86' lang='lat' dir='ltr'>P)</span> <span class='ocrx_word' id='word_1_134' title='bbox 633 1414 671 1449; x_wconf 89' lang='lat' dir='ltr'>in</span> <span class='ocrx_word' id='word_1_135' title='bbox 701 1413 807 1462; x_wconf 83' lang='lat' dir='ltr'>praef.</span> <span class='ocrx_word' id='word_1_136' title='bbox 830 1417 848 1459; x_wconf 70' lang='grc' dir='ltr'>ξ</span> <span class='ocrx_word' id='word_1_137' title='bbox 873 1415 893 1450; x_wconf 99' lang='grc'>9</span> <span class='ocrx_word' id='word_1_138' title='bbox 928 1413 1214 1450; x_wconf 87' lang='lat' dir='ltr'>dissidentis</span> <span class='ocrx_word' id='word_1_139' title='bbox 1243 1424 1414 1455; x_wconf 62' lang='lat' dir='ltr'>mores‚</span> <span class='ocrx_word' id='word_1_140' title='bbox 1447 1424 1523 1447; x_wconf 91' lang='lat' dir='ltr'>non</span> 
     </span>
     <span class='ocr_line' id='line_1_19' title="bbox 118 1482 1521 1533; baseline -0.001 -13"><span class='ocrx_word' id='word_1_141' title='bbox 118 1487 163 1520; x_wconf 89' lang='grc'>10</span> <span class='ocrx_word' id='word_1_142' title='bbox 194 1491 378 1532; x_wconf 87' lang='lat' dir='ltr'>tuaeque</span> <span class='ocrx_word' id='word_1_143' title='bbox 408 1484 667 1532; x_wconf 79' lang='lat' dir='ltr'>republicae</span> <span class='ocrx_word' id='word_1_144' title='bbox 698 1498 717 1521; x_wconf 91' lang='lat' dir='ltr'>e</span> <span class='ocrx_word' id='word_1_145' title='bbox 747 1486 800 1530; x_wconf 74' lang='lat' dir='ltr'>P,</span> <span class='ocrx_word' id='word_1_146' title='bbox 843 1498 919 1521; x_wconf 88' lang='lat' dir='ltr'>non</span> <span class='ocrx_word' id='word_1_147' title='bbox 954 1497 1037 1533; x_wconf 87' lang='lat' dir='ltr'>cap.</span> <span class='ocrx_word' id='word_1_148' title='bbox 1072 1487 1113 1529; x_wconf 80' lang='grc'>1,</span> <span class='ocrx_word' id='word_1_149' title='bbox 1145 1486 1167 1521; x_wconf 90' lang='grc'>9</span> <span class='ocrx_word' id='word_1_150' title='bbox 1207 1484 1285 1520; x_wconf 88' lang='lat' dir='ltr'>ubi</span> <span class='ocrx_word' id='word_1_151' title='bbox 1323 1484 1408 1532; x_wconf 85' lang='lat' dir='ltr'>(pro</span> <span class='ocrx_word' id='word_1_152' title='bbox 1434 1482 1521 1525; x_wconf 66' lang='lat' dir='ltr'>ibi‚</span> 
     </span>
     <span class='ocr_line' id='line_1_20' title="bbox 110 1554 1522 1603; baseline 0 -13"><span class='ocrx_word' id='word_1_153' title='bbox 110 1555 214 1602; x_wconf 87' lang='lat' dir='ltr'>apud</span> <span class='ocrx_word' id='word_1_154' title='bbox 245 1555 316 1593; x_wconf 78' lang='lat' dir='ltr'>W:</span> <span class='ocrx_word' id='word_1_155' title='bbox 356 1567 444 1589; x_wconf 87' lang='lat' dir='ltr'>nam</span> <span class='ocrx_word' id='word_1_156' title='bbox 476 1554 515 1590; x_wconf 94' lang='lat' dir='ltr'>H</span> <span class='ocrx_word' id='word_1_157' title='bbox 544 1554 734 1602; x_wconf 75' lang='lat' dir='ltr'>retinuit),</span> <span class='ocrx_word' id='word_1_158' title='bbox 770 1568 846 1592; x_wconf 91' lang='lat' dir='ltr'>non</span> <span class='ocrx_word' id='word_1_159' title='bbox 877 1568 908 1591; x_wconf 76' lang='lat' dir='ltr'>c.</span> <span class='ocrx_word' id='word_1_160' title='bbox 941 1557 983 1599; x_wconf 65' lang='lat'>3,</span> <span class='ocrx_word' id='word_1_161' title='bbox 1016 1556 1037 1591; x_wconf 90' lang='lat'><strong>3</strong></span> <span class='ocrx_word' id='word_1_162' title='bbox 1069 1554 1306 1603; x_wconf 84' lang='lat' dir='ltr'>relinquit</span> <span class='ocrx_word' id='word_1_163' title='bbox 1339 1576 1387 1581; x_wconf 86' lang='lat'>——</span> <span class='ocrx_word' id='word_1_164' title='bbox 1420 1567 1522 1590; x_wconf 85' lang='lat' dir='ltr'>con-</span> 
     </span>
     <span class='ocr_line' id='line_1_21' title="bbox 111 1623 1522 1672; baseline 0.001 -12"><span class='ocrx_word' id='word_1_165' title='bbox 111 1625 236 1660; x_wconf 88' lang='lat' dir='ltr'>didit</span> <span class='ocrx_word' id='word_1_166' title='bbox 267 1626 331 1671; x_wconf 83' lang='lat' dir='ltr'>(ex</span> <span class='ocrx_word' id='word_1_167' title='bbox 359 1637 435 1660; x_wconf 93' lang='lat' dir='ltr'>uno</span> <span class='ocrx_word' id='word_1_168' title='bbox 466 1623 562 1671; x_wconf 71' lang='lat' dir='ltr'><strong>H1),</strong></span> <span class='ocrx_word' id='word_1_169' title='bbox 604 1636 634 1661; x_wconf 84' lang='lat' dir='ltr'>c.</span> <span class='ocrx_word' id='word_1_170' title='bbox 669 1627 704 1671; x_wconf 86' lang='grc'>3,</span> <span class='ocrx_word' id='word_1_171' title='bbox 736 1629 757 1662; x_wconf 79' lang='lat'>4</span> <span class='ocrx_word' id='word_1_172' title='bbox 799 1627 1045 1663; x_wconf 86' lang='lat' dir='ltr'>diductam</span> <span class='ocrx_word' id='word_1_173' title='bbox 1086 1626 1328 1662; x_wconf 88' lang='lat' dir='ltr'>coloniam</span> <span class='ocrx_word' id='word_1_174' title='bbox 1370 1626 1434 1672; x_wconf 81' lang='lat' dir='ltr'>(ex</span> <span class='ocrx_word' id='word_1_175' title='bbox 1463 1624 1522 1671; x_wconf 88' lang='lat' dir='ltr'>M)</span> 
     </span>
     <span class='ocr_line' id='line_1_22' title="bbox 112 1695 1520 1741; baseline 0.001 -10"><span class='ocrx_word' id='word_1_176' title='bbox 112 1703 179 1732; x_wconf 85' lang='lat' dir='ltr'>aut</span> <span class='ocrx_word' id='word_1_177' title='bbox 204 1698 222 1731; x_wconf 93' lang='lat'><em>7</em></span> <span class='ocrx_word' id='word_1_178' title='bbox 257 1696 438 1731; x_wconf 80' lang='lat' dir='ltr'>eductae</span> <span class='ocrx_word' id='word_1_179' title='bbox 469 1695 688 1739; x_wconf 59' lang='lat' dir='ltr'>coloniae,</span> <span class='ocrx_word' id='word_1_180' title='bbox 718 1699 736 1740; x_wconf 67' lang='grc' dir='ltr'><strong><em>ξ</em></strong></span> <span class='ocrx_word' id='word_1_181' title='bbox 761 1697 782 1733; x_wconf 87' lang='grc'>8</span> <span class='ocrx_word' id='word_1_182' title='bbox 814 1696 859 1732; x_wconf 90' lang='lat' dir='ltr'>in</span> <span class='ocrx_word' id='word_1_183' title='bbox 889 1697 1102 1733; x_wconf 84' lang='lat' dir='ltr'>traiecto</span> <span class='ocrx_word' id='word_1_184' title='bbox 1129 1696 1334 1740; x_wconf 64' lang='lat' dir='ltr'>Albulae,</span> <span class='ocrx_word' id='word_1_185' title='bbox 1365 1708 1398 1733; x_wconf 88' lang='lat' dir='ltr'>c.</span> <span class='ocrx_word' id='word_1_186' title='bbox 1419 1699 1453 1741; x_wconf 77' lang='lat'>7,</span> <span class='ocrx_word' id='word_1_187' title='bbox 1475 1697 1520 1732; x_wconf 84' lang='lat'>12</span> 
     </span>
     <span class='ocr_line' id='line_1_23' title="bbox 111 1766 1522 1815; baseline 0 -12"><span class='ocrx_word' id='word_1_188' title='bbox 111 1767 291 1803; x_wconf 86' lang='lat' dir='ltr'>ibidum</span> <span class='ocrx_word' id='word_1_189' title='bbox 326 1779 396 1815; x_wconf 90' lang='lat' dir='ltr'>pro</span> <span class='ocrx_word' id='word_1_190' title='bbox 427 1766 492 1801; x_wconf 90' lang='lat' dir='ltr'>ibi</span> <span class='ocrx_word' id='word_1_191' title='bbox 522 1772 640 1802; x_wconf 86' lang='lat' dir='ltr'>tum.</span> <span class='ocrx_word' id='word_1_192' title='bbox 671 1779 701 1805; x_wconf 83' lang='lat' dir='ltr'>c.</span> <span class='ocrx_word' id='word_1_193' title='bbox 726 1769 785 1810; x_wconf 87' lang='grc'>10,</span> <span class='ocrx_word' id='word_1_194' title='bbox 811 1768 831 1803; x_wconf 88' lang='lat'>3</span> <span class='ocrx_word' id='word_1_195' title='bbox 867 1780 954 1803; x_wconf 86' lang='lat' dir='ltr'>nec</span> <span class='ocrx_word' id='word_1_196' title='bbox 986 1767 1287 1804; x_wconf 80' lang='lat' dir='ltr'>Crustumini</span> <span class='ocrx_word' id='word_1_197' title='bbox 1315 1767 1522 1815; x_wconf 86' lang='lat' dir='ltr'>quidem,</span> 
     </span>
     <span class='ocr_line' id='line_1_24' title="bbox 110 1836 1522 1886; baseline 0 -12"><span class='ocrx_word' id='word_1_198' title='bbox 110 1850 143 1874; x_wconf 83' lang='lat' dir='ltr'>c.</span> <span class='ocrx_word' id='word_1_199' title='bbox 184 1840 248 1881; x_wconf 73' lang='lat'>14,</span> <span class='ocrx_word' id='word_1_200' title='bbox 280 1841 301 1874; x_wconf 79' lang='lat'>4</span> <span class='ocrx_word' id='word_1_201' title='bbox 335 1836 649 1885; x_wconf 85' lang='lat' dir='ltr'>occupabant</span> <span class='ocrx_word' id='word_1_202' title='bbox 679 1838 743 1883; x_wconf 84' lang='lat' dir='ltr'>(ex</span> <span class='ocrx_word' id='word_1_203' title='bbox 777 1850 853 1874; x_wconf 90' lang='lat' dir='ltr'>uno</span> <span class='ocrx_word' id='word_1_204' title='bbox 886 1839 948 1883; x_wconf 76' lang='lat' dir='ltr'>M,</span> <span class='ocrx_word' id='word_1_205' title='bbox 980 1846 1104 1875; x_wconf 83' lang='lat' dir='ltr'>ortum</span> <span class='ocrx_word' id='word_1_206' title='bbox 1137 1851 1184 1874; x_wconf 79' lang='lat' dir='ltr'>ex</span> <span class='ocrx_word' id='word_1_207' title='bbox 1222 1839 1522 1886; x_wconf 72' lang='lat' dir='ltr'>apparebat).</span> 
     </span>
     <span class='ocr_line' id='line_1_25' title="bbox 110 1908 1522 1958; baseline 0.001 -16"><span class='ocrx_word' id='word_1_208' title='bbox 110 1909 225 1950; x_wconf 60' lang='lat'>017,</span> <span class='ocrx_word' id='word_1_209' title='bbox 251 1910 294 1943; x_wconf 89' lang='grc'>10</span> <span class='ocrx_word' id='word_1_210' title='bbox 327 1908 562 1943; x_wconf 88' lang='lat' dir='ltr'>secundus</span> <span class='ocrx_word' id='word_1_211' title='bbox 593 1908 647 1944; x_wconf 83' lang='lat' dir='ltr'>ab</span> <span class='ocrx_word' id='word_1_212' title='bbox 673 1909 873 1945; x_wconf 88' lang='lat' dir='ltr'>Romulo</span> <span class='ocrx_word' id='word_1_213' title='bbox 905 1909 1236 1946; x_wconf 87' lang='lat' dir='ltr'>dinumeretur</span> <span class='ocrx_word' id='word_1_214' title='bbox 1268 1908 1332 1958; x_wconf 81' lang='lat' dir='ltr'>(ex</span> <span class='ocrx_word' id='word_1_215' title='bbox 1352 1921 1428 1944; x_wconf 89' lang='lat' dir='ltr'>uno</span> <span class='ocrx_word' id='word_1_216' title='bbox 1450 1909 1522 1955; x_wconf 71' lang='lat' dir='ltr'>M),</span> 
     </span>
     <span class='ocr_line' id='line_1_26' title="bbox 109 1977 1522 2027; baseline 0 -13"><span class='ocrx_word' id='word_1_217' title='bbox 109 1979 228 2018; x_wconf 53' lang='lat'>(218,</span> <span class='ocrx_word' id='word_1_218' title='bbox 261 1980 282 2014; x_wconf 90' lang='grc'>6</span> <span class='ocrx_word' id='word_1_219' title='bbox 313 1978 358 2014; x_wconf 92' lang='lat' dir='ltr'>in</span> <span class='ocrx_word' id='word_1_220' title='bbox 389 1977 600 2027; x_wconf 86' lang='lat' dir='ltr'>lapidem</span> <span class='ocrx_word' id='word_1_221' title='bbox 631 1979 873 2024; x_wconf 66' lang='lat' dir='ltr'>consedit,</span> <span class='ocrx_word' id='word_1_222' title='bbox 903 1992 935 2019; x_wconf 78' lang='lat' dir='ltr'>c.</span> <span class='ocrx_word' id='word_1_223' title='bbox 960 1982 1018 2025; x_wconf 89' lang='grc'>19,</span> <span class='ocrx_word' id='word_1_224' title='bbox 1047 1983 1067 2016; x_wconf 84' lang='grc'>5</span> <span class='ocrx_word' id='word_1_225' title='bbox 1096 1980 1385 2016; x_wconf 83' lang='lat' dir='ltr'>sacerdotes</span> <span class='ocrx_word' id='word_1_226' title='bbox 1411 1991 1522 2016; x_wconf 87' lang='lat' dir='ltr'>suos</span> 
     </span>
     <span class='ocr_line' id='line_1_27' title="bbox 111 2048 1523 2099; baseline 0.001 -15"><span class='ocrx_word' id='word_1_227' title='bbox 111 2049 286 2097; x_wconf 89' lang='lat' dir='ltr'>cuique</span> <span class='ocrx_word' id='word_1_228' title='bbox 323 2049 515 2085; x_wconf 88' lang='lat' dir='ltr'>deorum</span> <span class='ocrx_word' id='word_1_229' title='bbox 553 2048 789 2097; x_wconf 79' lang='lat' dir='ltr'>perficere</span> <span class='ocrx_word' id='word_1_230' title='bbox 829 2051 913 2099; x_wconf 90' lang='lat' dir='ltr'>(pro</span> <span class='ocrx_word' id='word_1_231' title='bbox 959 2050 1217 2099; x_wconf 68' lang='lat' dir='ltr'>praeficere</span> <span class='ocrx_word' id='word_1_232' title='bbox 1257 2063 1305 2086; x_wconf 81' lang='lat' dir='ltr'>ex</span> <span class='ocrx_word' id='word_1_233' title='bbox 1342 2063 1417 2086; x_wconf 93' lang='lat' dir='ltr'>uno</span> <span class='ocrx_word' id='word_1_234' title='bbox 1452 2051 1523 2097; x_wconf 67' lang='lat' dir='ltr'>M),</span> 
     </span>
     <span class='ocr_line' id='line_1_28' title="bbox 108 2120 1523 2170; baseline 0 -14"><span class='ocrx_word' id='word_1_235' title='bbox 108 2131 143 2154; x_wconf 81' lang='lat' dir='ltr'>c.</span> <span class='ocrx_word' id='word_1_236' title='bbox 182 2120 246 2164; x_wconf 84' lang='grc'>19,</span> <span class='ocrx_word' id='word_1_237' title='bbox 278 2122 299 2156; x_wconf 87' lang='grc'>6</span> <span class='ocrx_word' id='word_1_238' title='bbox 327 2120 653 2156; x_wconf 84' lang='lat' dir='ltr'>intercalares</span> <span class='ocrx_word' id='word_1_239' title='bbox 694 2121 938 2158; x_wconf 88' lang='lat' dir='ltr'>mensibus</span> <span class='ocrx_word' id='word_1_240' title='bbox 974 2121 1332 2170; x_wconf 87' lang='lat' dir='ltr'>interponendo</span> <span class='ocrx_word' id='word_1_241' title='bbox 1373 2121 1410 2168; x_wconf 90' lang='lat' dir='ltr'>(e</span> <span class='ocrx_word' id='word_1_242' title='bbox 1439 2121 1523 2157; x_wconf 90' lang='lat' dir='ltr'>cod.</span> 
     </span>
     <span class='ocr_line' id='line_1_29' title="bbox 110 2190 1523 2240; baseline 0.001 -14"><span class='ocrx_word' id='word_1_243' title='bbox 110 2190 371 2226; x_wconf 86' lang='lat' dir='ltr'>recentissimo</span> <span class='ocrx_word' id='word_1_244' title='bbox 403 2198 438 2227; x_wconf 86' lang='lat' dir='ltr'>et</span> <span class='ocrx_word' id='word_1_245' title='bbox 467 2191 823 2240; x_wconf 74' lang='lat' dir='ltr'>interpolatissimo,</span> <span class='ocrx_word' id='word_1_246' title='bbox 863 2192 1221 2240; x_wconf 80' lang='lat' dir='ltr'>Havercampiano;</span> <span class='ocrx_word' id='word_1_247' title='bbox 1270 2192 1425 2228; x_wconf 84' lang='lat' dir='ltr'>retinuit</span> <span class='ocrx_word' id='word_1_248' title='bbox 1454 2192 1523 2239; x_wconf 84' lang='lat' dir='ltr'>H).</span> 
     </span>
     <span class='ocr_line' id='line_1_30' title="bbox 108 2261 1523 2311; baseline 0.001 -14"><span class='ocrx_word' id='word_1_249' title='bbox 108 2273 144 2297; x_wconf 81' lang='lat' dir='ltr'>e.</span> <span class='ocrx_word' id='word_1_250' title='bbox 177 2263 240 2305; x_wconf 68' lang='lat'>⁵21,</span> <span class='ocrx_word' id='word_1_251' title='bbox 272 2265 292 2297; x_wconf 73' lang='lat'>4</span> <span class='ocrx_word' id='word_1_252' title='bbox 325 2261 628 2306; x_wconf 70' lang='lat' dir='ltr'>adinvoluta,</span> <span class='ocrx_word' id='word_1_253' title='bbox 660 2274 691 2297; x_wconf 89' lang='lat' dir='ltr'>c.</span> <span class='ocrx_word' id='word_1_254' title='bbox 722 2263 784 2306; x_wconf 75' lang='lat'>26,</span> <span class='ocrx_word' id='word_1_255' title='bbox 817 2264 838 2298; x_wconf 90' lang='grc'>9</span> <span class='ocrx_word' id='word_1_256' title='bbox 871 2263 931 2307; x_wconf 88' lang='lat' dir='ltr'>(in</span> <span class='ocrx_word' id='word_1_257' title='bbox 962 2262 1140 2307; x_wconf 66' lang='lat' dir='ltr'>filiam,</span> <span class='ocrx_word' id='word_1_258' title='bbox 1171 2275 1247 2311; x_wconf 92' lang='lat' dir='ltr'>quo</span> <span class='ocrx_word' id='word_1_259' title='bbox 1278 2262 1452 2309; x_wconf 73' lang='lat' dir='ltr'>efficitur,</span> <span class='ocrx_word' id='word_1_260' title='bbox 1483 2270 1523 2299; x_wconf 87' lang='lat' dir='ltr'>ut</span> 
     </span>
     <span class='ocr_line' id='line_1_31' title="bbox 113 2332 1522 2381; baseline 0.002 -13"><span class='ocrx_word' id='word_1_261' title='bbox 113 2332 300 2368; x_wconf 86' lang='lat' dir='ltr'>Horatius</span> <span class='ocrx_word' id='word_1_262' title='bbox 335 2339 446 2381; x_wconf 89' lang='lat' dir='ltr'>pater</span> <span class='ocrx_word' id='word_1_263' title='bbox 483 2333 604 2372; x_wconf 75' lang='lat' dir='ltr'>dicat,</span> <span class='ocrx_word' id='word_1_264' title='bbox 650 2345 690 2368; x_wconf 88' lang='lat' dir='ltr'>se</span> <span class='ocrx_word' id='word_1_265' title='bbox 726 2332 764 2368; x_wconf 89' lang='lat' dir='ltr'>in</span> <span class='ocrx_word' id='word_1_266' title='bbox 802 2333 966 2369; x_wconf 83' lang='lat' dir='ltr'>occisam</span> <span class='ocrx_word' id='word_1_267' title='bbox 1005 2334 1122 2370; x_wconf 89' lang='lat' dir='ltr'>filiam</span> <span class='ocrx_word' id='word_1_268' title='bbox 1166 2334 1522 2371; x_wconf 79' lang='lat' dir='ltr'>animadversurum</span> 
     </span>
     <span class='ocr_line' id='line_1_32' title="bbox 110 2402 1522 2453; baseline 0.001 -14"><span class='ocrx_word' id='word_1_269' title='bbox 110 2402 241 2447; x_wconf 69' lang='lat' dir='ltr'>fuisse,</span> <span class='ocrx_word' id='word_1_270' title='bbox 273 2403 303 2438; x_wconf 84' lang='lat' dir='ltr'>si</span> <span class='ocrx_word' id='word_1_271' title='bbox 333 2403 417 2451; x_wconf 90' lang='lat' dir='ltr'>ipsa</span> <span class='ocrx_word' id='word_1_272' title='bbox 448 2403 585 2439; x_wconf 89' lang='lat' dir='ltr'>iniuria</span> <span class='ocrx_word' id='word_1_273' title='bbox 616 2403 743 2439; x_wconf 86' lang='lat' dir='ltr'>occisa</span> <span class='ocrx_word' id='word_1_274' title='bbox 772 2405 899 2451; x_wconf 85' lang='lat' dir='ltr'>esset).</span> <span class='ocrx_word' id='word_1_275' title='bbox 969 2404 1064 2441; x_wconf 79' lang='lat' dir='ltr'>Haec</span> <span class='ocrx_word' id='word_1_276' title='bbox 1094 2404 1210 2453; x_wconf 84' lang='lat' dir='ltr'>igitur</span> <span class='ocrx_word' id='word_1_277' title='bbox 1240 2405 1417 2453; x_wconf 82' lang='lat' dir='ltr'>expulsa;</span> <span class='ocrx_word' id='word_1_278' title='bbox 1457 2405 1522 2441; x_wconf 91' lang='lat' dir='ltr'>sed</span> 
     </span>
     <span class='ocr_line' id='line_1_33' title="bbox 109 2472 1521 2522; baseline 0.002 -13"><span class='ocrx_word' id='word_1_279' title='bbox 109 2474 297 2510; x_wconf 87' lang='lat' dir='ltr'>retinetur</span> <span class='ocrx_word' id='word_1_280' title='bbox 324 2481 454 2510; x_wconf 82' lang='lat' dir='ltr'>tamen</span> <span class='ocrx_word' id='word_1_281' title='bbox 482 2472 589 2522; x_wconf 84' lang='lat' dir='ltr'>praef.</span> <span class='ocrx_word' id='word_1_282' title='bbox 624 2474 644 2509; x_wconf 87' lang='lat'><strong>3</strong></span> <span class='ocrx_word' id='word_1_283' title='bbox 678 2474 718 2521; x_wconf 86' lang='lat' dir='ltr'>(a</span> <span class='ocrx_word' id='word_1_284' title='bbox 746 2475 1083 2520; x_wconf 74' lang='lat' dir='ltr'>Weissenbornio‚</span> <span class='ocrx_word' id='word_1_285' title='bbox 1123 2487 1200 2511; x_wconf 92' lang='lat' dir='ltr'>non</span> <span class='ocrx_word' id='word_1_286' title='bbox 1239 2475 1288 2510; x_wconf 91' lang='lat' dir='ltr'>ab</span> <span class='ocrx_word' id='word_1_287' title='bbox 1326 2475 1521 2522; x_wconf 82' lang='lat' dir='ltr'>Hertzio):</span> 
     </span>
     <span class='ocr_line' id='line_1_34' title="bbox 111 2543 1523 2594; baseline 0.001 -14"><span class='ocrx_word' id='word_1_288' title='bbox 111 2544 152 2580; x_wconf 85' lang='lat' dir='ltr'>si</span> <span class='ocrx_word' id='word_1_289' title='bbox 183 2557 287 2580; x_wconf 87' lang='lat' dir='ltr'>mea</span> <span class='ocrx_word' id='word_1_290' title='bbox 317 2543 444 2580; x_wconf 85' lang='lat' dir='ltr'>fama</span> <span class='ocrx_word' id='word_1_291' title='bbox 473 2544 518 2579; x_wconf 81' lang='lat' dir='ltr'>in</span> <span class='ocrx_word' id='word_1_292' title='bbox 546 2545 760 2581; x_wconf 87' lang='lat' dir='ltr'>obscuro</span> <span class='ocrx_word' id='word_1_293' title='bbox 793 2552 882 2590; x_wconf 76' lang='lat' dir='ltr'>est,</span> <span class='ocrx_word' id='word_1_294' title='bbox 912 2558 982 2594; x_wconf 93' lang='lat' dir='ltr'>pro</span> <span class='ocrx_word' id='word_1_295' title='bbox 1013 2545 1096 2589; x_wconf 75' lang='lat' dir='ltr'>sit,</span> <span class='ocrx_word' id='word_1_296' title='bbox 1123 2545 1233 2593; x_wconf 88' lang='lat' dir='ltr'>quasi</span> <span class='ocrx_word' id='word_1_297' title='bbox 1250 2545 1382 2582; x_wconf 80' lang='lat' dir='ltr'>Livius</span> <span class='ocrx_word' id='word_1_298' title='bbox 1413 2546 1523 2582; x_wconf 88' lang='lat' dir='ltr'>dubi-</span> 
     </span>
     <span class='ocr_line' id='line_1_35' title="bbox 111 2614 1523 2664; baseline 0.001 -14"><span class='ocrx_word' id='word_1_299' title='bbox 111 2620 181 2659; x_wconf 69' lang='lat' dir='ltr'>tat,</span> <span class='ocrx_word' id='word_1_300' title='bbox 213 2627 289 2662; x_wconf 87' lang='lat' dir='ltr'>qua</span> <span class='ocrx_word' id='word_1_301' title='bbox 319 2614 425 2650; x_wconf 87' lang='lat' dir='ltr'>fama</span> <span class='ocrx_word' id='word_1_302' title='bbox 457 2627 556 2651; x_wconf 88' lang='lat' dir='ltr'>nunc</span> <span class='ocrx_word' id='word_1_303' title='bbox 585 2615 654 2659; x_wconf 78' lang='lat' dir='ltr'>sit,</span> <span class='ocrx_word' id='word_1_304' title='bbox 697 2627 774 2651; x_wconf 89' lang='lat' dir='ltr'>non</span> <span class='ocrx_word' id='word_1_305' title='bbox 804 2616 850 2652; x_wconf 87' lang='lat' dir='ltr'>de</span> <span class='ocrx_word' id='word_1_306' title='bbox 879 2616 1023 2652; x_wconf 88' lang='lat' dir='ltr'>incerta</span> <span class='ocrx_word' id='word_1_307' title='bbox 1052 2615 1169 2652; x_wconf 84' lang='lat' dir='ltr'>futuri</span> <span class='ocrx_word' id='word_1_308' title='bbox 1199 2616 1381 2664; x_wconf 88' lang='lat' dir='ltr'>temporis</span> <span class='ocrx_word' id='word_1_309' title='bbox 1410 2616 1523 2652; x_wconf 88' lang='lat' dir='ltr'>laude</span> 
     </span>
     <span class='ocr_line' id='line_1_36' title="bbox 108 2685 1525 2736; baseline 0.002 -15"><span class='ocrx_word' id='word_1_310' title='bbox 108 2685 230 2733; x_wconf 77' lang='lat' dir='ltr'>dicat)</span> <span class='ocrx_word' id='word_1_311' title='bbox 270 2691 307 2722; x_wconf 89' lang='lat' dir='ltr'>et</span> <span class='ocrx_word' id='word_1_312' title='bbox 337 2688 355 2730; x_wconf 63' lang='grc' dir='ltr'><em>ξ</em></span> <span class='ocrx_word' id='word_1_313' title='bbox 388 2686 409 2721; x_wconf 89' lang='grc'>8</span> <span class='ocrx_word' id='word_1_314' title='bbox 440 2685 604 2734; x_wconf 87' lang='lat' dir='ltr'>prisca</span> <span class='ocrx_word' id='word_1_315' title='bbox 639 2691 744 2722; x_wconf 86' lang='lat' dir='ltr'>tota</span> <span class='ocrx_word' id='word_1_316' title='bbox 779 2686 871 2722; x_wconf 90' lang='lat' dir='ltr'>illa</span> <span class='ocrx_word' id='word_1_317' title='bbox 900 2693 1057 2723; x_wconf 89' lang='lat' dir='ltr'>mente</span> <span class='ocrx_word' id='word_1_318' title='bbox 1096 2687 1226 2735; x_wconf 88' lang='lat' dir='ltr'>(quem</span> <span class='ocrx_word' id='word_1_319' title='bbox 1256 2687 1382 2724; x_wconf 91' lang='lat' dir='ltr'>locum</span> <span class='ocrx_word' id='word_1_320' title='bbox 1415 2688 1525 2736; x_wconf 83' lang='lat' dir='ltr'>attigi</span> 
     </span>
    </p>
   </div>
  </div>
 </body>
</html>
