1811 2925
215 122 290 154 Lib.
306 120 507 153 XXXVIII.
884 119 962 155 442

216 245 431 285 Simul..
467 249 711 291 ostentat3
752 254 891 291 quum
932 240 1059 277 levis
1091 246 1336 276 armatura
1364 240 1462 277 tale
1492 253 1627 289 proc·

215 318 335 354 lium
376 314 614 359 ediderit,
661 313 774 362 quid
817 313 873 349 ab
904 310 1182 360 legionibus
1324 310 1626 360 exspectari?

215 387 405 436 Exempla
437 386 655 423 adscribere
684 397 762 421 non
793 384 902 419 decet
912 395 921 429 3
953 382 984 418 si
1017 382 1101 431 quis
1132 381 1302 430 requirit,
1333 389 1458 419 sumat
1489 395 1536 419 ex
1567 383 1626 428 iis,

214 472 298 508 quae
327 456 507 508 praecepti
539 455 790 494 confirmandi
820 466 938 490 causa
967 452 1080 502 posui
1111 452 1184 502 Op.
1216 454 1289 490 Ac.
1321 453 1375 491 ΙΙ.
1406 466 1443 502 p.
1478 454 1568 491 213.

325 529 420 578 Cap.
454 530 531 574 23,
572 529 593 564 2
629 528 692 573 (de
722 525 848 564 Gallis
884 537 903 560 e
935 523 1069 560 castris
1099 524 1331 572 fugientibus
1365 530 1401 560 et
1431 536 1545 560 coeco
1580 525 1627 560 ti-

214 615 319 638 more
352 613 421 649 per
464 612 561 636 saxa
590 598 828 640 ruentibus):
874 596 1047 643 Itaque
1084 595 1311 643 plerique
1340 596 1626 644 praecipites

212 686 295 722 per
324 678 507 708 vastam
540 669 850 706 altitudinem
884 666 1107 716 prolapsi
1149 672 1229 701 aut
1258 665 1512 702 debilitati
1548 679 1625 703 ex—

215 744 505 781 animantur.
580 740 798 778 Ridiculam
828 751 921 774 vero
954 736 1247 781 distinctionem,
1281 742 1322 772 ut
1366 737 1428 773 alii
1458 750 1527 785 per
1556 750 1622 773 va-

214 822 311 852 stam
343 812 580 850 altitudinem
610 811 783 860 prolapsi
813 809 969 858 integris
1000 807 1180 844 membris
1225 808 1290 855 (—
1332 807 1405 844 hoc
1445 808 1543 844 enim
1578 820 1626 844 ex

214 885 405 923 contrario
446 883 617 932 sequitur
651 882 719 931 ——)
753 882 1039 919 exanimentur.
1082 879 1146 916 alii
1173 879 1253 915 sine
1285 878 1530 927 prolapsione
1560 891 1624 915 ne-

214 958 292 995 scio
324 969 398 1005 quo
434 955 547 992 modo
580 952 778 990 debilitati.
824 954 1022 1001 Apparet,
1053 951 1207 988 eosdem
1238 950 1411 986 homines
1441 963 1510 999 per
1530 962 1628 999 prae·

213 1028 342 1078 cipitia
378 1027 582 1076 prolapsos
631 1023 763 1061 fractis
816 1030 853 1059 et
897 1023 997 1059 elisis
1035 1022 1215 1060 membris
1255 1020 1497 1057 exanimatos
1531 1033 1626 1057 esse.

215 1099 465 1137 Scribendum
494 1098 610 1146 igitur
644 1104 724 1141 est,
756 1101 837 1131 aut
867 1094 1037 1130 sublato:
1076 1107 1157 1143 per
1186 1099 1374 1129 vastam
1408 1092 1626 1128 altitudi-

212 1183 312 1207 nem
342 1168 583 1218 prolapsi,
615 1165 869 1203 debilitati
901 1165 1262 1202 exanimantur.
1328 1164 1506 1200 Alterum
1536 1175 1626 1211 par-

211 1241 382 1290 ticipium
413 1239 690 1289 praecedentem
721 1248 891 1281 causam,
936 1236 1096 1272 alterum
1143 1237 1298 1273 modum
1346 1234 1399 1271 rci
1438 1234 1627 1283 significat

215 1312 560 1362 (prolabuntur
586 1315 631 1345 ct
664 1306 918 1344 debilitati
964 1306 1126 1356 exam).
1185 1307 1333 1344 Eodem
1372 1306 1497 1354 capite
1525 1304 1625 1341 infra

214 1386 256 1430 (ξ
294 1383 369 1430 10),
399 1381 465 1417 ubi
497 1381 637 1416 editur:
669 1378 813 1415 armis
844 1377 1053 1413 hostium
1093 1379 1137 1414 in
1179 1391 1268 1414 uno
1299 1375 1624 1413 concrematis

209 1454 423 1495 cumulo,
479 1451 602 1499 magis
664 1450 833 1499 placeret
881 1461 971 1484 uno
1031 1447 1355 1485 concrematis
1417 1445 1625 1489 cumulo,

210 1526 352 1562 omissa
382 1522 676 1573 praepositione,
709 1533 793 1569 quae
823 1528 911 1569 post
940 1534 974 1560 m
1005 1519 1186 1556 facillime
1224 1519 1313 1555 oriri
1344 1524 1497 1566 poterat
1529 1517 1626 1562 (vid.

211 1596 259 1632 ad
293 1596 343 1632 V.
378 1598 441 1637 47,
476 1595 535 1642 6),
567 1599 609 1629 ut
638 1592 830 1629 ablativus
862 1591 1017 1627 modum
1051 1590 1283 1639 significaret
1318 1589 1385 1626 (ita
1405 1617 1413 1629 ,
1460 1596 1501 1624 ut
1531 1600 1627 1624 unus

211 1673 310 1703 esset
339 1666 548 1710 cumulus),
581 1662 905 1712 quemadmodum
937 1662 970 1706 I,
1003 1664 1073 1705 37„
1108 1664 1128 1697 ἵ)
1162 1661 1291 1696 Livius
1323 1660 1490 1708 scripsit:
1521 1671 1628 1707 spo-

210 1737 292 1773 liis
326 1736 534 1773 hostium
574 1765 610 1774 ..
651 1733 842 1783 ingenti
873 1732 1061 1768 cumulo
1101 1731 1333 1768 accensis.

322 1805 418 1854 Cap.
453 1807 516 1851 26,
562 1809 582 1842 4
632 1806 687 1850 (in
720 1803 975 1852 descriptione
1021 1803 1115 1839 aciei
1148 1802 1389 1843 Gallonium:
1421 1802 1627 1838 Ariara-

210 1877 313 1914 this
345 1876 667 1925 Cappadoces
714 1883 757 1911 et
787 1874 940 1910 Morzi
982 1874 1262 1910 auxiliares
1296 1874 1341 1909 in
1372 1873 1489 1909 laevo
1523 1872 1627 1919 (cor-

210 1948 278 1996 nu)
326 1954 561 1996 quattuor
615 1947 765 1983 ferme
815 1945 995 1981 milium
1050 1957 1290 1980 numerum
1347 1943 1626 1992 explebant.

211 2020 338 2056 Prave
378 2019 476 2055 inter
519 2031 651 2066 regum
707 2016 863 2052 nomina
903 2015 1084 2064 copulata
1115 2015 1367 2063 interponitur
1398 2013 1626 2050 adiectivum

211 2091 259 2126 ad
290 2090 564 2126 auxiliares
594 2088 807 2137 pertinens;
845 2100 968 2135 neque
1007 2099 1077 2135 pro
1108 2086 1346 2122 substantivo
1379 2083 1627 2133 Cappado-

211 2174 288 2198 ces
327 2172 409 2196 esse
440 2166 585 2209 potest,
630 2159 812 2207 quoniam
858 2171 979 2207 prave
1009 2158 1063 2193 sic
1095 2157 1336 2193 auxiliarium
1369 2155 1626 2204 appellatione

212 2232 464 2280 Cappadoces
516 2230 779 2267 excluduntur.
875 2229 1006 2266 Livius
1052 2228 1278 2276 scripserat:
1338 2225 1627 2263 Ariarathis

212 2301 519 2351 Cappadocis
551 2308 595 2337 et
625 2301 777 2337 Morzi
809 2300 1098 2341 auxiliares,
1155 2305 1195 2334 ut
1225 2299 1314 2342 XL,
1350 2298 1412 2335 20.
1449 2300 1486 2333 1:
1529 2297 1628 2333 Eu-

211 2373 360 2409 menis
394 2380 437 2409 et
464 2371 750 2410 Ariarathis
785 2370 1096 2420 Cappadocis
1126 2376 1169 2405 et
1200 2368 1473 2405 Pharnacis
1508 2368 1628 2403 Pon·

211 2444 309 2480 tici.
368 2444 553 2480 Proxime
585 2449 672 2479 ante
703 2442 742 2491 (§
777 2443 815 2488 3)
847 2454 922 2478 non
962 2441 1279 2483 locaverunt,
1323 2439 1389 2475 sed
1430 2438 1625 2474 locave-

211 2522 322 2551 rant
352 2528 375 2551 a
406 2515 516 2551 Livio
548 2513 731 2562 scriptum
749 2519 842 2562 puto
873 2513 985 2558 (inter
1016 2512 1253 2547 tenebant
1280 2509 1625 2557 etexplebant).

212 2585 463 2631 Describitur,
486 2584 809 2633 quemadmodum
842 2583 916 2619 iam
949 2582 1171 2618 instructam
1191 2581 1358 2617 Manlius
1388 2580 1507 2616 aciem
1530 2577 1629 2615 Gal-

210 2656 332 2693 lorum
363 2655 561 2692 invenerit.
