1811 2925
268 144 341 175 Lib.
370 143 397 173 1.
903 145 950 180 54

334 265 429 314 Cap.
465 266 527 309 58,
560 267 580 300 5
621 264 687 309 (de
717 264 808 302 Sex,
840 265 1054 312 Tarquinio
1087 265 1273 301 Lucretiae
1301 270 1439 313 praeter
1468 270 1631 300 mortem

223 337 386 373 dedecus
403 334 583 383 minato):
617 347 707 383 quo
737 341 923 371 terrore
956 347 1093 382 quum
1116 335 1316 372 vicisset
1336 334 1631 371 obstinatam

222 407 508 457 pudicitiam
551 406 684 442 velut
723 406 903 442 victrix
942 405 1095 441 libido
1135 405 1482 454 profectusque
1524 405 1634 441 inde

224 477 521 526 Tarquinius
550 477 688 514 ferox
719 482 995 524 expugnato
1031 475 1203 512 decore
1232 476 1456 512 muliebri
1486 482 1633 520 esset7

225 549 452 586 Lucretia
482 553 551 585 ctc.
600 548 645 583 In
675 547 748 583 hoc
775 547 861 583 loco
885 559 1001 594 quum
1022 545 1238 593 superiores
1263 559 1392 583 omnes
1413 547 1634 591 tacuissent,

225 621 368 669 primus
390 618 641 655 Marklandus
671 617 791 663 haesit,
821 618 859 653 in
890 616 1059 653 remedio
1091 615 1306 652 adhibendo
1333 617 1465 653 infelix
1487 617 1636 658 (velut

224 690 394 735 ultrix,
441 688 543 737 quod
590 701 612 724 a
658 687 845 724 sententia
883 687 956 723 loci
997 687 1269 723 alienissimum
1319 689 1409 734 est);
1454 688 1636 724 Hertzius

224 774 345 809 nuper
374 760 510 796 fortius
544 759 639 794 duas
669 771 783 795 voces
798 759 1025 794 resecandas
1048 758 1286 806 significavit,
1318 771 1400 806 quae
1422 759 1521 794 unde
1542 765 1635 795 ortae

226 837 262 868 et
293 831 431 867 additae
462 831 547 873 sint„
578 842 689 865 nemo
724 829 878 865 divinet.
953 829 1136 864 Mendum
1166 835 1293 864 tamen
1324 836 1359 865 et
1389 829 1635 866 manifestum

226 908 349 939 estet
389 901 595 946 eiusmodi,
643 901 745 948 quod
782 900 924 936 nullum
965 899 1125 948 recipiat
1168 900 1423 936 excusationis
1454 900 1636 936 colorem.

224 974 329 1010 Nam
358 984 494 1019 neque,
523 984 590 1007 cur
619 971 757 1007 victrix
783 971 899 1007 libido
931 970 1068 1006 vicisse
1094 971 1315 1019 pudicitiam
1347 971 1514 1011 dicatur,
1558 970 1636 1006 ullo

226 1043 341 1079 modo
371 1042 613 1090 intelligitur,
660 1042 769 1089 quasi
809 1054 885 1077 non
924 1041 1062 1077 victrix
1093 1041 1243 1077 vincere
1274 1042 1458 1089 potuerit.
1499 1053 1638 1088 neque,

227 1127 294 1151 cur
322 1113 456 1149 velut
494 1113 632 1149 victrix
662 1113 821 1157 dicatmg
860 1125 944 1159 quae
973 1125 1063 1148 vere
1093 1112 1281 1159 planeque
1311 1112 1418 1156 vicit3
1457 1112 1638 1159 quodque

228 1184 562 1220 Weissenbornius
588 1184 637 1219 ad
657 1196 791 1220 vocem
822 1182 1003 1219 victrix
1034 1182 1226 1226 adscribit„
1258 1195 1302 1217 ea
1325 1195 1407 1218 cum
1430 1182 1549 1217 verbo
1573 1181 1638 1216 vi-

228 1256 376 1292 cisset
407 1254 588 1304 copulata
620 1255 784 1303 speciem
814 1267 906 1289 vero
938 1253 1169 1290 contrariam
1190 1251 1397 1301 significari
1418 1257 1453 1286 et
1476 1263 1560 1286 cum
1592 1263 1638 1286 eo

229 1324 501 1375 comparem-N),
532 1337 690 1374 prorsus
722 1325 871 1373 ignoro,
903 1337 986 1372 quae
1017 1324 1065 1359 sit>
1094 1336 1139 1359 ca
1170 1330 1235 1359 aut
1264 1323 1409 1371 species
1440 1328 1505 1357 aut
1536 1334 1640 1357 com-

229 1397 398 1446 paratio;
430 1395 766 1440 ‘Weissenbornim
813 1396 915 1443 quod
955 1407 1073 1443 saepe,
1115 1393 1297 1429 accidisse
1340 1392 1472 1437 video,
1518 1398 1559 1427 ut
1590 1392 1640 1427 ad

230 1467 480 1504 offensionem
510 1467 674 1516 primum
702 1467 989 1509 adhaeresceren
1020 1465 1155 1501 deinde
1177 1463 1281 1512 inani
1312 1463 1471 1499 artificio
1501 1476 1541 1499 se
1573 1475 1639 1499 ex-

229 1539 387 1587 pediret.
443 1538 693 1575 Scribendum
724 1543 781 1573 est
810 1550 886 1573 una
916 1537 1043 1572 littera
1064 1536 1101 1571 in
1119 1535 1281 1571 similem
1302 1539 1450 1569 mutata
1482 1532 1512 1581 (t
1531 1533 1568 1568 in
1592 1531 1643 1580 U:

231 1622 320 1657 quo
345 1615 530 1645 terrore
555 1622 690 1657 quum
715 1608 917 1644 vicisset
940 1607 1233 1643 obstinatam
1258 1604 1542 1653 pudicitiam
1565 1603 1642 1639 vel

229 1680 275 1717 vi
305 1680 486 1716 victrix
515 1679 687 1718 libido.
718 1681 791 1716 hoc
822 1685 897 1724 est„
928 1678 1067 1723 libido,
1099 1690 1182 1724 quae
1211 1676 1270 1712 vel
1301 1675 1384 1711 sola
1414 1675 1464 1717 vi,
1495 1686 1541 1709 ne
1573 1673 1642 1709 ad-

230 1751 350 1787 hibito
383 1751 535 1798 quidem
561 1750 624 1786 illo
649 1756 794 1786 terrore
816 1757 851 1786 et
876 1749 1073 1785 dedecoris
1096 1747 1219 1786 minis,
1250 1747 1428 1782 vincebat
1449 1745 1643 1793 superior-

231 1835 305 1870 que
335 1828 428 1858 erat.

343 1891 438 1940 Cap.
464 1892 527 1936 59‚
563 1893 573 1926 1
616 1890 667 1937 (in
699 1890 871 1927 oratione
887 1890 1033 1939 Erum:
1065 1900 1168 1933 vos,v
1199 1888 1282 1932 dii,
1314 1893 1462 1923 testes
1492 1885 1644 1930 facio,

233 1976 299 2000 me
342 1964 386 1999 L.
424 1961 741 2009 Tarquinium
784 1959 1048 2007 Superbum
1079 1980 1128 1985 —
1174 1958 1323 2001 fei-rm
1369 1956 1486 2005 igni,
1532 1968 1642 2003 qua-

232 2047 415 2082 cunque
462 2032 631 2068 dehinc
668 2032 713 2067 vi
753 2043 965 2079 possum,
1009 2036 1358 2066 exsecuturum.
1437 2026 1642 2075 Temporis

232 2111 269 2140 et¹
313 2104 455 2140 ordinis
501 2103 748 2147 adverbium,
795 2114 870 2149 quo
914 2101 1053 2137 alibine
1096 2113 1257 2148 usquam
1289 2099 1420 2135 Livius
1461 2110 1550 2133 usus
1582 2096 1644 2141 sit,

232 2188 308 2211 non
347 2175 519 2217 memini,
565 2174 595 2209 si
636 2173 845 2222 posuisset,
891 2172 1091 2208 adiecisset
1134 2170 1324 2219 priinariae
1371 2167 1567 2204 sententiae
1606 2172 1644 2202 et

232 2245 350 2281 futuri
388 2245 570 2293 temporis
615 2245 733 2280 verbo
777 2243 962 2287 (dehinc
1008 2240 1381 2288 exsecuttlrum);
1431 2252 1506 2287 quo
1555 2239 1643 2274 loco

232 2328 331 2351 nunc
361 2315 527 2363 ponitur,
558 2329 670 2351 uuum
703 2315 740 2351 id
772 2321 860 2363 apte
887 2313 976 2362 poni
1000 2318 1163 2361 poterat,
1195 2323 1282 2358 un
1311 2311 1528 2359 singulatim
1558 2309 1642 2357 qui-

233 2386 395 2422 busdam
430 2386 648 2430 nominatis5
688 2392 883 2434 postremo
915 2384 1043 2420 onmia
1074 2394 1142 2418 nos
1176 2382 1495 2429 comprehendere
1525 2380 1643 2429 sigui-

233 2456 410 2492 ficamus:
446 2468 729 2504 quacunque
761 2455 971 2506 denique
1002 2453 1047 2489 vi
1077 2464 1279 2501 possum.
1342 2453 1385 2488 Id
1418 2452 1641 2488 adverbium

258 2613 291 2657 ¹]
328 2617 391 2647 Die
417 2617 642 2656 Vei-bindung
676 2616 735 2646 mit
770 2615 951 2647 vicisset
987 2615 1068 2645 hebt
1103 2614 1176 2643 dem
1211 2612 1422 2643 lvii-michea
1448 2612 1647 2651 gegenfiher

328 2680 386 2709 das
414 2678 620 2709 Scheinbare
645 2679 777 2708 hcrvor.
