1811 2925
844 164 913 200 181
1373 165 1448 196 Lib.
1479 165 1542 197 XI.

165 294 264 318 esse.
331 283 622 321 Restituendum
664 285 800 334 igitur:
847 286 928 325 Set
968 287 1195 336 quoniam
1228 288 1423 337 quidam
1453 291 1592 328 nobi-

167 353 238 390 les
267 354 486 392 homines
519 352 653 403 eet.)¹)

281 423 376 475 Cap.
412 427 476 473 30,
504 429 552 464 3:
595 428 653 465 Et
684 429 773 466 duo
804 430 1011 480 imperia
1040 443 1093 467 eo
1124 443 1250 467 anno
1280 431 1385 469 dari
1416 438 1592 482 coepta

166 509 251 545 per
278 497 531 546 populum,
569 506 783 549 utraque
831 501 1133 551 pertinentia
1170 502 1227 538 ad
1268 516 1367 540 rem
1405 504 1591 541 milita-

166 581 283 615 rem,
311 582 464 616 unum,
494 578 542 608 ut
564 572 751 608 tribuni
779 572 983 609 militum
1015 573 1118 609 seni
1146 574 1253 610 deni
1282 574 1328 610 in
1358 581 1593 623 quattuor

165 639 387 688 legiones
408 653 432 677 a
451 643 630 692 populo
653 650 1101 690 crearentur,——-;
1121 644 1341 691 alterurn,
1365 653 1412 682 ut
1433 646 1590 683 duum—

164 713 298 751 viros
330 715 531 752 navales
562 715 739 752 elassis
770 715 996 752 ornandae
1025 714 1412 765 reficiendaeque
1442 730 1588 754 causa

162 786 289 822 idem
318 786 524 836 populus
555 787 754 824 iuberet.
800 786 964 823 Miratos
990 788 1104 824 credo
1130 788 1232 825 Livii
1248 788 1429 836 aequales,
1455 789 1488 826 si
1508 790 1587 826 haec

164 857 219 894 sic
250 858 395 907 scripta.
424 858 607 906 legerunt,
638 857 802 906 primum
834 857 997 906 imperia
1027 859 1216 908 appellari
1246 859 1489 897 tribunorum
1519 861 1590 898 mi-

163 929 273 965 litum
320 929 357 965 in
402 929 617 978 legionibus
661 936 698 964 et
745 929 1036 966 duumvirorum
1081 931 1301 976 navalium,
1349 944 1445 980 quos
1474 945 1588 969 nemo

163 1011 335 1048 unquam
368 1001 566 1037 Romanus
606 999 809 1049 imperium
850 1002 995 1038 habere
1025 1001 1143 1046 dixit,
1180 1009 1261 1039 tum
1293 1004 1590 1040 commemorari

163 1077 349 1119 tanquam
387 1071 604 1121 singulare,
650 1084 782 1108 eorum
820 1072 1071 1121 imperiorum
1113 1080 1318 1122 utrumque
1358 1075 1588 1124 pertinuisse

161 1142 213 1178 ad
243 1155 323 1179 rem
354 1143 572 1188 militarem,
621 1143 804 1192 quoniam
835 1143 875 1179 id
900 1143 1054 1180 insitum
1087 1152 1170 1181 erat
1199 1146 1237 1182 in
1267 1146 1418 1196 imperii
1448 1154 1588 1184 natura

161 1226 208 1250 ac
240 1214 419 1259 notione,
462 1222 503 1252 ut
541 1216 589 1252 ad
628 1228 707 1252 rem
753 1214 958 1251 militarem
995 1216 1215 1264 pertineret.
1276 1217 1353 1256 Sed
1382 1218 1477 1255 nihil
1510 1219 1587 1255 tale

162 1286 211 1322 ab
233 1285 279 1322 iis
300 1286 337 1322 h.
359 1285 382 1322 1.
402 1286 541 1323 lectum
566 1298 661 1332 esse,
682 1286 714 1322 si
735 1299 795 1323 res
815 1287 901 1335 ipsa
921 1287 1034 1323 fidem
1056 1301 1133 1324 non
1155 1288 1262 1338 facit,
1287 1289 1356 1339 (——
1374 1298 1411 1326 et
1428 1297 1587 1339 quotus-

162 1356 324 1405 quisque
370 1363 438 1402 est,
490 1358 555 1406 qui
600 1370 646 1394 ea
689 1359 764 1395 fide
809 1366 912 1395 stare
943 1359 1102 1395 firmiter
1142 1360 1310 1397 audeat?
1354 1362 1422 1407 —)
1467 1361 1585 1398 vineit

162 1428 371 1465 auctoritas
405 1429 547 1466 codicis
591 1430 634 1466 M
665 1443 902 1479 quamquam
934 1430 1113 1466 mendum
1143 1432 1274 1480 passi,
1317 1432 1357 1468 in
1401 1445 1477 1481 quo
1508 1433 1587 1482 pri-

156 1513 224 1536 ma
256 1513 371 1537 manu
402 1500 585 1550 scriptum
617 1509 691 1538 est:
737 1508 781 1538 et
818 1501 1078 1538 duosferia
1110 1515 1162 1539 eo
1194 1516 1316 1540 anno
1348 1512 1432 1550 cet„
1463 1504 1586 1541 altera

160 1571 315 1608 demum
345 1585 461 1609 manu
492 1572 550 1614 id,
591 1573 695 1621 quod
740 1574 855 1610 ceteri
887 1574 1038 1611 codices
1069 1574 1225 1611 habent.
1267 1579 1446 1624 (prorsus
1476 1583 1517 1613 ut
1546 1577 1584 1613 in

160 1643 278 1687 VIII,
325 1644 389 1684 23,
441 1643 517 1692 10).
586 1645 632 1681 In
671 1646 853 1694 ambiguo
894 1646 959 1682 illo
1005 1645 1147 1682 codicis
1191 1647 1390 1696 archetypi
1432 1649 1585 1695 mendo,

160 1715 266 1763 quod
297 1715 495 1752 Medieeus
528 1717 718 1763 servavit,
761 1730 837 1754 non
882 1716 1089 1766 imperia
1126 1718 1306 1763 suberat,
1349 1720 1436 1765 sed,
1480 1721 1585 1769 quod

160 1798 276 1822 unum
307 1786 363 1822 rei
393 1794 525 1835 aptum
555 1794 632 1832 est,
678 1789 976 1829 ministeria.
1048 1788 1217 1826 Ministri
1257 1791 1356 1827 enim
1395 1791 1435 1828 hi
1463 1792 1585 1841 impe-

158 1864 334 1915 ratorum
365 1864 403 1894 et
433 1858 487 1894 rei
509 1859 682 1896 militaris
713 1860 946 1896 instruendae
968 1860 1358 1910 administrandaeque
1389 1863 1584 1900 adiutores

159 1935 281 1967 erant.
295 1926 331 1974 ι3)

186 2084 217 2125 ι)
258 2088 440 2129 Superiore
466 2089 576 2129 capite
603 2089 677 2129 (25,
706 2090 740 2131 5)
779 2091 895 2122 Livius
922 2101 991 2122 non
1017 2091 1166 2132 scripsit:
1206 2092 1364 2123 docent
1391 2102 1490 2124 suos
1518 2110 1584 2134 ——,

255 2151 384 2181 simul
422 2151 470 2181 ad
507 2151 722 2182 Lautulas
760 2158 1002 2192 pugnatum
1042 2154 1296 2190 audierunt,
1345 2165 1419 2196 pro
1459 2156 1585 2187 victis

254 2212 469 2244 Romanos
504 2213 736 2251 habuisse,
771 2219 808 2244 ut
834 2214 968 2245 codices
996 2222 1028 2245 et
1051 2216 1218 2247 editiones
1244 2216 1384 2253 habeut,
1423 2217 1484 2247 sed
1510 2228 1585 2248 au·

256 2275 428 2307 dierint.
486 2276 561 2307 Hoc
586 2282 719 2317 tempus
756 2275 974 2317 (perfectum)
1007 2288 1050 2308 ex
1081 2279 1233 2310 oratione
1266 2287 1358 2310 recta
1384 2280 1419 2310 in
1446 2280 1584 2321 obliqua

255 2343 422 2369 retentum
457 2339 492 2369 in
518 2339 577 2369 tali
604 2339 770 2370 sententia
795 2348 962 2380 nusquam
996 2349 1065 2370 non
1091 2341 1233 2372 transire
1260 2343 1294 2373 in
1320 2344 1584 2375 coniunctivam.

257 2400 439 2431 ostendunt
465 2410 511 2431 eae
536 2401 716 2432 verborum
741 2401 870 2439 formae,
897 2410 971 2441 quae
996 2411 1067 2432 nou
1100 2412 1168 2433 una
1193 2403 1305 2436 littera
1336 2406 1472 2437 distant.
1521 2406 1585 2437 Le-

256 2462 346 2501 gitur
370 2461 563 2494 huiusmodi
588 2463 672 2495 loeis
699 2464 878 2504 aliquoties
904 2463 1105 2495 fecerunt
1128 2475 1190 2506 pro
1216 2465 1408 2498 fecerint
1433 2467 1584 2509 (impe-

257 2523 430 2555 dierunt
469 2535 530 2566 pro
566 2526 846 2567 impedierint
886 2527 938 2564 II,
979 2530 1032 2564 58,
1074 2530 1119 2565 5),
1160 2538 1328 2569 nusquam
1368 2534 1471 2565 (certa
1501 2530 1582 2569 fide)

257 2584 368 2617 feeit
401 2597 462 2628 pro
498 2586 656 2618 fecerit
697 2594 755 2618 aut
790 2597 916 2628 quum
954 2589 1165 2621 bellatum
1192 2597 1257 2622 est
1282 2602 1344 2632 pro
1369 2592 1584 2623 bellatum

256 2648 312 2680 sit
337 2648 557 2690 (XXXVIII,
585 2653 616 2686 8,
646 2649 692 2690 7).
747 2649 831 2689 cfr„
860 2661 934 2692 quae
960 2652 1113 2683 dicentur
1142 2653 1185 2684 ad
1209 2653 1360 2692 XXXV,
1390 2658 1442 2691 12,
1473 2655 1523 2686 13.

183 2705 217 2751 ¹²)
257 2708 340 2752 Cap.
367 2713 422 2749 29,
451 2714 492 2742 10
518 2712 608 2752 quod
633 2712 805 2744 scribitur:
845 2713 1056 2746 Traditur
1092 2715 1193 2747 inde
1232 2716 1354 2747 dictu
1375 2717 1584 2748 mirabile
