1811 2925
851 96 928 131 559
1368 92 1443 123 Lib.
1474 91 1600 123 XLIV.

181 221 306 271 capite
336 226 509 257 extremo
539 220 575 264 (ᾗ
612 219 679 262 12)
712 218 765 254 sic
796 217 994 254 scribitur:
1030 217 1142 265 Ipse
1170 216 1371 264 (Perseus)
1404 228 1505 252 cum
1536 229 1602 252 re-

181 291 332 340 liquis
378 290 536 339 copiis
579 289 714 326 circa
759 288 901 326 Dium
942 288 1129 324 stativa
1170 288 1361 333 habuit3
1411 287 1602 332 deinde,

182 365 303 401 adeo
334 368 383 399 ut
414 359 738 409 obtorpuisse
767 359 908 408 inops
940 359 1138 395 consilii
1179 359 1458 403 videretur,
1504 371 1603 395 cum

182 436 283 483 (cod.
305 435 423 471 adeo
458 439 506 469 ut
535 431 887 480 obtorpovisse
917 430 1057 467 inobs
1089 430 1293 466 consilii
1319 430 1484 467 videre
1516 430 1603 467 cir-

182 506 298 554 cum)
330 503 581 553 equitibus
622 501 869 550 expeditis
907 502 1080 538 littore
1124 514 1246 538 nunc
1294 502 1604 547 Heracleum,

181 590 306 615 nunc
336 576 530 614 Philam
556 573 898 623 percurrebat.
938 573 1101 609 eodem
1141 573 1250 609 inde
1291 584 1432 609 cursu
1464 571 1604 608 Dium

181 655 423 698 repetens,
482 646 621 693 Neque
652 644 772 680 adeo
804 652 852 680 ut
881 657 953 693 pro
987 651 1037 680 ut
1066 650 1169 680 recte
1191 644 1340 689 dicitur,
1371 643 1437 680 ubi
1455 655 1605 692 magnae

182 721 237 757 rei
269 720 375 756 nulla
405 726 463 755 est
491 716 652 761 notatio,
700 722 737 752 et
767 717 859 761 haec,
902 716 993 764 quid
1024 715 1138 752 facile
1176 714 1312 751 coniici
1344 728 1392 752 ex
1422 714 1490 751 illa
1518 726 1605 763 per-

183 791 401 829 cursatione
448 788 642 838 potuerit,
690 787 944 836 significatio,
988 800 1109 836 prave
1147 786 1392 836 praemittitur
1435 785 1510 834 ipsi
1551 784 1605 820 rei

183 861 395 899 narrationi
406 873 416 907 3
459 860 526 897 sed
571 861 652 896 haec
688 859 842 895 minora
872 865 909 895 et
941 858 1106 896 fortasse
1139 871 1217 895 non
1248 857 1425 894 omnibus
1458 855 1606 905 perspi-

185 946 276 981 cua;
306 932 399 969 illud
430 930 689 976 manifestum,
720 930 887 979 torporis
918 930 1175 979 suspicionem
1214 942 1263 965 ex
1292 934 1480 978 perpetua
1513 939 1606 963 con-

184 1004 402 1041 cursatione
443 1002 550 1038 nasci
591 1015 668 1038 non
710 1001 899 1050 potuisse,
957 1014 1042 1049 quae
1084 1001 1254 1037 maxime
1292 999 1419 1035 aliena
1457 1005 1514 1035 est
1558 999 1606 1035 ab

184 1083 340 1123 torpore
371 1073 518 1109 defixis.
592 1073 727 1109 Livius
771 1073 980 1122 scripserat-
1028 1072 1229 1122 aptissima
1274 1078 1311 1107 et
1351 1070 1540 1107 sententia
1571 1076 1608 1107 et

184 1146 376 1183 oratione:
407 1145 597 1189 deinde,
626 1144 794 1193 credo,
831 1157 887 1184 ne
918 1145 1237 1193 obtorpuisse
1267 1173 1304 1181 ..
1343 1142 1607 1185 videretur,

219 1247 229 1254 .
268 1229 389 1252 nunc
419 1216 716 1252 Heracleum
748 1222 820 1252 etc.
889 1217 1045 1253 Acerbe
1075 1215 1278 1264 significat,
1314 1214 1459 1250 nullam
1490 1214 1608 1251 aliam

184 1288 309 1325 inanis
340 1287 440 1323 illius
471 1287 606 1323 Persei
635 1287 937 1336 percursationis
969 1299 1128 1324 causam
1151 1286 1274 1323 videri
1303 1284 1435 1331 fuisse,
1465 1285 1538 1322 nisi
1567 1292 1609 1322 ut

185 1359 352 1409 torporis
383 1372 431 1395 ex
461 1358 593 1407 inopia
623 1358 772 1395 consilii
804 1358 1063 1407 suspicionem
1094 1353 1373 1399 remove1·et.¹)

295 1431 391 1480 Cap.
411 1433 447 1475 4,
482 1433 497 1466 1
530 1430 611 1476 (ubi
630 1430 678 1466 de
696 1430 842 1478 impetu
859 1430 1127 1466 Romanorum
1157 1428 1196 1464 in
1225 1428 1365 1464 saltum
1396 1428 1445 1463 ab
1462 1427 1609 1476 Hippia

184 1503 371 1539 insessum
395 1501 539 1549 agitur)
566 1502 688 1538 verba
704 1502 759 1538 sic
777 1501 1046 1549 coniungenda
1075 1506 1181 1536 sunt:
1211 1500 1270 1536 Et
1299 1499 1503 1536 Romani
1534 1512 1608 1536 ex-

185 1574 344 1622 pediti
383 1574 439 1610 ad
479 1585 691 1621 pugnam
732 1573 963 1609 exierant
1003 1578 1049 1608 et
1077 1573 1247 1608 hostes
1286 1571 1412 1607 levis
1456 1583 1609 1607 arma-

185 1650 295 1679 tura
333 1651 461 1688 erat,
513 1644 929 1693 promptissimum
980 1656 1132 1693 genus
1175 1644 1231 1679 ad
1270 1643 1609 1679 lacessendum

185 1719 446 1752 certamen.
492 1716 692 1751 Romanus
709 1716 900 1752 exercitus
925 1722 1028 1752 totus
1051 1715 1197 1759 aderat,
1215 1721 1377 1763 excepto
1395 1720 1610 1751 castrorum

186 1785 390 1834 praesidio,
432 1799 509 1822 non
549 1787 646 1823 levis
684 1794 903 1831 armatura„
945 1788 1012 1824 sed
1056 1787 1277 1836 expeditus3
1319 1786 1373 1822 ita
1419 1785 1612 1834 utrimque

186 1864 364 1906 prompte
401 1865 596 1894 certamen
627 1859 914 1907 capessebatur.
974 1858 1196 1907 Sequuntur
1223 1859 1304 1894 haec
1337 1856 1372 1905 (ξ
1407 1856 1465 1906 4):
1495 1857 1610 1894 Irri-

281 2037 403 2068 quum
434 2033 467 2058 et
491 2027 713 2059 iussisset.
766 2027 868 2068 (Cap.
900 2030 955 2065 35,
984 2031 1002 2058 2
1031 2028 1143 2058 codex
1168 2027 1289 2058 habet:
1325 2027 1401 2067 qui
1427 2026 1612 2057 Pantau-

282 2089 404 2120 chum
431 2089 912 2129 ..appropinquarent
947 2090 1109 2121 castris
1133 2094 1339 2121 vetarent
1372 2100 1433 2130 pro
1460 2100 1613 2131 appro-

280 2151 514 2192 pinquare3
552 2150 610 2181 lib.
645 2150 788 2192 XLIII,
823 2156 855 2189 3,
894 2156 934 2184 6:
971 2158 1011 2184 et
1037 2152 1070 2182 si
1099 2161 1183 2191 qua
1207 2158 1421 2193 praeterea
1447 2153 1614 2184 vellent

281 2213 553 2253 imperarent
576 2224 638 2254 pro
662 2214 911 2255 imperare.)

213 2272 243 2315 ¹)
284 2275 303 2314 ξ
334 2278 372 2305 10
399 2275 600 2306 iuvenum
640 2282 837 2316 corruptum
873 2286 946 2308 esse
972 2282 1103 2309 certum
1141 2279 1208 2317 θεῖς
1235 2288 1345 2319 neque
1381 2280 1482 2318 enim,
1509 2288 1613 2319 quum

283 2337 368 2368 levis
394 2343 565 2368 armatura
590 2338 784 2369 mitteretur
811 2340 953 2379 eiusque
979 2348 1049 2370 non
1075 2341 1187 2372 minus
1215 2341 1251 2372 X
1277 2342 1382 2379 milia,
1418 2341 1491 2371 ulla
1515 2345 1611 2381 pote-

282 2404 334 2430 rat
360 2409 431 2430 esse
457 2400 567 2430 aetatis
593 2400 751 2439 selecti03
786 2410 851 2432 uec
887 2407 1001 2432 tamen
1039 2403 1149 2442 gentis
1188 2413 1315 2435 nomen
1356 2402 1465 2443 (velut
1489 2402 1614 2443 Agri-

285 2462 428 2502 anum)
456 2461 593 2493 subesse
618 2468 740 2503 potest‚
768 2464 928 2504 quoniam
956 2464 992 2495 in
1018 2463 1136 2496 Persei
1163 2466 1315 2496 exercitu
1341 2465 1468 2496 nullius
1492 2470 1615 2507 praeter

283 2525 375 2565 ipsos
413 2524 621 2556 Macedonas
653 2527 764 2566 gentis
795 2531 912 2557 tantus
948 2532 1020 2557 erat
1067 2533 1126 2558 aut
1165 2537 1269 2569 prope
1305 2532 1421 2557 tantus
1453 2536 1613 2558 numerus

285 2586 367 2623 (vid.
393 2585 505 2625 XLII,
534 2587 604 2627 51).
671 2587 794 2618 Fuitne
828 2588 940 2619 levis
975 2596 1204 2620 armaturae
1237 2589 1426 2631 plurium
1460 2589 1614 2630 (varia-

285 2648 419 2688 rum?)
452 2649 670 2689 gentium?
