1811 2925
814 106 863 142 27

135 228 310 266 omnibus
341 226 532 264 occultata
561 231 630 271 est,
659 232 806 264 tantum
837 228 875 264 in
908 228 1081 277 margine
1111 229 1325 276 adnotatis,
1365 231 1548 279 quemad-

135 300 291 336 modum
331 299 369 335 in
413 297 542 336 codice
573 298 780 347 archetypo
812 299 1008 348 adscripta
1040 298 1158 336 fuisse
1189 300 1385 346 videntur3
1433 302 1549 338 ceteri

134 371 279 409 librarii
304 371 342 407 in
367 376 584 408 contextam
610 369 823 406 orationem
843 377 1070 420 receperunt
1081 368 1125 418 ¹).
1188 371 1265 409 Sed
1292 371 1329 408 in
1350 372 1408 408 his
1431 373 1548 409 tantis

134 443 277 480 meritis
324 449 452 479 tamen
493 440 595 477 haud
636 451 726 476 raro
763 442 922 490 propria
955 443 1095 479 menda
1132 455 1358 491 erroresque
1398 443 1549 481 inscitia

134 526 239 551 ortos
268 515 385 551 habet
409 513 467 562 (ut
484 512 537 557 II,
557 513 620 556 24,
640 514 675 556 6,
707 524 793 559 quo
825 512 977 550 minus
1010 526 1058 550 se
1087 514 1134 550 in
1165 513 1318 551 omnis
1351 513 1550 550 sedendi

131 597 203 633 pro
235 597 324 633 quo
351 584 504 621 minus
535 582 574 618 ei
604 582 812 619 nominis
844 581 1084 632 edendi‘2),
1117 585 1549 632 42,sscumeerve1--

131 667 214 692 sum
245 656 337 692 illud
367 654 553 692 favoris
584 654 629 690 in
659 653 1034 700 multitudinem,
1067 656 1170 704 quod
1200 662 1339 704 praeter
1367 653 1548 692 Alschef-

130 727 256 764 skium
286 727 405 763 miror
434 725 632 761 Hertzium
662 730 832 761 secutum
864 737 965 771 esse,
1003 739 1073 774 pro
1105 726 1286 763 furoris
1316 726 1362 762 in
1392 725 1548 762 multi-

131 797 313 843 tudine,
345 808 577 845 quamquam
611 794 800 831 favoris
831 796 869 831 in
901 796 1110 846 archetypo
1134 797 1253 833 fuisse
1280 798 1397 834 etiam
1419 798 1543 838 L1H1

132 874 342 914 testantur,
383 867 466 910 ΙΙΙ,
503 868 572 910 13,
617 868 639 901 4
678 865 751 902 cui
787 879 858 914 pro
889 866 963 903 cui
1005 867 1094 912 rei,
1137 880 1170 906 c.
1204 869 1275 912 35,
1312 871 1358 905 10
1392 882 1476 906 cum
1513 873 1549 909 R

131 938 407 988 improbant
443 949 513 986 pro
546 937 916 984 improbabant,
957 939 1152 985 quomodo
1197 938 1236 974 in
1277 940 1548 979 recentissimis

131 1009 278 1057 aliquot
306 1010 441 1046 iterum
473 1014 639 1044 erratum
669 1014 744 1047 est,
787 1021 818 1047 e.
852 1009 923 1053 36,
956 1011 977 1045 6
1015 1021 1116 1057 quae
1146 1008 1218 1045 sui
1247 1009 1418 1047 iudicii
1445 1024 1548 1060 quae

128 1080 308 1124 videri,
338 1080 438 1116 male
467 1078 628 1127 repetito
661 1091 779 1126 quae,
812 1080 876 1123 37,
910 1081 931 1115 6
963 1080 1269 1117 obsedebant
1298 1093 1368 1129 pro
1405 1083 1547 1120 obse-

128 1149 319 1195 derant,
369 1162 399 1188 c.
441 1153 510 1193 44,
552 1152 573 1186 6
616 1161 702 1185 cum
739 1150 776 1186 R
818 1150 1155 1187 tabernaculis
1199 1163 1270 1199 pro
1313 1153 1547 1200 tabernis,

128 1232 161 1258 c.
185 1222 250 1265 46,
278 1221 299 1257 3
323 1233 407 1256 cum
438 1221 473 1257 R
502 1220 627 1256 iusto
659 1219 735 1255 die
763 1233 835 1268 pro
865 1220 935 1256 ius
966 1234 1018 1257 eo
1050 1222 1136 1262 die,
1168 1221 1206 1257 in
1235 1235 1348 1270 quem
1378 1237 1548 1262 errorem

128 1291 243 1327 etiam
275 1291 405 1327 incidit
434 1291 611 1328 librarius
636 1291 670 1327 L
698 1294 746 1337 1),
776 1291 814 1327 in
844 1292 1050 1340 postremis
1083 1293 1234 1341 quidem
1269 1294 1375 1331 libris
1406 1296 1548 1344 plures,

129 1362 286 1411 opinor,
331 1362 605 1411 gravioresque
646 1373 760 1409 quam
798 1363 844 1407 P,
894 1375 1057 1411 quorum
1101 1377 1219 1413 supra
1258 1367 1437 1416 exempla
1473 1367 1548 1404 tria

128 1433 252 1481 posui,
284 1434 424 1470 addam
454 1445 583 1476 unum,
614 1433 717 1480 quod
748 1434 1032 1470 recentissimos
1056 1435 1221 1472 editores
1238 1437 1403 1486 decepit,
1428 1438 1547 1485 VIII,

134 1505 201 1542 18.
234 1501 312 1549 73).
374 1503 704 1552 Interpolationis,
749 1516 833 1552 quae
872 1504 1026 1552 quidem
1068 1506 1225 1555 proprie
1267 1507 1405 1545 dicitur
1443 1511 1548 1555 (nam

155 1689 186 1733 ²)
223 1693 264 1724 In
292 1693 358 1731 IX,
385 1696 444 1726 39.
473 1697 491 1723 4
519 1692 620 1723 etiam
646 1691 723 1722 PL1
754 1697 787 1723 et
810 1703 897 1725 unus
923 1699 955 1725 et
981 1695 1066 1726 alter
1090 1701 1256 1736 praeterea
1282 1703 1399 1728 carent
1435 1699 1546 1730 verbis

222 1754 386 1791 insiticiis,
412 1755 476 1785 nisi
503 1754 593 1795 quod
618 1753 645 1785 P
672 1754 707 1784 in
731 1756 884 1795 margine
911 1756 1081 1798 adscripta
1108 1767 1148 1788 ea
1172 1758 1288 1791 habet.

149 1827 184 1871 ⁴²)
225 1826 253 1862 P
277 1842 297 1862 a
321 1841 399 1862 vero
424 1837 554 1862 tantum
585 1840 653 1861 una
683 1831 796 1863 littera
824 1833 996 1872 geminata
1031 1834 1185 1866 aberrat:
1225 1844 1305 1875 quo
1338 1835 1474 1867 minus
1510 1837 1546 1867 ei

221 1893 407 1924 nominis
441 1893 630 1925 sedendi.

150 1966 184 2011 ³)
221 1970 422 2002 Rectissime
448 1970 493 2000 ibi
516 1970 550 2000 in
572 1969 708 2010 reliquis
731 1970 888 2001 omnibus
907 1971 1083 2004 codicibus
1101 1974 1272 2005 scribitur:
1300 1980 1339 2005 et
1365 1984 1546 2014 coquen-

221 2037 286 2063 tes
313 2032 518 2072 quasdam
553 2031 865 2063 medicamenta
890 2038 930 2063 et
960 2036 1187 2066 recondita
1219 2037 1310 2067 alia
1347 2036 1439 2077 (quae
1476 2037 1546 2068 iam

222 2099 319 2124 cocta
344 2093 456 2131 erant)
492 2094 560 2124 inv
572 2103 618 2123 en
631 2102 647 2123 e
658 2100 765 2124 runt.
816 2093 857 2124 In
880 2094 930 2133 M,
960 2102 1186 2138 praeterquam
1212 2099 1303 2138 quod
1328 2104 1465 2140 propter
1489 2099 1545 2130 lit-

221 2160 308 2185 teras
334 2165 353 2185 a
362 2165 395 2185 m
420 2155 473 2186 bis
505 2155 631 2197 positas
651 2156 812 2196 scriptum
837 2161 888 2187 est
914 2167 965 2198 (111
975 2167 995 2187 a
1005 2168 1019 2188 s
1030 2158 1049 2188 d
1061 2168 1079 2188 a
1088 2169 1122 2189 m
1131 2169 1163 2189 m
1175 2169 1191 2189 e
1201 2169 1223 2189 n
1232 2165 1244 2189 t
1254 2169 1273 2190 a
1284 2183 1292 2198 ,
1319 2161 1546 2200 geminatione

220 2216 406 2247 litterarum
439 2217 500 2248 ita
527 2216 654 2248 factum
688 2223 739 2248 est
773 2218 902 2255 (addito
928 2229 946 2251 v
974 2218 1015 2251 ad
1042 2219 1204 2250 Latinum
1240 2222 1444 2253 vocabulum
1472 2222 1545 2253 effi-

222 2278 396 2318 ciendum)
421 2290 437 2309 r
446 2289 462 2310 e
472 2289 488 2310 c
499 2289 518 2310 o
529 2289 551 2309 n
563 2279 650 2309 dita
683 2279 788 2310 vital
799 2280 807 2310 i
818 2290 838 2310 a
849 2303 857 2317 ,
890 2280 980 2320 quod
1007 2290 1111 2321 quum
1137 2287 1208 2312 tam
1235 2288 1323 2314 esset
1347 2284 1543 2321 absurdum,

220 2345 258 2371 ut
281 2340 339 2371 uni
355 2339 574 2372 Alschefskio
599 2340 736 2381 probari
757 2346 883 2381 posset,
911 2342 1156 2374 substituerunt
1180 2353 1288 2385 nuper
1312 2354 1353 2375 re.
1365 2346 1474 2376 cond
1486 2346 1546 2377 ita

219 2401 396 2440 letalia,
431 2401 566 2442 poetica
590 2410 671 2431 voce
697 2401 731 2431 in
756 2402 843 2432 Livii
870 2403 1058 2435 orationem
1086 2405 1182 2435 illata
1209 2411 1242 2437 et
1266 2417 1351 2438 nove
1378 2417 1439 2448 pro
1465 2409 1545 2439 sub-

221 2463 365 2494 stantivo
397 2463 508 2503 posita
519 2486 527 2500 ‚
561 2472 623 2493 nec
659 2468 773 2494 tamen
806 2470 865 2495 aut
900 2465 1229 2505 animadverterunt,
1263 2472 1302 2498 ut
1335 2467 1412 2506 illa,
1443 2478 1544 2508 quam

219 2524 346 2562 volunt,
374 2524 563 2556 efficeretur
586 2524 764 2555 verborum
791 2526 998 2565 coniunctio,
1017 2528 1200 2560 dicendum
1218 2528 1340 2561 fuisse:
1362 2540 1544 2571 coquen-

221 2591 259 2617 te
274 2597 288 2617 s
315 2587 448 2627 quasd
463 2597 483 2618 a
496 2597 526 2618 m
553 2592 592 2618 et
616 2587 825 2618 medicam
838 2595 937 2619 enta
963 2595 1003 2620 et
1030 2592 1256 2622 recondita
1281 2591 1448 2623 letalia.
1487 2596 1545 2622 aut

219 2647 388 2685 dixerunt,
417 2658 491 2688 quae
518 2655 630 2680 essent
654 2649 769 2680 letalia
794 2659 814 2680 a
839 2651 1092 2683 medicamentis
1110 2650 1356 2695 (φαρμάκοις)
1376 2658 1542 2694 separata.
