1811 2925
255 108 328 138 Lib.
355 107 468 138 xxx.
924 109 1000 144 352

252 229 411 280 petita):
455 242 602 278 quum
647 260 684 267 ..
739 241 878 266 nemo
922 229 1127 265 omnium
1168 229 1331 266 verius
1378 230 1666 268 existimare

253 306 431 349 posset,
461 312 551 348 qua
580 305 738 335 mente
765 312 818 336 ea
847 311 942 348 pax
971 306 1231 348 peteretur,
1262 313 1401 349 quam
1435 313 1555 347 eum,
1587 301 1665 349 qui

253 376 364 407 ante
406 375 575 418 portas
616 368 936 419 Carthaginis
989 370 1171 406 bellum
1214 378 1434 419 gereret,
1479 371 1664 408 nullius

254 441 462 478 alterius
494 440 704 477 consilio
748 453 886 488 quam
919 440 1174 489 Scipionis
1206 442 1547 490 accipiendam
1577 443 1665 479 ab—

252 511 554 547 nuendamve
584 524 749 559 pacem
780 523 897 549 esse.
964 511 1028 549 Sic
1058 511 1220 555 codices,
1249 512 1452 550 manifesto
1482 514 1521 549 in
1553 525 1664 550 accu-

251 582 377 619 sativo
409 595 513 618 cum
545 582 730 618 orationis
759 582 875 627 viti03
920 582 1050 630 itaque
1091 582 1129 618 in
1180 583 1439 631 superioribus
1490 584 1664 620 editioni-

252 653 322 689 bus
370 653 527 689 licenter
568 653 752 702 scriptum
784 660 858 690 est:
904 666 1044 701 quam
1074 653 1135 699 is,
1180 653 1278 701 qui;
1327 666 1448 702 nuper
1499 667 1575 691 non
1619 655 1664 691 li-

251 730 391 769 center,
437 724 503 760 sed
533 725 814 773 superstitiose:
861 737 1001 772 quam
1032 731 1127 760 tum
1159 724 1264 772 qui,
1307 724 1430 761 inutili
1473 726 1663 763 vocabulo

251 795 482 843 pravissimo
515 795 601 831 loco
631 795 758 843 posito
796 795 889 843 (non
906 796 1028 832 solum
1056 801 1143 831 ante
1174 795 1263 843 qui,
1297 796 1364 831 sed
1394 795 1492 831 inter
1525 808 1664 844 quam

252 866 355 914 qui,
396 879 480 914 quae
511 866 722 902 arctissime
751 867 976 913 cohaerent„
998 867 1202 915 oportebat
1232 866 1366 902 saltem
1397 866 1487 902 dici:
1527 880 1664 915 quam

254 936 332 986 qui
362 923 456 972 tum
485 936 647 984 ipsum.
727 937 960 986 Simpliciter
1000 937 1210 973 tollendum
1241 943 1323 973 erat
1358 950 1570 986 pronomen
1601 949 1664 973 eo-

252 1008 337 1044 dem
371 1002 646 1055 inf'erpretandi
677 1008 826 1053 studio,
876 1009 1009 1044 eadem
1039 1020 1197 1056 prorsus
1238 1009 1277 1044 in
1308 1021 1398 1045 casu
1433 1008 1665 1057 negligentia

253 1079 436 1123 additum,
471 1090 586 1126 quam
617 1079 655 1114 in
687 1079 759 1123 IV,
792 1080 856 1123 32,
890 1081 908 1114 7
943 1078 1213 1115 animadvertit
1243 1080 1342 1116 Tan.
1374 1080 1513 1124 Faber,
1543 1079 1664 1119 inVL

258 1152 318 1195 17,
351 1152 372 1186 6
406 1150 481 1186 alii.
512 1147 623 1199 (Vid.
655 1162 690 1198 p.
729 1151 774 1185 14
806 1149 896 1193 ima,
927 1162 964 1197 p.
1003 1150 1076 1184 132
1106 1149 1202 1196 not.)

372 1219 467 1269 Cap.
501 1222 564 1265 30,
597 1221 618 1256 S
664 1220 722 1269 (in
767 1220 941 1257 oratione
984 1218 1215 1255 Hannibalis
1262 1220 1364 1267 apud
1409 1220 1665 1268 Scipionem):

252 1291 329 1326 Ita
359 1291 522 1327 aliena
552 1292 823 1340 adpetimus
856 1294 947 1335 (scr.
982 1302 1079 1326 cum.
1110 1289 1194 1325 edd.
1228 1289 1587 1338 adpetivimus),
1612 1294 1666 1325 ut

254 1361 308 1397 de
339 1362 520 1398 nostris
551 1363 909 1406 dimicaremus,
941 1373 1025 1397 nec
1063 1361 1108 1396 in
1140 1361 1290 1397 Italia
1329 1361 1479 1397 solum
1524 1359 1664 1396 vobis

252 1432 295 1468 in
325 1432 496 1469 Africa
527 1440 676 1477 esset,
722 1434 801 1469 sed
839 1438 886 1469 et
929 1444 1012 1468 vos
1042 1431 1086 1466 in
1116 1431 1275 1479 portis
1305 1431 1486 1468 vestris
1516 1443 1665 1479 prope

252 1515 304 1539 ac
334 1503 586 1540 moenibus
617 1503 758 1551 signa
779 1516 1007 1551 armaque
1037 1501 1248 1538 hostium
1280 1502 1478 1538 vidistis
1508 1507 1553 1538 et
1579 1513 1665 1537 nos

252 1575 306 1610 ab
338 1573 637 1623 Carthagine
669 1574 915 1610 fremitum
946 1574 1561 1610 castrorumRomanorum
1594 1586 1665 1609 ex-

253 1645 482 1681 audimus.
546 1646 610 1681 Ita
653 1646 885 1681 Puteaneus.
919 1645 1117 1680 Lacunam
1149 1643 1391 1680 manifestam
1424 1644 1488 1680 alii
1517 1644 1667 1680 codices

253 1716 299 1759 [si
329 1716 444 1752 modo
475 1723 577 1752 recte
609 1716 655 1752 de
685 1716 731 1752 iis
762 1719 927 1763 tacetur)
960 1721 998 1752 et
1028 1715 1212 1751 editiones
1242 1715 1296 1750 ita
1313 1714 1596 1763 suppleverunt„
1626 1721 1667 1751 ut

252 1786 497 1822 scriberetur:
539 1799 622 1822 nec
661 1787 705 1822 in
736 1787 888 1823 Italia
930 1787 1082 1823 solum
1121 1786 1260 1822 vobis
1291 1786 1486 1831 bellum7
1529 1786 1666 1822 nobis

251 1858 297 1893 in
344 1857 521 1894 Africa
566 1864 715 1902 esset,
777 1871 825 1893 ex
885 1870 961 1905 quo
1000 1857 1147 1903 (audita
1202 1856 1360 1904 copula:
1413 1855 1664 1903 nobisque)

251 1928 414 1964 efficitur
445 1941 491 1964 ea
521 1928 721 1973 sententia,
753 1929 951 1965 Romanos
995 1939 1071 1962 non
1118 1926 1240 1962 solum
1291 1926 1330 1962 in
1360 1926 1475 1962 Italia
1513 1925 1664 1969 alicubL

252 1998 588 2047 Carthaginienses
618 1999 656 2034 in
687 1998 826 2035 Africa
853 1998 994 2035 bellum
1025 1996 1222 2039 habuisse,
1273 1996 1338 2032 sed
1379 2002 1562 2044 utrosque
1593 1996 1664 2032 cir-

252 2082 336 2106 cum
376 2070 501 2118 ipsam
542 2070 689 2108 urbem.
778 2070 927 2106 Verum
969 2069 1049 2104 haec
1088 2067 1276 2103 subtilitas
1338 2067 1377 2103 in
1428 2068 1664 2115 exquirendo

251 2140 452 2176 intervallo
488 2140 582 2176 nihil
615 2140 664 2176 ad
696 2153 775 2176 rem
804 2140 994 2188 pertinet:
1024 2139 1062 2175 id
1091 2138 1266 2186 pertinet,
1296 2150 1373 2173 non
1391 2138 1664 2187 alteriutripo-

251 2211 341 2259 pulo
373 2210 513 2247 bellum
543 2211 581 2247 in
613 2224 683 2247 sua
714 2218 817 2248 terra
847 2211 1053 2255 accidisse,
1084 2209 1149 2246 sed
1181 2209 1343 2257 utrique.
1402 2209 1540 2257 Itaque
1570 2209 1663 2246 scri-

253 2282 417 2318 bendum
450 2288 524 2318 est:
572 2294 654 2318 nec
698 2282 743 2318 in
787 2283 940 2319 Italia
987 2281 1136 2318 solum
1167 2280 1305 2315 vobis
1360 2277 1553 2328 [bellum
1584 2289 1663 2316 aut

253 2351 411 2402 nobis]
452 2353 501 2388 in
538 2352 710 2389 Africa
752 2360 889 2389 esset.
968 2351 1149 2399 Sequitur
1192 2356 1295 2393 (nam
1336 2350 1447 2399 plura
1487 2351 1597 2387 nobis
1626 2351 1662 2386 in

252 2424 367 2471 longo
399 2424 471 2459 hoc
513 2424 638 2471 capite
681 2424 905 2472 attingenda
935 2422 1036 2472 sunt)
1069 2426 1087 2466 ς’
1120 2423 1163 2457 9:
1208 2420 1345 2468 Quod
1387 2422 1536 2470 igitur
1579 2435 1662 2458 nos

254 2494 455 2530 maxime
485 2494 848 2537 abominamur,
892 2507 977 2531 vos
1008 2499 1162 2530 autem
1196 2498 1307 2527 ante
1337 2492 1493 2528 omnia
1523 2499 1662 2540 opta-

254 2565 396 2605 retis,
446 2565 493 2600 in
538 2565 735 2601 meliore
781 2572 947 2601 vestra
990 2564 1191 2600 fortuna
1229 2563 1283 2598 de
1329 2574 1448 2611 pace
1492 2562 1662 2610 agitur.

253 2635 537 2672 Condicionalis
570 2635 677 2671 verbi
708 2636 844 2671 modus
869 2634 908 2670 in
940 2633 1183 2682 optaretis
1212 2633 1356 2669 nullam
1386 2633 1504 2668 habet
1546 2633 1663 2669 ratio-

253 2718 357 2749 nem;
388 2705 479 2741 nihil
510 2706 609 2741 enim
641 2706 796 2742 omnino
828 2706 877 2741 ad
908 2717 987 2741 rem
1018 2704 1204 2752 pertinet,
1247 2704 1338 2751 quid
1379 2703 1453 2739 alio
1493 2711 1663 2751 tempore
