1811 2925
270 155 346 186 Lib.
375 155 458 185 XXI
890 155 967 191 226

225 279 302 323 sed,
335 291 410 326 quo
441 277 639 314 Hannibal
671 276 914 325 proliciebat,
948 277 1118 323 1·uebat,)
1151 290 1273 325 neque
1304 278 1495 314 ablativus
1530 289 1633 314 con-

227 351 342 386 silio
380 350 416 385 in
448 350 624 386 absoluto
669 349 742 385 hoc
772 346 962 395 participii
1002 360 1071 384 usu
1105 348 1275 392 additus;
1315 348 1547 396 omninoque
1578 349 1634 384 ad

226 421 520 457 destinatum
549 419 763 455 consilio
796 417 923 454 facere
954 418 1097 466 aliquid
1128 432 1197 467 pro
1228 433 1295 466 eo,
1338 419 1440 467 quod
1472 425 1529 455 est,
1562 420 1634 456 de-

225 492 319 528 stin
335 498 412 528 ato
445 490 671 534 consilio,
694 502 851 539 prorsus
866 489 1043 525 inusitate
1060 488 1206 525 dicitur.
1266 490 1372 526 Idem
1404 491 1484 527 sine
1518 491 1635 527 dubio

226 563 286 599 liic
317 576 424 598 error
454 568 628 597 versatus
664 569 733 605 est,
749 560 812 608 qui
829 560 1011 604 1V,25,7
1036 560 1250 596 consilia
1281 561 1336 596 ad
1366 561 1543 597 bellum
1563 574 1634 610 pro

226 633 437 670 consilia
471 632 524 667 de
556 632 683 668 bello
715 630 857 674 effecit,
878 636 943 666 aut
956 641 1112 678 prorsus
1129 631 1271 667 similis.
1315 632 1418 668 Nam
1439 645 1556 680 quum
1572 632 1635 668 Li-

224 704 308 741 vius
343 703 573 752 scripsisset:
624 716 646 738 a
676 702 927 738 destinato
959 701 1048 737 iam
1082 707 1190 737 ante
1221 702 1431 738 consilio
1463 703 1635 739 avidus

225 774 529 818 certaminis,
565 786 633 809 suo
666 772 730 808 illo
759 772 1038 821 praepositionis
1080 774 1135 809 ab
1176 785 1244 809 usu
1271 772 1358 821 (hoc
1388 779 1468 809 est:
1499 774 1635 810 avidus

226 845 441 883 certaminis
480 850 639 893 propt-er
677 843 874 880 consilium
914 844 990 879 iam
1023 849 1110 879 ante
1141 843 1410 887 destinatum),
1441 844 1636 892 geminato

226 918 248 953 d
280 917 422 953 factum
454 922 510 951 est
541 915 609 959 ad,
647 914 793 958 deinde,
825 927 916 950 casu
948 913 1260 958 accommodam,
1292 911 1637 961 destinatun1¹).

338 987 431 1036 Cap.
467 989 535 1030 55,
579 989 598 1021 5
639 985 691 1031 (in
723 985 977 1033 descriptione
1024 985 1160 1034 proelii
1200 985 1248 1020 ad
1278 985 1500 1032 Trebiam):
1536 986 1637 1034 qui-

227 1060 311 1095 bus
344 1057 604 1105 (Balearibus)
638 1070 778 1104 quum
811 1056 1001 1092 maiore
1046 1057 1228 1092 robore
1258 1056 1477 1104 legiones
1509 1056 1639 1092 obsi-

227 1135 426 1170 sterent,
460 1128 673 1164 deduetae
703 1140 911 1176 propere
942 1128 984 1163 in
1017 1140 1195 1164 cornua
1225 1128 1357 1163 leves
1382 1133 1639 1163 armaturae

227 1206 349 1236 sunt.
426 1199 538 1235 Adeo
579 1198 640 1234 hic.
684 1198 846 1246 pluralis
879 1198 1028 1247 (leves
1060 1202 1328 1241 armaturae)
1372 1197 1538 1233 insolens
1570 1205 1639 1239 est,

228 1271 291 1319 qui
328 1284 374 1306 ne
403 1277 482 1306 tum
515 1269 667 1317 quidem
699 1269 874 1317 ponitur,
925 1282 1040 1317 quum
1083 1270 1243 1306 duorum
1276 1268 1510 1304 exercituum
1544 1267 1640 1303 levis

227 1348 431 1378 armaturae
472 1340 608 1377 milites
650 1339 761 1375 simul
792 1346 1160 1384 commemorantur,
1205 1346 1247 1375 ut
1276 1352 1352 1375 non
1383 1338 1551 1374 dubitem
1581 1351 1641 1374 re-

227 1413 382 1449 stituere
413 1412 532 1460 (quod
565 1410 811 1447 Alschefskio
846 1410 883 1446 in
915 1416 1078 1446 mentem
1115 1411 1237 1455 venit,
1268 1411 1333 1446 sed
1365 1409 1493 1445 statim
1525 1409 1641 1445 omis·

227 1496 308 1519 snm
342 1483 434 1531 est):
474 1483 683 1518 diducta
727 1494 789 1529 pr.
828 1481 873 1517 in
911 1494 942 1517 c.
977 1481 1105 1517 levis
1139 1481 1207 1530 (sic.
1234 1482 1283 1529 P)
1323 1486 1639 1525 armaturast,

228 1554 367 1590 erroris
398 1553 506 1600 origo
538 1566 584 1589 ex
618 1559 661 1588 st
693 1565 761 1601 pro
794 1558 901 1587 sunt.
939 1558 1095 1600 accepto
1140 1551 1197 1598 (ut
1233 1565 1333 1600 saepe
1375 1552 1413 1588 in
1444 1550 1639 1588 Ciceronis

228 1624 354 1667 libris]
396 1631 489 1660 nata
534 1631 602 1660 est.
682 1623 775 1660 Did
790 1629 907 1659 uetae
948 1622 1025 1658 iam
1063 1623 1383 1659 Drakenborchio
1424 1623 1641 1671 placuerat3

231 1696 354 1732 divisa
384 1695 481 1731 enim
512 1696 606 1731 levis
645 1700 843 1731 armatura
873 1694 993 1729 altera
1022 1706 1112 1742 pars
1149 1694 1186 1730 in
1218 1694 1413 1738 dextrum,
1454 1693 1574 1730 altera
1603 1693 1642 1728 in

231 1767 424 1803 sinistrum
455 1779 573 1802 cornu
605 1766 771 1801 abducta
802 1769 868 1800 est.

343 1837 438 1886 Cap.
475 1839 537 1882 56,
569 1838 590 1872 2
626 1837 692 1879 (de
715 1835 901 1872 Romanis
933 1835 968 1870 in
994 1835 1139 1883 proelio
1163 1836 1211 1871 ad
1227 1835 1448 1876 T1·ebiam):
1483 1835 1640 1870 decem

232 1908 364 1944 milia
394 1908 544 1945 ferme
574 1906 818 1943 hominum
839 1935 874 1944 ..
895 1936 903 1943 .
942 1905 1101 1942 media
1131 1906 1361 1942 Afrorum
1392 1905 1511 1946 acie,
1544 1917 1642 1952 quae

259 2126 286 2168 1)
323 2129 427 2170 Apud
454 2127 654 2158 Ciceronem
682 2127 724 2157 ad
754 2127 825 2157 Att..
853 2125 941 2162 XII,
976 2129 1025 2163 18,
1057 2129 1068 2155 l
1098 2136 1158 2166 pro
1186 2135 1236 2163 eo,
1265 2126 1353 2165 quod
1374 2125 1498 2155 editur:
1525 2134 1565 2154 re
1577 2123 1643 2154 fu-

328 2191 398 2230 gio
424 2200 441 2220 a
469 2195 507 2220 te
535 2190 824 2224 admonendo,
862 2187 1028 2218 sententia
1055 2187 1244 2218 necessario
1271 2186 1424 2227 requirit:
1468 2185 1643 2226 refugio

329 2256 366 2291 (a
391 2251 682 2282 recordationibus
714 2250 863 2282 dolorem
891 2248 1130 2284 efficientibus)
1160 2253 1199 2278 at
1235 2248 1313 2288 (ad)
1340 2254 1378 2278 te
1415 2248 1642 2278 admoneu-

329 2314 426 2344 dum
463 2312 520 2353 (de
548 2312 625 2343 sano
652 2312 774 2343 Tulliae
809 2312 1040 2351 exstruendo).
1081 2310 1215 2340 Mutata
1250 2310 1487 2350 praepositione
1524 2309 1643 2340 litterae

330 2375 538 2405 detractione
566 2375 665 2404 etiam
702 2384 801 2405 casus
837 2379 984 2404 mutatus
1011 2377 1072 2403 est.
1144 2371 1307 2402 Extremo
1346 2372 1474 2413 capite,
1511 2372 1551 2402 de
1578 2381 1644 2413 quo

331 2437 413 2474 dixi,
441 2436 473 2477 (ξ
502 2436 536 2475 9)
565 2436 685 2466 iniuria
713 2446 729 2466 e
757 2436 852 2466 codd,
879 2439 1070 2465 revocatum
1091 2439 1155 2465 est:
1181 2438 1225 2464 ut
1250 2434 1323 2464 vix
1350 2443 1559 2464 armorum
1587 2438 1645 2463 te-

330 2499 569 2530 nendorum
597 2498 791 2538 potentia
820 2502 932 2527 esset
966 2507 1028 2537 pro
1070 2501 1227 2526 essent.
1276 2495 1363 2526 Nam
1401 2494 1643 2536 potentiam

331 2560 512 2592 tenendi
534 2570 593 2599 pro
607 2559 733 2589 viribus
752 2559 793 2589 ad
821 2558 1001 2588 tenendum
1013 2567 1113 2588 nemo
1128 2557 1212 2587 Livii
1231 2563 1328 2588 aetate
1342 2557 1445 2594 dixit3
1471 2566 1531 2586 nec
1559 2556 1646 2586 eius-

329 2623 402 2653 dem
436 2621 569 2661 generis
598 2626 670 2657 est,
698 2620 787 2660 quod
818 2619 948 2651 Seneca
974 2619 1015 2649 ad
1044 2619 1204 2650 Marciam
1233 2630 1262 2651 c.
1291 2621 1306 2649 7
1349 2619 1434 2649 dixit
1471 2618 1644 2649 secandi

330 2683 573 2725 potentiam
606 2681 1004 2722 (Schneidevermogen).
