<?xml version="1.0" encoding="UTF-8"?>
<!DOCTYPE html PUBLIC "-//W3C//DTD XHTML 1.0 Transitional//EN"
    "http://www.w3.org/TR/xhtml1/DTD/xhtml1-transitional.dtd">
<html xmlns="http://www.w3.org/1999/xhtml" xml:lang="en" lang="en">
 <head>
  <title>
</title>
<meta http-equiv="Content-Type" content="text/html;charset=utf-8" />
  <meta name='ocr-system' content='tesseract 3.04.00' />
  <meta name='ocr-capabilities' content='ocr_page ocr_carea ocr_par ocr_line ocrx_word'/>
</head>
<body>
  <div class='ocr_page' id='page_1' title='image "./emendationeslivi00madvuoft_0349.png"; bbox 0 0 1811 2925; ppageno 0'>
   <div class='ocr_carea' id='block_1_1' title="bbox 839 138 1586 178">
    <p class='ocr_par' dir='ltr' id='par_1_1' title="bbox 839 138 1586 178">
     <span class='ocr_line' id='line_1_1' title="bbox 839 138 1586 178; baseline 0.001 -7"><span class='ocrx_word' id='word_1_1' title='bbox 839 143 917 178; x_wconf 80' lang='grc'>343</span> <span class='ocrx_word' id='word_1_2' title='bbox 1360 140 1436 171; x_wconf 86' lang='lat' dir='ltr'>Lib.</span> <span class='ocrx_word' id='word_1_3' title='bbox 1452 138 1586 172; x_wconf 84' lang='lat' dir='ltr'>XXIX.</span> 
     </span>
    </p>
   </div>
   <div class='ocr_carea' id='block_1_2' title="bbox 172 263 1588 2439">
    <p class='ocr_par' dir='ltr' id='par_1_2' title="bbox 174 263 1587 382">
     <span class='ocr_line' id='line_1_2' title="bbox 174 263 1587 313; baseline -0.003 -11"><span class='ocrx_word' id='word_1_4' title='bbox 174 275 253 302; x_wconf 84' lang='lat' dir='ltr'>tum</span> <span class='ocrx_word' id='word_1_5' title='bbox 301 265 585 313; x_wconf 83' lang='lat' dir='ltr'>delegatum.</span> <span class='ocrx_word' id='word_1_6' title='bbox 671 265 885 313; x_wconf 87' lang='lat' dir='ltr'>(Delegit</span> <span class='ocrx_word' id='word_1_7' title='bbox 942 277 1012 313; x_wconf 90' lang='lat' dir='ltr'>pro</span> <span class='ocrx_word' id='word_1_8' title='bbox 1063 263 1243 300; x_wconf 87' lang='lat' dir='ltr'>deiecit</span> <span class='ocrx_word' id='word_1_9' title='bbox 1305 265 1338 301; x_wconf 92' lang='lat' dir='ltr'>P</span> <span class='ocrx_word' id='word_1_10' title='bbox 1387 270 1424 300; x_wconf 84' lang='lat' dir='ltr'>et</span> <span class='ocrx_word' id='word_1_11' title='bbox 1472 263 1587 300; x_wconf 84' lang='lat' dir='ltr'>ceteri</span> 
     </span>
     <span class='ocr_line' id='line_1_3' title="bbox 176 336 519 382; baseline -0.003 -9"><span class='ocrx_word' id='word_1_12' title='bbox 176 337 338 381; x_wconf 79' lang='lat' dir='ltr'>XXIII,</span> <span class='ocrx_word' id='word_1_13' title='bbox 370 339 433 379; x_wconf 69' lang='lat'>47,</span> <span class='ocrx_word' id='word_1_14' title='bbox 466 336 519 382; x_wconf 84' lang='lat'>6.)</span> 
     </span>
    </p>

    <p class='ocr_par' dir='ltr' id='par_1_3' title="bbox 175 405 1588 1022">
     <span class='ocr_line' id='line_1_4' title="bbox 286 405 1587 455; baseline -0.002 -12"><span class='ocrx_word' id='word_1_15' title='bbox 286 405 381 455; x_wconf 84' lang='lat' dir='ltr'>Cap.</span> <span class='ocrx_word' id='word_1_16' title='bbox 414 407 478 447; x_wconf 70' lang='lat'>24,</span> <span class='ocrx_word' id='word_1_17' title='bbox 510 409 552 443; x_wconf 80' lang='lat'>4:</span> <span class='ocrx_word' id='word_1_18' title='bbox 582 406 850 455; x_wconf 81' lang='lat' dir='ltr'>perieulum</span> <span class='ocrx_word' id='word_1_19' title='bbox 883 413 1007 451; x_wconf 78' lang='lat' dir='ltr'>erat,</span> <span class='ocrx_word' id='word_1_20' title='bbox 1037 419 1091 442; x_wconf 90' lang='lat' dir='ltr'>ne</span> <span class='ocrx_word' id='word_1_21' title='bbox 1131 436 1138 444; x_wconf 89' lang='lat'><strong>.</strong></span> <span class='ocrx_word' id='word_1_22' title='bbox 1159 436 1167 443; x_wconf 89' lang='lat'><strong>.</strong></span> <span class='ocrx_word' id='word_1_23' title='bbox 1206 406 1351 442; x_wconf 88' lang='lat' dir='ltr'>timor</span> <span class='ocrx_word' id='word_1_24' title='bbox 1380 406 1426 442; x_wconf 93' lang='lat' dir='ltr'>in</span> <span class='ocrx_word' id='word_1_25' title='bbox 1456 418 1587 442; x_wconf 79' lang='lat' dir='ltr'>exer-</span> 
     </span>
     <span class='ocr_line' id='line_1_5' title="bbox 175 475 1586 525; baseline -0.001 -12"><span class='ocrx_word' id='word_1_26' title='bbox 175 478 320 514; x_wconf 89' lang='lat' dir='ltr'>citum</span> <span class='ocrx_word' id='word_1_27' title='bbox 350 477 608 521; x_wconf 75' lang='lat' dir='ltr'>incideret,</span> <span class='ocrx_word' id='word_1_28' title='bbox 651 490 705 513; x_wconf 91' lang='lat' dir='ltr'>ne</span> <span class='ocrx_word' id='word_1_29' title='bbox 742 477 883 514; x_wconf 87' lang='lat' dir='ltr'>simul</span> <span class='ocrx_word' id='word_1_30' title='bbox 923 490 1022 513; x_wconf 88' lang='lat' dir='ltr'>cum</span> <span class='ocrx_word' id='word_1_31' title='bbox 1062 489 1174 525; x_wconf 87' lang='lat' dir='ltr'>rege</span> <span class='ocrx_word' id='word_1_32' title='bbox 1204 482 1249 513; x_wconf 84' lang='lat' dir='ltr'>et</span> <span class='ocrx_word' id='word_1_33' title='bbox 1279 475 1586 525; x_wconf 84' lang='lat' dir='ltr'>Carthagini-</span> 
     </span>
     <span class='ocr_line' id='line_1_6' title="bbox 176 546 1587 585; baseline -0.001 -1"><span class='ocrx_word' id='word_1_34' title='bbox 176 548 370 585; x_wconf 81' lang='lat' dir='ltr'>ensibus</span> <span class='ocrx_word' id='word_1_35' title='bbox 401 547 528 584; x_wconf 87' lang='lat' dir='ltr'>foret</span> <span class='ocrx_word' id='word_1_36' title='bbox 559 548 843 584; x_wconf 85' lang='lat' dir='ltr'>bellandum.</span> <span class='ocrx_word' id='word_1_37' title='bbox 918 547 1033 584; x_wconf 84' lang='lat' dir='ltr'>Nove</span> <span class='ocrx_word' id='word_1_38' title='bbox 1063 554 1100 584; x_wconf 88' lang='lat' dir='ltr'>et</span> <span class='ocrx_word' id='word_1_39' title='bbox 1144 547 1326 584; x_wconf 82' lang='lat' dir='ltr'>inusitate</span> <span class='ocrx_word' id='word_1_40' title='bbox 1370 547 1514 583; x_wconf 88' lang='lat' dir='ltr'>timor</span> <span class='ocrx_word' id='word_1_41' title='bbox 1542 546 1587 582; x_wconf 91' lang='lat' dir='ltr'>in</span> 
     </span>
     <span class='ocr_line' id='line_1_7' title="bbox 176 618 1587 667; baseline -0.001 -13"><span class='ocrx_word' id='word_1_42' title='bbox 176 618 385 667; x_wconf 79' lang='lat' dir='ltr'>aliquem</span> <span class='ocrx_word' id='word_1_43' title='bbox 432 619 649 655; x_wconf 82' lang='lat' dir='ltr'>incidere</span> <span class='ocrx_word' id='word_1_44' title='bbox 693 619 830 655; x_wconf 87' lang='lat' dir='ltr'>dicitur</span> <span class='ocrx_word' id='word_1_45' title='bbox 860 618 989 666; x_wconf 86' lang='lat' dir='ltr'>(quasi</span> <span class='ocrx_word' id='word_1_46' title='bbox 1024 632 1116 656; x_wconf 89' lang='lat' dir='ltr'>casu</span> <span class='ocrx_word' id='word_1_47' title='bbox 1151 619 1304 655; x_wconf 86' lang='lat' dir='ltr'>aliunde</span> <span class='ocrx_word' id='word_1_48' title='bbox 1350 618 1587 662; x_wconf 68' lang='lat' dir='ltr'>adveniens),</span> 
     </span>
     <span class='ocr_line' id='line_1_8' title="bbox 176 689 1586 739; baseline 0 -14"><span class='ocrx_word' id='word_1_49' title='bbox 176 702 253 737; x_wconf 87' lang='lat' dir='ltr'>qua</span> <span class='ocrx_word' id='word_1_50' title='bbox 285 689 435 726; x_wconf 89' lang='lat' dir='ltr'>dicendi</span> <span class='ocrx_word' id='word_1_51' title='bbox 463 689 666 726; x_wconf 73' lang='lat' dir='ltr'>insolentia</span> <span class='ocrx_word' id='word_1_52' title='bbox 696 689 898 738; x_wconf 85' lang='lat' dir='ltr'>quominus</span> <span class='ocrx_word' id='word_1_53' title='bbox 937 689 1090 726; x_wconf 84' lang='lat' dir='ltr'>Livium</span> <span class='ocrx_word' id='word_1_54' title='bbox 1132 702 1243 726; x_wconf 87' lang='lat' dir='ltr'>usum</span> <span class='ocrx_word' id='word_1_55' title='bbox 1285 697 1476 739; x_wconf 75' lang='lat' dir='ltr'>putemus,</span> <span class='ocrx_word' id='word_1_56' title='bbox 1519 689 1586 725; x_wconf 93' lang='lat' dir='ltr'>ob-</span> 
     </span>
     <span class='ocr_line' id='line_1_9' title="bbox 176 760 1585 808; baseline 0 -12"><span class='ocrx_word' id='word_1_57' title='bbox 176 766 278 796; x_wconf 82' lang='lat' dir='ltr'>stant</span> <span class='ocrx_word' id='word_1_58' title='bbox 318 760 433 796; x_wconf 86' lang='lat' dir='ltr'>etiam</span> <span class='ocrx_word' id='word_1_59' title='bbox 464 761 626 805; x_wconf 68' lang='lat' dir='ltr'>codices,</span> <span class='ocrx_word' id='word_1_60' title='bbox 655 760 694 796; x_wconf 89' lang='lat' dir='ltr'>in</span> <span class='ocrx_word' id='word_1_61' title='bbox 725 761 862 808; x_wconf 89' lang='lat' dir='ltr'>quibus</span> <span class='ocrx_word' id='word_1_62' title='bbox 894 767 967 797; x_wconf 86' lang='lat' dir='ltr'>est:</span> <span class='ocrx_word' id='word_1_63' title='bbox 998 761 1046 796; x_wconf 86' lang='lat' dir='ltr'>in</span> <span class='ocrx_word' id='word_1_64' title='bbox 1077 760 1296 797; x_wconf 82' lang='lat' dir='ltr'>exercitu</span> <span class='ocrx_word' id='word_1_65' title='bbox 1326 761 1585 797; x_wconf 86' lang='lat' dir='ltr'>incederet.</span> 
     </span>
     <span class='ocr_line' id='line_1_10' title="bbox 177 831 1585 880; baseline 0 -12"><span class='ocrx_word' id='word_1_66' title='bbox 177 831 391 880; x_wconf 80' lang='lat' dir='ltr'>Scripserat</span> <span class='ocrx_word' id='word_1_67' title='bbox 424 831 576 867; x_wconf 84' lang='lat' dir='ltr'>Livius:</span> <span class='ocrx_word' id='word_1_68' title='bbox 619 831 664 867; x_wconf 91' lang='lat' dir='ltr'>in</span> <span class='ocrx_word' id='word_1_69' title='bbox 692 831 913 867; x_wconf 82' lang='lat' dir='ltr'>exercitu</span> <span class='ocrx_word' id='word_1_70' title='bbox 944 831 1185 867; x_wconf 83' lang='lat' dir='ltr'>insideret</span> <span class='ocrx_word' id='word_1_71' title='bbox 1216 832 1316 875; x_wconf 88' lang='lat' dir='ltr'>(sich</span> <span class='ocrx_word' id='word_1_72' title='bbox 1348 832 1585 879; x_wconf 81' lang='lat' dir='ltr'>festsetzen).</span> 
     </span>
     <span class='ocr_line' id='line_1_11' title="bbox 176 900 1588 950; baseline -0.002 -11"><span class='ocrx_word' id='word_1_73' title='bbox 176 904 226 939; x_wconf 88' lang='lat' dir='ltr'>Et</span> <span class='ocrx_word' id='word_1_74' title='bbox 264 903 301 938; x_wconf 91' lang='lat' dir='ltr'>in</span> <span class='ocrx_word' id='word_1_75' title='bbox 344 903 377 938; x_wconf 88' lang='lat' dir='ltr'><strong>P</strong></span> <span class='ocrx_word' id='word_1_76' title='bbox 418 908 454 938; x_wconf 85' lang='lat' dir='ltr'>et</span> <span class='ocrx_word' id='word_1_77' title='bbox 494 902 532 938; x_wconf 90' lang='lat' dir='ltr'>in</span> <span class='ocrx_word' id='word_1_78' title='bbox 571 902 653 938; x_wconf 83' lang='lat' dir='ltr'>aliis</span> <span class='ocrx_word' id='word_1_79' title='bbox 697 902 863 950; x_wconf 85' lang='lat' dir='ltr'>antiquis</span> <span class='ocrx_word' id='word_1_80' title='bbox 904 902 1099 939; x_wconf 83' lang='lat' dir='ltr'>codicibus</span> <span class='ocrx_word' id='word_1_81' title='bbox 1134 915 1205 950; x_wconf 89' lang='lat' dir='ltr'>pro</span> <span class='ocrx_word' id='word_1_82' title='bbox 1235 902 1426 939; x_wconf 86' lang='lat' dir='ltr'>insideo</span> <span class='ocrx_word' id='word_1_83' title='bbox 1456 900 1588 937; x_wconf 88' lang='lat' dir='ltr'>simili·</span> 
     </span>
     <span class='ocr_line' id='line_1_12' title="bbox 177 972 906 1022; baseline 0.003 -13"><span class='ocrx_word' id='word_1_84' title='bbox 177 974 323 1021; x_wconf 87' lang='lat' dir='ltr'>busque</span> <span class='ocrx_word' id='word_1_85' title='bbox 353 986 453 1022; x_wconf 84' lang='lat' dir='ltr'>saepe</span> <span class='ocrx_word' id='word_1_86' title='bbox 483 973 660 1009; x_wconf 82' lang='lat' dir='ltr'>scribitur</span> <span class='ocrx_word' id='word_1_87' title='bbox 695 972 906 1011; x_wconf 87' lang='lat' dir='ltr'>insedeO.</span> 
     </span>
    </p>

    <p class='ocr_par' dir='ltr' id='par_1_4' title="bbox 173 1042 1588 1305">
     <span class='ocr_line' id='line_1_13' title="bbox 296 1042 1587 1093; baseline -0.002 -12"><span class='ocrx_word' id='word_1_88' title='bbox 296 1044 391 1093; x_wconf 88' lang='lat' dir='ltr'>Cap.</span> <span class='ocrx_word' id='word_1_89' title='bbox 425 1045 487 1087; x_wconf 80' lang='lat'>25,</span> <span class='ocrx_word' id='word_1_90' title='bbox 520 1046 561 1079; x_wconf 82' lang='lat'>3:</span> <span class='ocrx_word' id='word_1_91' title='bbox 604 1042 798 1079; x_wconf 83' lang='lat' dir='ltr'>Caelius</span> <span class='ocrx_word' id='word_1_92' title='bbox 832 1050 878 1079; x_wconf 85' lang='lat' dir='ltr'>ut</span> <span class='ocrx_word' id='word_1_93' title='bbox 907 1043 1125 1080; x_wconf 76' lang='lat' dir='ltr'>abstinet·</span> <span class='ocrx_word' id='word_1_94' title='bbox 1156 1055 1371 1088; x_wconf 72' lang='lat' dir='ltr'>numero,</span> <span class='ocrx_word' id='word_1_95' title='bbox 1412 1043 1481 1078; x_wconf 87' lang='lat' dir='ltr'>ita</span> <span class='ocrx_word' id='word_1_96' title='bbox 1510 1043 1587 1078; x_wconf 87' lang='lat' dir='ltr'>im-</span> 
     </span>
     <span class='ocr_line' id='line_1_14' title="bbox 174 1113 1588 1162; baseline -0.002 -10"><span class='ocrx_word' id='word_1_97' title='bbox 174 1127 382 1152; x_wconf 87' lang='lat' dir='ltr'>mensum</span> <span class='ocrx_word' id='word_1_98' title='bbox 414 1113 736 1150; x_wconf 85' lang='lat' dir='ltr'>multitudinis</span> <span class='ocrx_word' id='word_1_99' title='bbox 773 1114 983 1162; x_wconf 87' lang='lat' dir='ltr'>speciem</span> <span class='ocrx_word' id='word_1_100' title='bbox 1027 1121 1184 1162; x_wconf 81' lang='lat' dir='ltr'>auget.</span> <span class='ocrx_word' id='word_1_101' title='bbox 1252 1114 1315 1151; x_wconf 79' lang='lat' dir='ltr'>Sic</span> <span class='ocrx_word' id='word_1_102' title='bbox 1355 1115 1402 1158; x_wconf 78' lang='lat' dir='ltr'>P,</span> <span class='ocrx_word' id='word_1_103' title='bbox 1433 1126 1480 1149; x_wconf 73' lang='lat' dir='ltr'>ex</span> <span class='ocrx_word' id='word_1_104' title='bbox 1512 1126 1588 1161; x_wconf 91' lang='lat' dir='ltr'>quo</span> 
     </span>
     <span class='ocr_line' id='line_1_15' title="bbox 173 1183 1587 1233; baseline -0.001 -10"><span class='ocrx_word' id='word_1_105' title='bbox 173 1199 249 1223; x_wconf 92' lang='lat' dir='ltr'>non</span> <span class='ocrx_word' id='word_1_106' title='bbox 280 1186 338 1222; x_wconf 88' lang='lat' dir='ltr'>ad</span> <span class='ocrx_word' id='word_1_107' title='bbox 375 1185 651 1221; x_wconf 90' lang='lat' dir='ltr'>immensum</span> <span class='ocrx_word' id='word_1_108' title='bbox 693 1183 911 1221; x_wconf 79' lang='lat' dir='ltr'>faciendum</span> <span class='ocrx_word' id='word_1_109' title='bbox 954 1193 1056 1229; x_wconf 67' lang='lat' dir='ltr'>erat,</span> <span class='ocrx_word' id='word_1_110' title='bbox 1095 1185 1175 1226; x_wconf 76' lang='lat' dir='ltr'>sed,</span> <span class='ocrx_word' id='word_1_111' title='bbox 1207 1185 1401 1233; x_wconf 88' lang='lat' dir='ltr'>quomodo</span> <span class='ocrx_word' id='word_1_112' title='bbox 1439 1191 1587 1221; x_wconf 84' lang='lat' dir='ltr'>veteres</span> 
     </span>
     <span class='ocr_line' id='line_1_16' title="bbox 173 1256 788 1305; baseline -0.003 -11"><span class='ocrx_word' id='word_1_113' title='bbox 173 1257 392 1305; x_wconf 70' lang='lat' dir='ltr'>loquuntur,</span> <span class='ocrx_word' id='word_1_114' title='bbox 422 1256 467 1292; x_wconf 90' lang='lat' dir='ltr'>in</span> <span class='ocrx_word' id='word_1_115' title='bbox 498 1256 788 1292; x_wconf 86' lang='lat' dir='ltr'>immensum.</span> 
     </span>
    </p>

    <p class='ocr_par' dir='ltr' id='par_1_5' title="bbox 172 1325 1588 2439">
     <span class='ocr_line' id='line_1_17' title="bbox 293 1325 1588 1376; baseline 0 -13"><span class='ocrx_word' id='word_1_116' title='bbox 293 1326 388 1376; x_wconf 83' lang='lat' dir='ltr'>Cap.</span> <span class='ocrx_word' id='word_1_117' title='bbox 421 1330 484 1372; x_wconf 71' lang='lat'>26,</span> <span class='ocrx_word' id='word_1_118' title='bbox 518 1330 552 1363; x_wconf 73' lang='grc' dir='ltr'>ἶ).</span> <span class='ocrx_word' id='word_1_119' title='bbox 615 1326 727 1373; x_wconf 87' lang='lat' dir='ltr'>Quod</span> <span class='ocrx_word' id='word_1_120' title='bbox 768 1325 806 1361; x_wconf 90' lang='lat' dir='ltr'>in</span> <span class='ocrx_word' id='word_1_121' title='bbox 837 1326 1032 1363; x_wconf 85' lang='lat' dir='ltr'>codicibus</span> <span class='ocrx_word' id='word_1_122' title='bbox 1061 1326 1240 1362; x_wconf 87' lang='lat' dir='ltr'>scribitur</span> <span class='ocrx_word' id='word_1_123' title='bbox 1269 1333 1306 1363; x_wconf 88' lang='lat' dir='ltr'>et</span> <span class='ocrx_word' id='word_1_124' title='bbox 1340 1340 1363 1363; x_wconf 85' lang='lat' dir='ltr'>a.</span> <span class='ocrx_word' id='word_1_125' title='bbox 1392 1327 1588 1363; x_wconf 80' lang='lat' dir='ltr'>Weissen-</span> 
     </span>
     <span class='ocr_line' id='line_1_18' title="bbox 174 1396 1587 1448; baseline -0.001 -13"><span class='ocrx_word' id='word_1_126' title='bbox 174 1399 307 1435; x_wconf 90' lang='lat' dir='ltr'>bornio</span> <span class='ocrx_word' id='word_1_127' title='bbox 339 1398 549 1448; x_wconf 88' lang='lat' dir='ltr'>repositum</span> <span class='ocrx_word' id='word_1_128' title='bbox 587 1402 643 1432; x_wconf 89' lang='lat' dir='ltr'>est</span> <span class='ocrx_word' id='word_1_129' title='bbox 685 1407 755 1431; x_wconf 87' lang='lat' dir='ltr'>nec</span> <span class='ocrx_word' id='word_1_130' title='bbox 801 1403 929 1432; x_wconf 86' lang='lat' dir='ltr'>tamen</span> <span class='ocrx_word' id='word_1_131' title='bbox 977 1396 1091 1433; x_wconf 86' lang='lat' dir='ltr'>valde</span> <span class='ocrx_word' id='word_1_132' title='bbox 1139 1396 1372 1434; x_wconf 84' lang='lat' dir='ltr'>defenditur:</span> <span class='ocrx_word' id='word_1_133' title='bbox 1423 1398 1587 1447; x_wconf 82' lang='lat' dir='ltr'>Scipio</span> 
     </span>
     <span class='ocr_line' id='line_1_19' title="bbox 174 1465 1588 1517; baseline -0.001 -13"><span class='ocrx_word' id='word_1_134' title='bbox 174 1468 265 1504; x_wconf 85' lang='lat' dir='ltr'>dux</span> <span class='ocrx_word' id='word_1_135' title='bbox 295 1467 471 1516; x_wconf 87' lang='lat' dir='ltr'>partim</span> <span class='ocrx_word' id='word_1_136' title='bbox 502 1467 651 1504; x_wconf 78' lang='lat' dir='ltr'>factis</span> <span class='ocrx_word' id='word_1_137' title='bbox 683 1465 918 1513; x_wconf 79' lang='lat' dir='ltr'>fortibus,</span> <span class='ocrx_word' id='word_1_138' title='bbox 963 1467 1136 1516; x_wconf 81' lang='lat' dir='ltr'>partim</span> <span class='ocrx_word' id='word_1_139' title='bbox 1176 1477 1349 1517; x_wconf 85' lang='lat' dir='ltr'>suapte</span> <span class='ocrx_word' id='word_1_140' title='bbox 1386 1468 1588 1505; x_wconf 79' lang='lat' dir='ltr'>fortuna</span> 
     </span>
     <span class='ocr_line' id='line_1_20' title="bbox 175 1537 1588 1587; baseline 0 -13"><span class='ocrx_word' id='word_1_141' title='bbox 175 1538 383 1586; x_wconf 79' lang='lat' dir='ltr'>quadam</span> <span class='ocrx_word' id='word_1_142' title='bbox 424 1537 607 1586; x_wconf 84' lang='lat' dir='ltr'>ingenti</span> <span class='ocrx_word' id='word_1_143' title='bbox 645 1537 703 1573; x_wconf 82' lang='lat' dir='ltr'>ad</span> <span class='ocrx_word' id='word_1_144' title='bbox 742 1537 1038 1574; x_wconf 83' lang='lat' dir='ltr'>incrementa</span> <span class='ocrx_word' id='word_1_145' title='bbox 1078 1538 1244 1587; x_wconf 84' lang='lat' dir='ltr'>gloriae</span> <span class='ocrx_word' id='word_1_146' title='bbox 1290 1539 1588 1581; x_wconf 70' lang='lat' dir='ltr'>celebratus,</span> 
     </span>
     <span class='ocr_line' id='line_1_21' title="bbox 175 1607 1588 1656; baseline 0.001 -12"><span class='ocrx_word' id='word_1_147' title='bbox 175 1607 315 1644; x_wconf 82' lang='lat' dir='ltr'>falsum</span> <span class='ocrx_word' id='word_1_148' title='bbox 347 1620 429 1644; x_wconf 90' lang='lat' dir='ltr'>esse</span> <span class='ocrx_word' id='word_1_149' title='bbox 461 1618 496 1645; x_wconf 89' lang='lat' dir='ltr'>et</span> <span class='ocrx_word' id='word_1_150' title='bbox 536 1609 630 1646; x_wconf 91' lang='lat' dir='ltr'>ordo</span> <span class='ocrx_word' id='word_1_151' title='bbox 670 1608 944 1646; x_wconf 84' lang='lat' dir='ltr'>adiectivorum</span> <span class='ocrx_word' id='word_1_152' title='bbox 988 1610 1026 1646; x_wconf 91' lang='lat' dir='ltr'>in</span> <span class='ocrx_word' id='word_1_153' title='bbox 1071 1622 1147 1645; x_wconf 87' lang='lat' dir='ltr'>uno</span> <span class='ocrx_word' id='word_1_154' title='bbox 1192 1611 1434 1647; x_wconf 85' lang='lat' dir='ltr'>substantivo</span> <span class='ocrx_word' id='word_1_155' title='bbox 1480 1609 1588 1656; x_wconf 77' lang='lat' dir='ltr'>(for-</span> 
     </span>
     <span class='ocr_line' id='line_1_22' title="bbox 175 1679 1588 1729; baseline 0.001 -14"><span class='ocrx_word' id='word_1_156' title='bbox 175 1682 303 1725; x_wconf 87' lang='lat' dir='ltr'>tuna)</span> <span class='ocrx_word' id='word_1_157' title='bbox 349 1692 469 1728; x_wconf 83' lang='lat' dir='ltr'>prave</span> <span class='ocrx_word' id='word_1_158' title='bbox 500 1679 777 1717; x_wconf 88' lang='lat' dir='ltr'>cumulatorum</span> <span class='ocrx_word' id='word_1_159' title='bbox 803 1681 968 1718; x_wconf 86' lang='lat' dir='ltr'>ostendit</span> <span class='ocrx_word' id='word_1_160' title='bbox 999 1688 1035 1716; x_wconf 91' lang='lat' dir='ltr'>et</span> <span class='ocrx_word' id='word_1_161' title='bbox 1065 1681 1338 1729; x_wconf 83' lang='lat' dir='ltr'>magnitudinis</span> <span class='ocrx_word' id='word_1_162' title='bbox 1365 1681 1471 1717; x_wconf 91' lang='lat' dir='ltr'>notio</span> <span class='ocrx_word' id='word_1_163' title='bbox 1501 1680 1588 1717; x_wconf 81' lang='lat' dir='ltr'>hine</span> 
     </span>
     <span class='ocr_line' id='line_1_23' title="bbox 175 1749 1588 1800; baseline 0.002 -15"><span class='ocrx_word' id='word_1_164' title='bbox 175 1749 300 1786; x_wconf 82' lang='lat' dir='ltr'>aliena</span> <span class='ocrx_word' id='word_1_165' title='bbox 338 1752 410 1795; x_wconf 82' lang='lat'>(—</span> <span class='ocrx_word' id='word_1_166' title='bbox 443 1762 531 1786; x_wconf 86' lang='lat' dir='ltr'>nam</span> <span class='ocrx_word' id='word_1_167' title='bbox 574 1749 706 1787; x_wconf 86' lang='lat' dir='ltr'>facta</span> <span class='ocrx_word' id='word_1_168' title='bbox 749 1750 900 1787; x_wconf 86' lang='lat' dir='ltr'>fortia</span> <span class='ocrx_word' id='word_1_169' title='bbox 945 1758 982 1788; x_wconf 81' lang='lat' dir='ltr'>et</span> <span class='ocrx_word' id='word_1_170' title='bbox 1019 1764 1105 1788; x_wconf 78' lang='lat' dir='ltr'>sua</span> <span class='ocrx_word' id='word_1_171' title='bbox 1141 1750 1344 1788; x_wconf 80' lang='lat' dir='ltr'>fortuna</span> <span class='ocrx_word' id='word_1_172' title='bbox 1375 1752 1588 1800; x_wconf 84' lang='lat' dir='ltr'>quaedam</span> 
     </span>
     <span class='ocr_line' id='line_1_24' title="bbox 174 1820 1588 1872; baseline 0.003 -16"><span class='ocrx_word' id='word_1_173' title='bbox 174 1821 272 1857; x_wconf 88' lang='lat' dir='ltr'>inter</span> <span class='ocrx_word' id='word_1_174' title='bbox 301 1834 341 1857; x_wconf 91' lang='lat' dir='ltr'>se</span> <span class='ocrx_word' id='word_1_175' title='bbox 370 1820 602 1870; x_wconf 84' lang='lat' dir='ltr'>referuntur)</span> <span class='ocrx_word' id='word_1_176' title='bbox 641 1828 677 1858; x_wconf 87' lang='lat' dir='ltr'>et</span> <span class='ocrx_word' id='word_1_177' title='bbox 716 1822 1013 1859; x_wconf 84' lang='lat' dir='ltr'>incrementa</span> <span class='ocrx_word' id='word_1_178' title='bbox 1045 1823 1215 1872; x_wconf 84' lang='lat' dir='ltr'>gloriae</span> <span class='ocrx_word' id='word_1_179' title='bbox 1243 1823 1356 1860; x_wconf 89' lang='lat' dir='ltr'>nimis</span> <span class='ocrx_word' id='word_1_180' title='bbox 1386 1823 1487 1860; x_wconf 86' lang='lat' dir='ltr'>nude</span> <span class='ocrx_word' id='word_1_181' title='bbox 1515 1836 1588 1872; x_wconf 92' lang='lat' dir='ltr'>po-</span> 
     </span>
     <span class='ocr_line' id='line_1_25' title="bbox 173 1892 1587 1943; baseline 0.002 -15"><span class='ocrx_word' id='word_1_182' title='bbox 173 1892 300 1930; x_wconf 83' lang='lat' dir='ltr'>situm.</span> <span class='ocrx_word' id='word_1_183' title='bbox 363 1893 502 1940; x_wconf 87' lang='lat' dir='ltr'>Itaque</span> <span class='ocrx_word' id='word_1_184' title='bbox 532 1893 748 1941; x_wconf 89' lang='lat' dir='ltr'>superiores</span> <span class='ocrx_word' id='word_1_185' title='bbox 779 1893 959 1930; x_wconf 86' lang='lat' dir='ltr'>edebant:</span> <span class='ocrx_word' id='word_1_186' title='bbox 990 1893 1206 1943; x_wconf 83' lang='lat' dir='ltr'>ingentis</span> <span class='ocrx_word' id='word_1_187' title='bbox 1238 1895 1294 1931; x_wconf 90' lang='lat' dir='ltr'>ad</span> <span class='ocrx_word' id='word_1_188' title='bbox 1323 1895 1425 1931; x_wconf 91' lang='lat' dir='ltr'>incr</span> <span class='ocrx_word' id='word_1_189' title='bbox 1438 1908 1587 1931; x_wconf 85' lang='lat' dir='ltr'>emen-</span> 
     </span>
     <span class='ocr_line' id='line_1_26' title="bbox 173 1963 1587 2012; baseline 0.002 -13"><span class='ocrx_word' id='word_1_190' title='bbox 173 1970 219 2000; x_wconf 86' lang='lat' dir='ltr'>ta</span> <span class='ocrx_word' id='word_1_191' title='bbox 248 1963 436 2012; x_wconf 71' lang='lat' dir='ltr'>gloriae,</span> <span class='ocrx_word' id='word_1_192' title='bbox 477 1976 554 2000; x_wconf 90' lang='lat' dir='ltr'>non</span> <span class='ocrx_word' id='word_1_193' title='bbox 584 1963 708 2000; x_wconf 85' lang='lat' dir='ltr'>minus</span> <span class='ocrx_word' id='word_1_194' title='bbox 737 1976 859 2012; x_wconf 78' lang='lat' dir='ltr'>pravo</span> <span class='ocrx_word' id='word_1_195' title='bbox 898 1965 1104 2001; x_wconf 83' lang='lat' dir='ltr'>verborum</span> <span class='ocrx_word' id='word_1_196' title='bbox 1136 1965 1269 2001; x_wconf 87' lang='lat' dir='ltr'>ordine</span> <span class='ocrx_word' id='word_1_197' title='bbox 1299 1979 1368 2002; x_wconf 90' lang='lat' dir='ltr'>nec</span> <span class='ocrx_word' id='word_1_198' title='bbox 1399 1965 1587 2002; x_wconf 81' lang='lat' dir='ltr'>adiectivo</span> 
     </span>
     <span class='ocr_line' id='line_1_27' title="bbox 173 2034 1588 2083; baseline 0.001 -13"><span class='ocrx_word' id='word_1_199' title='bbox 173 2035 220 2080; x_wconf 77' lang='lat' dir='ltr'>ei,</span> <span class='ocrx_word' id='word_1_200' title='bbox 249 2034 308 2070; x_wconf 92' lang='lat' dir='ltr'>cui</span> <span class='ocrx_word' id='word_1_201' title='bbox 356 2035 586 2083; x_wconf 69' lang='lat' dir='ltr'>oportebat7</span> <span class='ocrx_word' id='word_1_202' title='bbox 618 2035 857 2071; x_wconf 82' lang='lat' dir='ltr'>substantivo</span> <span class='ocrx_word' id='word_1_203' title='bbox 889 2036 1201 2080; x_wconf 75' lang='lat' dir='ltr'>accommoda103</span> <span class='ocrx_word' id='word_1_204' title='bbox 1232 2048 1321 2072; x_wconf 87' lang='lat' dir='ltr'>nam</span> <span class='ocrx_word' id='word_1_205' title='bbox 1353 2036 1588 2072; x_wconf 86' lang='lat' dir='ltr'>incrementa</span> 
     </span>
     <span class='ocr_line' id='line_1_28' title="bbox 172 2105 1587 2155; baseline 0.001 -14"><span class='ocrx_word' id='word_1_206' title='bbox 172 2105 305 2154; x_wconf 87' lang='lat' dir='ltr'>gloriae</span> <span class='ocrx_word' id='word_1_207' title='bbox 333 2106 504 2154; x_wconf 81' lang='lat' dir='ltr'>ingentia</span> <span class='ocrx_word' id='word_1_208' title='bbox 530 2111 733 2151; x_wconf 76' lang='lat' dir='ltr'>notantur,</span> <span class='ocrx_word' id='word_1_209' title='bbox 777 2119 854 2142; x_wconf 89' lang='lat' dir='ltr'>non</span> <span class='ocrx_word' id='word_1_210' title='bbox 895 2106 1059 2155; x_wconf 80' lang='lat' dir='ltr'>ingentis</span> <span class='ocrx_word' id='word_1_211' title='bbox 1089 2106 1166 2142; x_wconf 89' lang='lat' dir='ltr'>iam</span> <span class='ocrx_word' id='word_1_212' title='bbox 1198 2119 1268 2155; x_wconf 91' lang='lat' dir='ltr'>per</span> <span class='ocrx_word' id='word_1_213' title='bbox 1297 2119 1338 2143; x_wconf 90' lang='lat' dir='ltr'>se</span> <span class='ocrx_word' id='word_1_214' title='bbox 1369 2107 1501 2155; x_wconf 79' lang='lat' dir='ltr'>gloriae</span> <span class='ocrx_word' id='word_1_215' title='bbox 1530 2107 1587 2143; x_wconf 90' lang='lat' dir='ltr'>in-</span> 
     </span>
     <span class='ocr_line' id='line_1_29' title="bbox 174 2177 1587 2226; baseline 0.001 -13"><span class='ocrx_word' id='word_1_216' title='bbox 174 2187 377 2213; x_wconf 84' lang='lat' dir='ltr'>crementa.</span> <span class='ocrx_word' id='word_1_217' title='bbox 462 2177 628 2213; x_wconf 85' lang='lat' dir='ltr'>Videtur</span> <span class='ocrx_word' id='word_1_218' title='bbox 690 2177 822 2213; x_wconf 85' lang='lat' dir='ltr'>Livius</span> <span class='ocrx_word' id='word_1_219' title='bbox 880 2177 1097 2226; x_wconf 86' lang='lat' dir='ltr'>scripsisse:</span> <span class='ocrx_word' id='word_1_220' title='bbox 1160 2185 1334 2226; x_wconf 86' lang='lat' dir='ltr'>suapte</span> <span class='ocrx_word' id='word_1_221' title='bbox 1390 2177 1587 2214; x_wconf 85' lang='lat' dir='ltr'>fortuna</span> 
     </span>
     <span class='ocr_line' id='line_1_30' title="bbox 174 2247 1586 2297; baseline 0.001 -14"><span class='ocrx_word' id='word_1_222' title='bbox 174 2248 375 2295; x_wconf 82' lang='lat' dir='ltr'>quadam</span> <span class='ocrx_word' id='word_1_223' title='bbox 412 2249 458 2287; x_wconf 85' lang='lat' dir='ltr'>in</span> <span class='ocrx_word' id='word_1_224' title='bbox 500 2247 721 2296; x_wconf 85' lang='lat' dir='ltr'>ingentia</span> <span class='ocrx_word' id='word_1_225' title='bbox 762 2247 1062 2285; x_wconf 86' lang='lat' dir='ltr'>incrementa</span> <span class='ocrx_word' id='word_1_226' title='bbox 1104 2248 1272 2297; x_wconf 87' lang='lat' dir='ltr'>gloriae</span> <span class='ocrx_word' id='word_1_227' title='bbox 1310 2249 1586 2286; x_wconf 85' lang='lat' dir='ltr'>celebratus</span> 
     </span>
     <span class='ocr_line' id='line_1_31' title="bbox 174 2318 1587 2367; baseline 0.001 -13"><span class='ocrx_word' id='word_1_228' title='bbox 174 2320 231 2365; x_wconf 87' lang='lat' dir='ltr'>(ut</span> <span class='ocrx_word' id='word_1_229' title='bbox 259 2318 397 2355; x_wconf 88' lang='lat' dir='ltr'>dicitur</span> <span class='ocrx_word' id='word_1_230' title='bbox 440 2319 486 2355; x_wconf 92' lang='lat' dir='ltr'>in</span> <span class='ocrx_word' id='word_1_231' title='bbox 522 2319 798 2354; x_wconf 89' lang='lat' dir='ltr'>immensum</span> <span class='ocrx_word' id='word_1_232' title='bbox 843 2325 879 2355; x_wconf 89' lang='lat' dir='ltr'>et</span> <span class='ocrx_word' id='word_1_233' title='bbox 909 2319 1077 2367; x_wconf 82' lang='lat' dir='ltr'>similia).</span> <span class='ocrx_word' id='word_1_234' title='bbox 1155 2320 1310 2356; x_wconf 88' lang='lat' dir='ltr'>Hausta</span> <span class='ocrx_word' id='word_1_235' title='bbox 1348 2320 1448 2356; x_wconf 90' lang='lat' dir='ltr'>inter</span> <span class='ocrx_word' id='word_1_236' title='bbox 1489 2333 1522 2359; x_wconf 89' lang='lat' dir='ltr'>m</span> <span class='ocrx_word' id='word_1_237' title='bbox 1551 2327 1587 2356; x_wconf 91' lang='lat' dir='ltr'>et</span> 
     </span>
     <span class='ocr_line' id='line_1_32' title="bbox 172 2387 1522 2439; baseline 0.002 -15"><span class='ocrx_word' id='word_1_238' title='bbox 172 2389 263 2437; x_wconf 86' lang='lat' dir='ltr'>ing.</span> <span class='ocrx_word' id='word_1_239' title='bbox 295 2389 579 2438; x_wconf 72' lang='lat' dir='ltr'>praepositione,</span> <span class='ocrx_word' id='word_1_240' title='bbox 615 2401 662 2425; x_wconf 87' lang='lat' dir='ltr'>ex</span> <span class='ocrx_word' id='word_1_241' title='bbox 692 2388 912 2437; x_wconf 86' lang='lat' dir='ltr'>ingentia</span> <span class='ocrx_word' id='word_1_242' title='bbox 942 2397 1066 2426; x_wconf 84' lang='lat' dir='ltr'>ortum</span> <span class='ocrx_word' id='word_1_243' title='bbox 1107 2396 1163 2426; x_wconf 85' lang='lat' dir='ltr'>est</span> <span class='ocrx_word' id='word_1_244' title='bbox 1195 2391 1381 2439; x_wconf 85' lang='lat' dir='ltr'>ingenti</span> <span class='ocrx_word' id='word_1_245' title='bbox 1412 2387 1522 2433; x_wconf 74' lang='lat' dir='ltr'>ad.²j</span> 
     </span>
    </p>
   </div>
   <div class='ocr_carea' id='block_1_3' title="bbox 198 2621 1587 2730">
    <p class='ocr_par' dir='ltr' id='par_1_6' title="bbox 198 2621 1587 2730">
     <span class='ocr_line' id='line_1_33' title="bbox 198 2621 1586 2670; baseline 0.004 -16"><span class='ocrx_word' id='word_1_246' title='bbox 198 2621 229 2662; x_wconf 85' lang='lat'>²)</span> <span class='ocrx_word' id='word_1_247' title='bbox 267 2624 286 2664; x_wconf 69' lang='grc' dir='ltr'><strong><em>ξ</em></strong></span> <span class='ocrx_word' id='word_1_248' title='bbox 313 2627 331 2654; x_wconf 89' lang='grc'><strong>6</strong></span> <span class='ocrx_word' id='word_1_249' title='bbox 357 2625 545 2665; x_wconf 84' lang='lat' dir='ltr'>superiores</span> <span class='ocrx_word' id='word_1_250' title='bbox 571 2626 692 2657; x_wconf 88' lang='lat' dir='ltr'>melius</span> <span class='ocrx_word' id='word_1_251' title='bbox 727 2627 964 2668; x_wconf 80' lang='lat' dir='ltr'>suppleverant</span> <span class='ocrx_word' id='word_1_252' title='bbox 995 2630 1267 2670; x_wconf 82' lang='lat' dir='ltr'>scripserantque</span> <span class='ocrx_word' id='word_1_253' title='bbox 1304 2632 1359 2667; x_wconf 88' lang='lat' dir='ltr'>(se</span> <span class='ocrx_word' id='word_1_254' title='bbox 1395 2630 1586 2660; x_wconf 77' lang='lat' dir='ltr'>transire</span> 
     </span>
     <span class='ocr_line' id='line_1_34' title="bbox 267 2686 1587 2730; baseline 0.005 -14"><span class='ocrx_word' id='word_1_255' title='bbox 267 2686 548 2727; x_wconf 83' lang='lat' dir='ltr'>vulgaverat)</span> <span class='ocrx_word' id='word_1_256' title='bbox 581 2697 680 2728; x_wconf 82' lang='lat' dir='ltr'>quam</span> <span class='ocrx_word' id='word_1_257' title='bbox 714 2687 769 2718; x_wconf 91' lang='lat' dir='ltr'>W.</span> <span class='ocrx_word' id='word_1_258' title='bbox 870 2688 954 2730; x_wconf 83' lang='lat' dir='ltr'>Cap.</span> <span class='ocrx_word' id='word_1_259' title='bbox 991 2692 1045 2728; x_wconf 84' lang='lat'>27,</span> <span class='ocrx_word' id='word_1_260' title='bbox 1074 2694 1092 2721; x_wconf 79' lang='lat'><strong>2</strong></span> <span class='ocrx_word' id='word_1_261' title='bbox 1128 2692 1315 2721; x_wconf 85' lang='lat' dir='ltr'>amnium</span> <span class='ocrx_word' id='word_1_262' title='bbox 1350 2691 1478 2722; x_wconf 83' lang='lat' dir='ltr'>mentio</span> <span class='ocrx_word' id='word_1_263' title='bbox 1506 2701 1587 2722; x_wconf 87' lang='lat' dir='ltr'>con-</span> 
     </span>
    </p>
   </div>
  </div>
 </body>
</html>
