1811 2925
221 142 379 174 Lib.XL.
897 140 974 176 468

221 265 508 301 instructam
552 268 829 297 tenuerunt.
902 262 973 297 Ab
1009 261 1240 298 Romanis
1283 262 1409 298 nihil
1454 268 1648 299 motum.

223 336 276 373 Ut
304 336 385 370 haec
415 332 634 369 scribuntur
677 338 713 367 et
742 331 1087 380 intel-punguntur,
1130 331 1423 368 intolerabiliter
1454 333 1510 369 bis
1542 334 1643 370 idem

220 406 267 441 de
297 402 496 452 Hispanis„
527 402 584 438 bis
616 402 661 438 de
692 402 879 438 Romanis
910 401 1048 438 dicitur
1077 402 1336 450 temporisque
1364 404 1510 440 notatio
1543 408 1648 453 (per

222 474 537 524 quatriduum
569 472 706 518 cont.)
749 484 871 520 pravo
914 472 998 508 loco
1049 472 1229 508 adhaeret.
1309 474 1431 509 Recta
1471 475 1644 511 narratio

220 546 302 590 erit,
334 545 364 581 si
396 544 561 593 primum
594 542 772 578 universe
802 554 864 578 res
906 542 1201 590 significabitur,
1239 543 1374 579 deinde
1405 557 1474 592 per
1503 557 1543 581 se
1575 546 1645 580 ad-

220 617 378 658 iicietur,
410 613 592 662 quamdiu
625 612 759 648 eodem
792 619 894 649 statu
924 625 985 648 res
1022 612 1227 655 manserit„
1275 614 1449 649 oratione
1492 615 1545 651 sic
1578 616 1645 651 de-

219 686 380 735 scripta:
432 684 506 721 Ibi
546 689 731 719 stetere
777 683 988 732 Hispani
1025 684 1210 719 hostem
1264 690 1641 732 exspectantes3

221 759 466 795 Romanus
506 753 637 788 intra
681 752 863 788 vallum
908 764 1018 789 suos
1060 752 1312 789 continuit.
1398 755 1490 790 Per
1529 767 1646 803 qua-

219 828 429 864 triduum
463 823 742 861 continuum
764 828 807 859 et
827 822 901 859 illi
933 823 1096 859 eodem
1129 823 1237 860 loco
1264 824 1415 860 aciem
1439 824 1643 861 instruc-

218 906 312 934 tam
342 900 604 933 tenuerunt
635 898 681 934 et
715 894 771 930 ab
802 894 1036 931 Romanis
1078 893 1201 929 nihil
1237 900 1424 933 motum.
1489 895 1644 931 Excidit

217 975 261 1005 et
293 974 382 1018 post
412 972 445 1013 t,
491 971 532 1002 ut
575 965 667 1001 alibi
710 977 786 1000 non
828 977 918 1000 raro
960 963 1105 1000 factum
1152 964 1301 1000 ostendi
1332 966 1381 1001 ad
1413 966 1472 1009 X,
1506 967 1570 1010 21,
1604 968 1638 1003 6.

222 1041 422 1077 Postremo
454 1037 524 1073 sub
557 1037 668 1071 finem
702 1034 837 1083 capitis
866 1036 901 1082 (ἓ
935 1035 972 1075 9)
1008 1033 1203 1069 scribitur:
1229 1047 1380 1083 prope
1411 1036 1514 1072 sine
1545 1049 1645 1072 cer-

217 1109 394 1146 tamine
430 1107 698 1155 capiuntur
732 1112 920 1147 castra:
960 1104 1164 1148 castris,
1217 1117 1315 1152 quae
1345 1119 1456 1154 pars
1488 1107 1641 1142 maxi-

217 1192 285 1216 me
316 1192 339 1215 a
367 1177 706 1226 pugnantibus
737 1175 960 1224 conspici
990 1180 1205 1223 poterat,
1238 1175 1411 1212 iniecit
1444 1175 1642 1212 Acilius

218 1251 386 1299 ignem„
423 1248 664 1285 substantivo
696 1246 907 1288 castris,
938 1246 975 1281 in
1009 1258 1084 1293 quo
1118 1245 1261 1281 nullum
1294 1252 1351 1282 est
1381 1246 1551 1294 pondus,
1584 1246 1640 1281 ni-

218 1321 268 1357 hil
300 1320 491 1357 contrarie
522 1318 704 1361 relatum,
752 1316 889 1352 vitiose
934 1315 1096 1363 repetito
1131 1322 1168 1352 et
1200 1317 1236 1352 in
1267 1317 1413 1352 initium
1446 1317 1642 1352 sententiae

218 1397 398 1428 retracto,
465 1388 587 1425 Nulla
618 1393 674 1424 est
705 1386 906 1431 dubitatio„
943 1385 1032 1433 quin
1066 1386 1197 1423 Livius
1229 1386 1441 1435 scripserit:
1475 1400 1512 1435 p,
1544 1399 1573 1422 s.
1609 1400 1641 1423 c.

216 1462 480 1511 capiuntur
529 1464 713 1502 castra:
761 1456 917 1508 captis
957 1485 993 1493 ..
1034 1455 1207 1492 iniecit
1239 1457 1437 1493 Acilius
1468 1457 1642 1505 ignem,

216 1531 417 1568 notissima
447 1531 585 1578 figura,
617 1541 731 1576 quam
765 1527 1026 1571 XXXVIII,
1063 1528 1130 1570 13,
1163 1529 1183 1562 4
1219 1527 1417 1563 Bekkerus
1449 1540 1468 1563 e
1500 1528 1641 1565 Bamb.

219 1603 329 1639 Livio
360 1601 525 1638 reddidit
568 1599 843 1647 (castellum
895 1598 940 1633 vi
991 1597 1137 1645 cepit3
1184 1604 1379 1645 captum
1418 1597 1641 1634 Alaban-

215 1673 449 1709 densibus
479 1670 725 1716 reddidit).

327 1741 423 1790 Cap.
456 1743 519 1785 34,
553 1741 594 1776 2:
630 1739 860 1787 Aquileia
891 1737 1088 1775 colonia
1116 1738 1290 1774 Latina
1321 1739 1486 1774 eodem
1517 1751 1640 1775 anno

216 1813 258 1848 in
289 1824 406 1859 agro
439 1810 694 1848 Gallorum
727 1815 799 1845 est
840 1809 1064 1845 deducta.
1144 1808 1286 1852 Miror7
1327 1808 1515 1844 neminem
1559 1809 1640 1844 ani-

214 1882 467 1919 madvertisse
497 1887 534 1916 et
568 1880 755 1916 rationem
776 1882 846 1923 (—
863 1879 991 1915 Roma
1022 1878 1120 1915 enim
1144 1878 1295 1914 colonia
1324 1878 1361 1913 in
1394 1892 1478 1915 eum
1498 1879 1641 1923 locum,

216 1953 279 1989 ubi
309 1953 438 1988 sedem
471 1951 653 1987 habitura
684 1956 752 1994 est,
784 1949 994 1991 deducitur,
1024 1949 1063 1984 in
1095 1961 1217 1996 eoque
1232 1949 1318 1984 loco
1341 1948 1528 1993 conditur,
1562 1962 1639 1985 non

212 2023 412 2060 deducitur
451 2028 512 2065 —)
552 2028 588 2057 et
631 2019 980 2057 constantissimum
1016 2019 1115 2055 Livii
1146 2019 1393 2066 omniumque
1427 2030 1535 2054 usum
1567 2032 1638 2068 po-

212 2094 373 2136 stulare„
403 2099 445 2129 ut
475 2091 684 2127 scribatur:
729 2089 773 2125 in
806 2101 969 2136 agrum
989 2089 1254 2126 Gallorum.
1291 2088 1404 2136 (Cap.
1439 2090 1508 2133 29,
1544 2093 1555 2125 l
1593 2090 1638 2125 in

212 2177 379 2211 agrum
410 2163 687 2204 Etruscum,
736 2172 765 2196 c.
804 2161 866 2203 43,
905 2162 941 2195 l:
985 2172 1168 2207 agrum,
1216 2171 1306 2205 quo
1346 2187 1381 2195 ..
1428 2159 1636 2196 deduce-

211 2238 355 2275 retur,
389 2232 453 2275 X,
501 2232 542 2266 3:
574 2243 709 2278 ager,
764 2230 808 2265 in
844 2242 979 2277 quem
1011 2237 1048 2265 et
1084 2231 1148 2266 13:
1196 2229 1241 2265 in
1272 2241 1436 2276 agrum
1466 2230 1638 2278 AEqui—

213 2302 438 2342 colorumq
470 2301 674 2344 XXXIV,
706 2302 755 2336 45
789 2306 825 2335 et
856 2301 1082 2345 XXXVII7
1114 2301 1177 2344 53,
1210 2302 1274 2344 47,
1306 2300 1552 2342 XXXVIII,
1573 2303 1637 2345 55,

215 2372 418 2416 XXXIX,
452 2373 534 2418 40.)
609 2370 708 2419 (Cfr.
756 2383 840 2418 quae
878 2371 925 2406 de
956 2371 1124 2413 XXIV,
1172 2370 1243 2412 20,
1286 2372 1298 2405 1
1349 2370 1427 2406 dixi
1458 2384 1496 2419 p.
1526 2370 1635 2418 257.)

213 2443 358 2478 Eodem
391 2442 515 2489 capite
546 2441 646 2477 infra
680 2439 715 2491 (ξ
749 2444 803 2485 6),
836 2441 900 2476 ubi
930 2441 1072 2476 editur:
1102 2441 1149 2476 Is
1181 2448 1288 2475 erat
1319 2440 1382 2486 (de
1412 2441 1475 2476 M!
1507 2440 1635 2477 Acilio

210 2512 425 2549 Glabrione
459 2512 582 2556 dicit),
613 2512 692 2558 qui
731 2512 837 2560 ipsc
868 2525 967 2548 eam
998 2511 1139 2548 aedem
1170 2516 1397 2554 voverat,
1431 2522 1520 2558 quo
1560 2510 1636 2546 die

210 2596 308 2618 cum
353 2594 463 2629 rege
495 2582 745 2618 Antiocho
787 2582 844 2617 ad
879 2581 1244 2630 Thermopylas
1291 2581 1635 2629 depugnasset>

211 2653 247 2688 in
287 2653 359 2688 hoo
403 2657 598 2700 postremo
646 2652 764 2687 verbo
811 2663 936 2698 neque
968 2651 1199 2687 coniunctivi
1240 2651 1344 2686 modi
1375 2663 1499 2699 neque
1528 2652 1634 2700 plus-
