1811 2925
258 155 331 185 Lib.
351 153 462 188 XLII.
930 159 1006 193 544

260 289 329 313 sua
363 288 528 325 persona
560 276 697 321 dicere,
730 277 759 313 si
792 290 914 325 parvo
938 284 1133 314 momento
1154 276 1285 313 adiuta
1306 276 1467 311 victoria
1488 276 1674 323 equestris

259 346 402 390 fuisset,
440 346 717 382 debellaturum
758 348 905 383 Persea
948 347 1083 391 fuisse3
1122 346 1308 394 insignem
1355 345 1453 381 enim
1494 345 1670 381 iniuriam

258 416 409 452 fecisset
441 422 477 451 et
506 415 720 463 legionibus
747 417 946 461 Romanis,
981 430 1066 465 quae
1095 416 1231 465 proelii
1263 421 1438 463 expertes
1468 416 1506 450 in
1538 414 1672 450 castris

259 489 532 528 remanserant,
567 490 604 520 et
634 485 777 533 populo
810 488 1010 532 Romano,
1053 500 1166 534 quem
1210 498 1287 521 una
1329 485 1456 521 clades
1501 484 1672 520 fractura

259 568 333 591 non
352 562 450 594 erat:
482 554 627 590 Perseo
644 555 781 591 milites
813 557 1033 593 adhortanti
1061 569 1106 592 ea
1137 556 1260 591 orat-io
1281 554 1572 591 accommodata
1603 559 1670 589 est.

260 625 407 672 (Ipsum
439 636 578 671 quum
611 623 912 662 debellatum
944 633 1072 662 esset
1104 632 1170 661 aut
1202 638 1340 673 quum
1372 623 1674 660 debellasset

259 693 454 729 rarissimo
479 694 655 742 exemplo
682 694 735 730 sic
765 696 870 743 poni,
902 701 942 732 ut
970 696 1007 732 in
1039 694 1415 744 plusquamperfecto
1442 692 1672 731 coniunctivi

258 764 442 800 confletur
484 764 648 799 causalis
687 765 915 812 significatio
959 771 995 801 et
1025 765 1294 814 hypothetica,
1337 768 1498 812 apparet
1536 775 1583 798 ex
1614 762 1673 806 iis,

259 845 342 881 quoe
373 833 452 868 dixi
470 832 612 881 Opusc.
632 835 758 872 Acad.
795 836 836 871 ΙΙ
867 848 904 883 p,
924 836 1024 879 2273
1058 835 1103 880 ei,
1136 847 1247 883 quem
1278 835 1330 870 ibi
1360 834 1395 869 in
1428 839 1519 869 nota
1548 832 1672 881 posui,

261 903 357 939 Livii
389 903 496 947 loco,
537 903 756 952 adiungitur
786 905 848 951 X,
885 907 956 942 46:
990 917 1129 953 quum
1168 935 1204 943 ..
1243 904 1511 953 potuisset&
1550 915 1672 950 neque

257 959 357 1008 enini
402 973 644 1021 participium
692 981 793 1019 erat,
840 988 916 1022 quo
963 975 1163 1021 uteretur.)
1234 975 1372 1022 Itaque
1412 987 1487 1010 non
1528 973 1671 1017 dubito,

259 1043 348 1090 quin
382 1055 511 1078 veram
543 1044 769 1079 sententiam
794 1045 992 1081 lValchius
1014 1046 1170 1089 viderit3
1202 1045 1269 1081 sed
1301 1045 1403 1092 quod
1433 1043 1546 1080 scribi
1572 1042 1671 1079 vult:

259 1112 405 1160 Quum
427 1112 588 1148 victor
606 1114 823 1160 equestri
845 1116 1036 1163 proelio
1065 1128 1157 1163 rex,
1179 1122 1335 1162 parvo
1365 1119 1611 1150 momento
1633 1112 1670 1147 si

258 1182 580 1223 adiuvissent,
613 1183 909 1220 debellatum
932 1197 1050 1229 esse,
1075 1191 1356 1233 opportune
1381 1183 1671 1219 adhortanti

258 1260 355 1297 cet.,
387 1259 427 1288 ut
467 1251 646 1288 audiatur
677 1254 935 1298 clamaret,
970 1254 1171 1294 (liceret,
1213 1255 1249 1290 id
1291 1267 1384 1290 vero
1416 1254 1497 1289 fieri
1536 1253 1574 1289 in
1605 1253 1671 1288 tali

257 1322 430 1358 oratione
452 1322 554 1357 nullo
580 1329 694 1369 pacto
716 1330 855 1371 potest.
889 1324 1108 1360 Teneamus
1127 1324 1242 1372 igitur
1272 1324 1593 1367 adiuvissent,
1614 1323 1670 1358 in-

257 1392 551 1439 telligamusque
576 1398 663 1439 post.
692 1393 995 1429 debellatum
1026 1405 1134 1430 esse
1164 1393 1351 1429 excidisse
1380 1394 1539 1429 verbum
1573 1393 1670 1428 eius-

263 1462 389 1505 modi,
436 1462 549 1509 quale
581 1462 643 1497 ille
690 1463 812 1498 audiri
858 1463 1001 1509 voluit,
1048 1464 1153 1500 cuius
1203 1464 1256 1499 rei
1300 1469 1411 1498 tenue
1455 1463 1669 1510 vestiguum

261 1538 434 1578 superest
454 1531 492 1566 in
514 1531 644 1567 codice
662 1532 785 1579 (esse
816 1532 892 1582 et).
953 1535 1118 1570 Perseus
1146 1545 1247 1578 suos,
1278 1533 1342 1580 qui
1365 1533 1531 1580 equestri
1560 1545 1674 1580 proe-

260 1601 309 1636 lio
357 1601 539 1645 vicerant,
584 1602 650 1638 sed
688 1603 765 1639 iam
814 1616 898 1639 cum
931 1604 1163 1640 adversariis
1185 1609 1288 1639 certo
1311 1603 1530 1639 cedentibus
1551 1602 1673 1650 gradu

262 1683 395 1707 manus
427 1684 627 1708 conserere
657 1685 732 1708 non
764 1672 970 1715 audebant,
1014 1673 1215 1720 magnifice
1245 1674 1474 1709 hortabatur
1503 1673 1553 1708 ad
1583 1672 1675 1708 insi—

260 1741 433 1776 stendum
466 1741 591 1779 victis.
669 1742 796 1788 Quum
828 1744 1111 1790 supervenisset
1142 1743 1324 1791 phalanx,
1364 1750 1404 1778 ut
1432 1754 1589 1778 summae
1618 1741 1673 1776 rei

258 1810 466 1857 periculum
515 1824 605 1847 vere
652 1811 733 1847 fieri
779 1817 921 1859 posset,
974 1812 1054 1859 ipse
1104 1826 1178 1848 non
1225 1826 1341 1849 ausus
1385 1818 1441 1847 est
1485 1811 1673 1858 cessitque

258 1880 388 1915 timide
424 1881 592 1916 monenti
628 1881 823 1919 Euandro.

369 1949 462 1998 Cap.
489 1953 551 1995 (50,
596 1954 631 1987 l:
668 1949 904 1986 Cecidere
934 1963 987 1986 eo
1019 1951 1095 1986 die
1125 1952 1181 1987 ab
1209 1952 1442 1988 Romanis
1473 1950 1671 1987 ducenti

258 2019 469 2066 equites,
532 2020 625 2055 (luo
675 2020 811 2055 milia
861 2021 989 2056 haud
1040 2022 1192 2057 minus
1244 2021 1483 2069 peditum,
1539 2019 1671 2068 capti

256 2087 405 2123 ferme
439 2089 634 2125 ducenti
675 2090 878 2137 equites
956 2089 1112 2126 Codex:
1157 2091 1291 2139 capti
1332 2103 1383 2126 ac
1415 2093 1502 2138 (hoc
1534 2097 1601 2136 est,
1630 2096 1672 2125 ut

256 2169 369 2205 saepe,
402 2158 490 2205 DC)
523 2158 671 2194 ferme
703 2159 896 2195 ducenti
937 2160 1153 2207 equites3
1196 2161 1326 2208 itaque
1356 2161 1603 2210 Kreyssigius
1635 2167 1671 2196 et

259 2227 588 2265 Weissenbornius
621 2229 873 2277 scripserunt:
922 2229 1056 2277 capti
1097 2230 1319 2266 sexcenti
1361 2230 1512 2266 ferme
1544 2229 1668 2277 equi-

256 2303 347 2340 tes,
403 2296 562 2333 alterum
622 2311 821 2334 numerum
870 2299 1099 2347 (ducenti)
1149 2313 1197 2335 ex
1246 2300 1505 2348 superioribus
1550 2312 1669 2348 prave

256 2365 454 2412 repetitum
487 2368 571 2402 rati.
635 2368 768 2413 Miror,
800 2382 876 2405 non
897 2370 1214 2406 animadvertisse
1236 2382 1313 2415 eos,
1344 2370 1510 2405 indidem
1539 2381 1669 2417 sump-

255 2442 332 2470 tum
364 2448 446 2471 esse
477 2437 668 2483 equites
699 2439 1020 2487 scribendumque
1041 2445 1206 2475 tantum:
1238 2440 1372 2487 capti
1402 2438 1480 2475 DC
1511 2438 1666 2474 ferme.

254 2505 348 2551 Quis
394 2506 492 2541 enim
545 2507 698 2552 credat,
757 2521 873 2556 quum
926 2508 1093 2556 quinque
1136 2509 1309 2556 partibus
1354 2509 1480 2556 plures
1522 2508 1667 2557 pedites

253 2586 368 2620 quam
401 2575 548 2621 equites
579 2576 825 2623 cecidissent,
868 2578 971 2613 solos
1010 2578 1156 2625 equites
1196 2585 1331 2626 captos
1361 2577 1469 2614 esse?
1530 2578 1668 2625 Neque

253 2643 288 2677 id
321 2643 571 2689 Plutarchus,
617 2658 727 2692 quem
775 2647 1022 2695 Kreyssigius
1067 2654 1201 2683 testem
1243 2648 1353 2691 citat,
1396 2647 1485 2683 dicit
1515 2647 1666 2694 <AEmiL
