1811 2925
864 117 940 153 427
1330 115 1404 147 Lib.
1430 115 1620 146 XXXVII.

192 239 273 288 qui
303 238 472 288 procul
504 237 820 282 iacularetur,
845 243 1150 279 excurrente,
1182 243 1438 286 postquam
1470 240 1620 276 semel

194 309 433 359 compulsi
476 315 602 345 metu
638 320 688 344 se
719 308 969 345 moenibus
1000 307 1334 353 incluserunt,
1367 316 1621 359 contemp-

192 388 267 416 tus
299 392 462 416 eorum
606 380 732 428 apud
770 379 932 428 regios
964 379 1131 417 oritur.
1211 377 1465 429 Contemptus
1507 388 1621 417 natus

191 457 247 487 est
289 463 366 487 non
398 457 606 499 postquam
637 462 677 486 se
706 449 958 495 incluserunt,
996 450 1063 486 sed
1095 450 1220 497 quod,
1265 457 1472 499 postquam
1503 450 1621 487 semel

191 533 232 558 sc
261 521 516 567 incluserunt,
547 533 659 557 nemo
692 521 848 557 omnino
895 520 1134 557 excurrebat.
1217 521 1283 556 Ad
1329 521 1618 570 populationem

191 599 280 642 post
309 600 420 640 terga
450 592 645 640 regiorum
691 592 783 628 nihil
832 591 1093 641 impedimenti
1124 591 1296 627 allaturae
1345 600 1453 629 crant
1485 606 1622 630 excur-

191 660 381 711 siones.¹)

306 731 402 782 Cap.
438 734 511 778 26,
547 736 568 770 6
604 741 640 769 et
673 736 692 769 7
735 733 805 779 (de
839 733 1030 769 Antiocho
1062 733 1249 771 Notium,
1281 733 1465 781 oppidum
1501 734 1620 772 Colo-

193 804 451 854 phoniorum„
482 803 768 853 oppugnantc):
807 804 868 840 Et
897 804 1048 853 ipsam
1076 804 1243 840 urbem
1273 816 1370 840 suae
1401 817 1503 841 esse
1533 818 1619 855 po-

192 875 400 912 testatis
432 875 642 918 volebat,
674 875 794 911 adeo
827 874 1149 923 propinquam
1180 875 1390 923 Epheso,
1423 883 1468 912 ut
1499 876 1621 913 nihil

192 953 329 982 terra
363 946 548 982 marive
580 945 990 994 (EphesiAntiochus)
1024 952 1204 993 ageret,
1236 946 1362 993 quod
1393 959 1483 982 non
1516 948 1621 984 sub·

193 1015 366 1052 iectum
401 1017 556 1054 oculis
579 1015 1004 1065 Colophoniorum
1040 1028 1092 1051 ac
1126 1029 1210 1064 per
1243 1029 1323 1052 eos
1353 1024 1514 1052 notum
1547 1030 1619 1053 ex-

193 1087 374 1135 templo
404 1087 635 1124 Romanis
668 1092 809 1131 esset,
842 1098 972 1134 quos,
1007 1086 1178 1122 audita
1209 1087 1489 1133 obsidione,
1530 1101 1618 1125 non

192 1157 456 1194 dubitabat
497 1159 554 1195 ad
585 1171 722 1207 opem
753 1157 1005 1194 ferendam
1049 1157 1193 1193 sociae
1225 1158 1330 1194 urbi
1362 1159 1565 1196 classem
1597 1174 1620 1196 a

192 1227 333 1266 Samo
364 1235 608 1274 moturos3
640 1242 737 1266 eam
770 1228 1077 1265 occasionem
1100 1228 1415 1277 Polyxenidae
1447 1231 1503 1266 ad
1524 1244 1619 1266 rem

191 1300 462 1349 gerendam
493 1299 608 1336 fore.
670 1300 819 1337 Pendet
850 1307 892 1335 et
923 1299 1030 1334 initio
1064 1299 1181 1335 totius
1216 1300 1411 1336 sententiae
1451 1301 1619 1349 positum

191 1382 261 1406 nec
293 1370 468 1418 sequitur
515 1371 637 1407 altera
686 1384 804 1408 causa
834 1371 921 1407 huic
959 1371 1023 1418 (et
1064 1370 1216 1418 ipsam
1248 1371 1426 1418 urbem)
1459 1384 1618 1420 respon-

194 1440 310 1484 dens;
352 1453 441 1477 nam
489 1442 679 1490 duplicem
722 1454 879 1477 causam
912 1441 1081 1477 studiose
1111 1447 1298 1489 susceptae
1328 1441 1383 1477 rei
1413 1442 1621 1490 significari

195 1517 371 1558 apparet³
404 1512 565 1548 alteram
599 1512 636 1548 in
667 1512 787 1560 ipsius
823 1512 926 1548 urbis
957 1511 1201 1560 possessione
1238 1510 1426 1560 positam,
1458 1512 1619 1548 alteram

195 1581 232 1617 in
263 1594 304 1617 re
337 1581 530 1620 adiuncta.
606 1582 768 1631 Scripsit
812 1583 966 1619 Livius:
1007 1582 1065 1618 Et
1112 1581 1266 1630 ipsam
1314 1583 1473 1619 urbem
1520 1595 1624 1619 suae

194 1664 299 1689 esse
329 1654 600 1701 potestatis
631 1654 843 1699 volebat,
883 1682 1002 1691 .....
1026 1680 1034 1697 ,
1068 1657 1112 1692 ct
1148 1665 1238 1700 eos,
1266 1654 1512 1701 (Romanos),
1544 1667 1618 1690 au—

194 1724 298 1760 dita
336 1723 621 1770 obsidione,
666 1737 760 1761 non
804 1724 1065 1760 dubitabat
1106 1731 1176 1759 etc.
1252 1724 1406 1760 Excidit
1455 1732 1497 1761 et
1531 1732 1619 1773 post

216 1965 246 2008 ¹)
292 1966 376 2009 Cap.
403 1967 458 2005 21,
486 1968 504 1996 8
532 1971 622 1996 recte
647 1965 825 1996 Bckkerus
863 1975 879 1996 e
915 1965 942 1995 B
970 1966 1027 2006 (dc
1047 1966 1083 1997 M
1111 1966 1258 2006 tacetur]
1286 1967 1496 1997 restituerat:
1515 1965 1619 1996 Eam

287 2027 507 2070 (Phocaeam)
533 2027 693 2058 divisis
718 2027 836 2058 inter
862 2037 904 2058 se
930 2028 1128 2068 partibus
1153 2037 1278 2069 quum
1307 2034 1617 2069 oppugnarent

286 2092 453 2132 (Romani
482 2096 515 2120 et
538 2089 731 2129 Eumenes)
761 2096 799 2120 et
826 2090 1064 2127 videretur,
1092 2090 1190 2120 sine
1218 2090 1454 2130 operibus,
1487 2091 1616 2120 armis

283 2152 514 2192 scalisque
541 2153 639 2193 capi
666 2161 808 2194 posse,
836 2153 1010 2183 missum
1034 2152 1084 2182 ab
1113 2151 1335 2183 Antiocho
1361 2151 1615 2193 praesidium

283 2236 291 2244 .
319 2237 326 2243 .
365 2223 489 2254 quum
534 2214 750 2245 intrasset
791 2214 956 2251 urbem,
1007 2213 1231 2254 extemplo
1281 2213 1616 2254 oppugnat-ione

283 2275 458 2316 omissa,
487 2275 648 2306 classis
677 2299 682 2304 .
711 2299 717 2305 .
745 2284 787 2305 se
814 2275 1005 2316 recepit;
1032 2274 1249 2315 Kreyssigius
1268 2280 1301 2305 et
1325 2273 1378 2305 W.
1398 2275 1615 2315 depravatam

282 2337 476 2378 vulgarium
495 2337 648 2368 codicum
669 2337 871 2377 scripturam
891 2341 949 2375 (et
967 2336 1169 2368 viderent
1187 2361 1193 2367 .
1213 2362 1221 2369 .
1244 2337 1339 2377 capi
1365 2346 1448 2367 non
1472 2338 1614 2377 posse)

282 2406 493 2430 revocarunt.
544 2399 621 2441 Ipse
650 2400 828 2430 verborum
856 2398 939 2429 ordo
967 2399 1138 2437 declarat,
1176 2398 1243 2429 illis
1271 2398 1399 2429 verbis:
1444 2398 1613 2429 missum

282 2461 334 2492 ab
361 2461 584 2492 Antiocho
618 2466 679 2492 cet.
717 2460 900 2500 significari
935 2461 981 2491 rei
1009 2461 1265 2492 conversionem
1302 2468 1334 2490 et
1360 2470 1474 2501 spem,
1513 2469 1615 2501 quam

280 2529 358 2554 ante
384 2523 585 2560 habuerant,
613 2522 794 2554 sublatam.
858 2521 932 2553 Nisi
960 2522 1060 2553 scalis
1083 2522 1158 2563 capi
1178 2531 1278 2563 posse
1306 2522 1423 2552 urbem
1452 2522 1619 2553 credidis-

284 2593 370 2623 sent⁷
399 2585 464 2616 iam
492 2590 569 2615 ante
595 2585 823 2622 destitissent,
864 2585 1026 2625 quoniam
1059 2585 1101 2615 ad
1135 2593 1238 2625 opera
1270 2583 1428 2615 facienda
1457 2584 1614 2625 imparati

284 2647 398 2677 subito
424 2657 441 2677 e
468 2647 575 2678 classe
602 2646 832 2678 escenderant.
