<?xml version="1.0" encoding="UTF-8"?>
<!DOCTYPE html PUBLIC "-//W3C//DTD XHTML 1.0 Transitional//EN"
    "http://www.w3.org/TR/xhtml1/DTD/xhtml1-transitional.dtd">
<html xmlns="http://www.w3.org/1999/xhtml" xml:lang="en" lang="en">
 <head>
  <title>
</title>
<meta http-equiv="Content-Type" content="text/html;charset=utf-8" />
  <meta name='ocr-system' content='tesseract 3.04.00' />
  <meta name='ocr-capabilities' content='ocr_page ocr_carea ocr_par ocr_line ocrx_word'/>
</head>
<body>
  <div class='ocr_page' id='page_1' title='image "./emendationeslivi00madvuoft_0009.png"; bbox 0 0 1811 2925; ppageno 0'>
   <div class='ocr_carea' id='block_1_1' title="bbox 905 149 925 182">
    <p class='ocr_par' dir='ltr' id='par_1_1' title="bbox 905 149 925 182">
     <span class='ocr_line' id='line_1_1' title="bbox 905 149 925 182; baseline 0 0"><span class='ocrx_word' id='word_1_1' title='bbox 905 149 925 182; x_wconf 85' lang='lat'>3</span> 
     </span>
    </p>
   </div>
   <div class='ocr_carea' id='block_1_2' title="bbox 199 269 1629 2784">
    <p class='ocr_par' dir='ltr' id='par_1_2' title="bbox 199 269 1629 2784">
     <span class='ocr_line' id='line_1_2' title="bbox 207 269 1627 318; baseline -0.001 -10"><span class='ocrx_word' id='word_1_2' title='bbox 207 272 239 308; x_wconf 85' lang='lat' dir='ltr'>si</span> <span class='ocrx_word' id='word_1_3' title='bbox 269 271 363 307; x_wconf 89' lang='lat' dir='ltr'>meis</span> <span class='ocrx_word' id='word_1_4' title='bbox 395 270 726 306; x_wconf 82' lang='lat' dir='ltr'>emendationibus</span> <span class='ocrx_word' id='word_1_5' title='bbox 758 269 996 318; x_wconf 81' lang='lat' dir='ltr'>explicandis</span> <span class='ocrx_word' id='word_1_6' title='bbox 1026 277 1184 306; x_wconf 82' lang='lat' dir='ltr'>rectam.</span> <span class='ocrx_word' id='word_1_7' title='bbox 1216 271 1306 318; x_wconf 89' lang='lat' dir='ltr'>quid</span> <span class='ocrx_word' id='word_1_8' title='bbox 1336 271 1374 306; x_wconf 92' lang='lat' dir='ltr'>in</span> <span class='ocrx_word' id='word_1_9' title='bbox 1409 270 1510 307; x_wconf 84' lang='lat' dir='ltr'>Livii</span> <span class='ocrx_word' id='word_1_10' title='bbox 1540 283 1627 307; x_wconf 87' lang='lat' dir='ltr'>ora-</span> 
     </span>
     <span class='ocr_line' id='line_1_3' title="bbox 206 341 1627 390; baseline -0.001 -11"><span class='ocrx_word' id='word_1_11' title='bbox 206 343 309 379; x_wconf 81' lang='lat' dir='ltr'>tione</span> <span class='ocrx_word' id='word_1_12' title='bbox 351 341 618 378; x_wconf 77' lang='lat' dir='ltr'>constituenda</span> <span class='ocrx_word' id='word_1_13' title='bbox 663 341 864 390; x_wconf 80' lang='lat' dir='ltr'>probabile</span> <span class='ocrx_word' id='word_1_14' title='bbox 916 347 1034 381; x_wconf 52' lang='lat' dir='ltr'>essen</span> <span class='ocrx_word' id='word_1_15' title='bbox 1082 341 1404 378; x_wconf 74' lang='lat' dir='ltr'>existimationem</span> <span class='ocrx_word' id='word_1_16' title='bbox 1458 341 1627 378; x_wconf 85' lang='lat' dir='ltr'>stabilire</span> 
     </span>
     <span class='ocr_line' id='line_1_4' title="bbox 206 411 1627 463; baseline -0.001 -14"><span class='ocrx_word' id='word_1_17' title='bbox 206 413 437 463; x_wconf 88' lang='lat' dir='ltr'>potuissem.</span> <span class='ocrx_word' id='word_1_18' title='bbox 482 412 686 449; x_wconf 84' lang='lat' dir='ltr'>vindicatis</span> <span class='ocrx_word' id='word_1_19' title='bbox 716 412 753 448; x_wconf 91' lang='lat' dir='ltr'>in</span> <span class='ocrx_word' id='word_1_20' title='bbox 784 411 918 460; x_wconf 85' lang='lat' dir='ltr'>paucis</span> <span class='ocrx_word' id='word_1_21' title='bbox 952 411 1071 455; x_wconf 31' lang='lat' dir='ltr'>locist</span> <span class='ocrx_word' id='word_1_22' title='bbox 1115 425 1212 461; x_wconf 86' lang='lat' dir='ltr'>quos</span> <span class='ocrx_word' id='word_1_23' title='bbox 1248 412 1333 462; x_wconf 87' lang='lat' dir='ltr'>ipsa</span> <span class='ocrx_word' id='word_1_24' title='bbox 1358 412 1627 461; x_wconf 82' lang='lat' dir='ltr'>propinquitas</span> 
     </span>
     <span class='ocr_line' id='line_1_5' title="bbox 207 483 1627 521; baseline -0.001 0"><span class='ocrx_word' id='word_1_25' title='bbox 207 492 273 521; x_wconf 86' lang='lat' dir='ltr'>aut</span> <span class='ocrx_word' id='word_1_26' title='bbox 308 484 515 521; x_wconf 83' lang='lat' dir='ltr'>similitudo</span> <span class='ocrx_word' id='word_1_27' title='bbox 546 484 766 520; x_wconf 83' lang='lat' dir='ltr'>obtulisset.</span> <span class='ocrx_word' id='word_1_28' title='bbox 807 483 970 519; x_wconf 87' lang='lat' dir='ltr'>aliorum</span> <span class='ocrx_word' id='word_1_29' title='bbox 1008 484 1235 519; x_wconf 86' lang='lat' dir='ltr'>necessariis</span> <span class='ocrx_word' id='word_1_30' title='bbox 1273 491 1309 520; x_wconf 88' lang='lat' dir='ltr'>et</span> <span class='ocrx_word' id='word_1_31' title='bbox 1345 483 1447 520; x_wconf 76' lang='lat' dir='ltr'>veris</span> <span class='ocrx_word' id='word_1_32' title='bbox 1478 496 1627 520; x_wconf 85' lang='lat' dir='ltr'>correc-</span> 
     </span>
     <span class='ocr_line' id='line_1_6' title="bbox 206 553 1627 601; baseline -0.001 -9"><span class='ocrx_word' id='word_1_33' title='bbox 206 557 393 594; x_wconf 78' lang='lat' dir='ltr'>tionibus.</span> <span class='ocrx_word' id='word_1_34' title='bbox 422 556 591 592; x_wconf 79' lang='lat' dir='ltr'>futurum</span> <span class='ocrx_word' id='word_1_35' title='bbox 622 555 684 590; x_wconf 72' lang='lat' dir='ltr'>vel</span> <span class='ocrx_word' id='word_1_36' title='bbox 719 554 793 598; x_wconf 80' lang='lat' dir='ltr'>sic,</span> <span class='ocrx_word' id='word_1_37' title='bbox 825 561 865 590; x_wconf 94' lang='lat' dir='ltr'>ut</span> <span class='ocrx_word' id='word_1_38' title='bbox 895 553 1038 601; x_wconf 87' lang='lat' dir='ltr'>aliquid</span> <span class='ocrx_word' id='word_1_39' title='bbox 1072 555 1120 590; x_wconf 90' lang='lat' dir='ltr'>ad</span> <span class='ocrx_word' id='word_1_40' title='bbox 1154 554 1270 591; x_wconf 86' lang='lat' dir='ltr'>totius</span> <span class='ocrx_word' id='word_1_41' title='bbox 1300 555 1355 591; x_wconf 88' lang='lat' dir='ltr'>rei</span> <span class='ocrx_word' id='word_1_42' title='bbox 1386 562 1423 591; x_wconf 81' lang='lat' dir='ltr'>et</span> <span class='ocrx_word' id='word_1_43' title='bbox 1454 555 1501 591; x_wconf 88' lang='lat' dir='ltr'>ad</span> <span class='ocrx_word' id='word_1_44' title='bbox 1533 555 1627 591; x_wconf 89' lang='lat' dir='ltr'>alio-</span> 
     </span>
     <span class='ocr_line' id='line_1_7' title="bbox 206 626 1626 674; baseline -0.002 -9"><span class='ocrx_word' id='word_1_45' title='bbox 206 641 289 665; x_wconf 86' lang='lat' dir='ltr'>rum</span> <span class='ocrx_word' id='word_1_46' title='bbox 319 628 491 664; x_wconf 84' lang='lat' dir='ltr'>locorum</span> <span class='ocrx_word' id='word_1_47' title='bbox 522 626 702 662; x_wconf 86' lang='lat' dir='ltr'>iudicium</span> <span class='ocrx_word' id='word_1_48' title='bbox 732 626 994 674; x_wconf 88' lang='lat' dir='ltr'>proficeretur.</span> <span class='ocrx_word' id='word_1_49' title='bbox 1054 626 1158 662; x_wconf 74' lang='lat' dir='ltr'>Nam</span> <span class='ocrx_word' id='word_1_50' title='bbox 1191 638 1292 674; x_wconf 85' lang='lat' dir='ltr'>saepe</span> <span class='ocrx_word' id='word_1_51' title='bbox 1323 626 1371 662; x_wconf 89' lang='lat' dir='ltr'>ad</span> <span class='ocrx_word' id='word_1_52' title='bbox 1401 627 1501 662; x_wconf 86' lang='lat' dir='ltr'>hanc</span> <span class='ocrx_word' id='word_1_53' title='bbox 1523 633 1626 662; x_wconf 77' lang='lat' dir='ltr'>vete-</span> 
     </span>
     <span class='ocr_line' id='line_1_8' title="bbox 204 696 1627 745; baseline -0.002 -9"><span class='ocrx_word' id='word_1_54' title='bbox 204 713 288 736; x_wconf 90' lang='lat' dir='ltr'>rum</span> <span class='ocrx_word' id='word_1_55' title='bbox 322 698 631 735; x_wconf 78' lang='lat' dir='ltr'>emendationum</span> <span class='ocrx_word' id='word_1_56' title='bbox 670 703 738 732; x_wconf 89' lang='lat' dir='ltr'>aut</span> <span class='ocrx_word' id='word_1_57' title='bbox 768 696 882 733; x_wconf 88' lang='lat' dir='ltr'>etiam</span> <span class='ocrx_word' id='word_1_58' title='bbox 914 697 1105 732; x_wconf 88' lang='lat' dir='ltr'>bonarum</span> <span class='ocrx_word' id='word_1_59' title='bbox 1133 696 1308 733; x_wconf 86' lang='lat' dir='ltr'>codicum</span> <span class='ocrx_word' id='word_1_60' title='bbox 1339 697 1627 745; x_wconf 60' lang='lat' dir='ltr'>scripturarum„</span> 
     </span>
     <span class='ocr_line' id='line_1_9' title="bbox 207 766 1628 820; baseline -0.002 -13"><span class='ocrx_word' id='word_1_61' title='bbox 207 783 292 820; x_wconf 80' lang='lat' dir='ltr'>quae</span> <span class='ocrx_word' id='word_1_62' title='bbox 341 783 463 819; x_wconf 83' lang='lat' dir='ltr'>nuper</span> <span class='ocrx_word' id='word_1_63' title='bbox 514 775 651 818; x_wconf 86' lang='lat' dir='ltr'>spretae</span> <span class='ocrx_word' id='word_1_64' title='bbox 699 773 804 812; x_wconf 55' lang='lat' dir='ltr'>sunt,</span> <span class='ocrx_word' id='word_1_65' title='bbox 856 767 1229 804; x_wconf 81' lang='lat' dir='ltr'>commendationem</span> <span class='ocrx_word' id='word_1_66' title='bbox 1282 776 1317 804; x_wconf 86' lang='lat' dir='ltr'>et</span> <span class='ocrx_word' id='word_1_67' title='bbox 1366 766 1628 804; x_wconf 83' lang='lat' dir='ltr'>defensionem</span> 
     </span>
     <span class='ocr_line' id='line_1_10' title="bbox 205 837 1627 891; baseline -0.003 -13"><span class='ocrx_word' id='word_1_68' title='bbox 205 842 352 891; x_wconf 80' lang='lat' dir='ltr'>digredi</span> <span class='ocrx_word' id='word_1_69' title='bbox 391 855 466 878; x_wconf 90' lang='lat' dir='ltr'>non</span> <span class='ocrx_word' id='word_1_70' title='bbox 505 841 653 889; x_wconf 68' lang='lat' dir='ltr'>placet⁴⁴</span> <span class='ocrx_word' id='word_1_71' title='bbox 705 853 751 875; x_wconf 81' lang='lat' dir='ltr'>ea</span> <span class='ocrx_word' id='word_1_72' title='bbox 789 838 962 887; x_wconf 86' lang='lat' dir='ltr'>proferre</span> <span class='ocrx_word' id='word_1_73' title='bbox 1005 837 1178 874; x_wconf 81' lang='lat' dir='ltr'>conanti.</span> <span class='ocrx_word' id='word_1_74' title='bbox 1218 850 1301 885; x_wconf 84' lang='lat' dir='ltr'>quae</span> <span class='ocrx_word' id='word_1_75' title='bbox 1340 838 1493 875; x_wconf 85' lang='lat' dir='ltr'>aliunde</span> <span class='ocrx_word' id='word_1_76' title='bbox 1531 839 1627 875; x_wconf 83' lang='lat' dir='ltr'>sumi</span> 
     </span>
     <span class='ocr_line' id='line_1_11' title="bbox 206 909 1627 962; baseline -0.003 -12"><span class='ocrx_word' id='word_1_77' title='bbox 206 927 283 950; x_wconf 90' lang='lat' dir='ltr'>non</span> <span class='ocrx_word' id='word_1_78' title='bbox 329 913 497 962; x_wconf 81' lang='lat' dir='ltr'>possint.</span> <span class='ocrx_word' id='word_1_79' title='bbox 541 910 877 959; x_wconf 82' lang='lat' dir='ltr'>reprehensionem</span> <span class='ocrx_word' id='word_1_80' title='bbox 931 919 967 946; x_wconf 82' lang='lat' dir='ltr'>et</span> <span class='ocrx_word' id='word_1_81' title='bbox 1013 909 1313 957; x_wconf 78' lang='lat' dir='ltr'>exagitationem</span> <span class='ocrx_word' id='word_1_82' title='bbox 1354 909 1516 946; x_wconf 75' lang='lat' dir='ltr'>aliorum</span> <span class='ocrx_word' id='word_1_83' title='bbox 1571 911 1627 946; x_wconf 78' lang='lat' dir='ltr'>vi-</span> 
     </span>
     <span class='ocr_line' id='line_1_12' title="bbox 205 980 1626 1031; baseline -0.001 -11"><span class='ocrx_word' id='word_1_84' title='bbox 205 984 320 1029; x_wconf 73' lang='lat' dir='ltr'>tanti,</span> <span class='ocrx_word' id='word_1_85' title='bbox 362 983 433 1019; x_wconf 90' lang='lat' dir='ltr'>nisi</span> <span class='ocrx_word' id='word_1_86' title='bbox 465 995 548 1031; x_wconf 82' lang='lat' dir='ltr'>quae</span> <span class='ocrx_word' id='word_1_87' title='bbox 578 982 659 1018; x_wconf 87' lang='lat' dir='ltr'>sine</span> <span class='ocrx_word' id='word_1_88' title='bbox 690 982 830 1018; x_wconf 88' lang='lat' dir='ltr'>damno</span> <span class='ocrx_word' id='word_1_89' title='bbox 863 981 987 1017; x_wconf 88' lang='lat' dir='ltr'>omitti</span> <span class='ocrx_word' id='word_1_90' title='bbox 1017 993 1095 1017; x_wconf 91' lang='lat' dir='ltr'>non</span> <span class='ocrx_word' id='word_1_91' title='bbox 1132 992 1247 1028; x_wconf 82' lang='lat' dir='ltr'>posse</span> <span class='ocrx_word' id='word_1_92' title='bbox 1278 980 1466 1019; x_wconf 79' lang='lat' dir='ltr'>videatur.</span> <span class='ocrx_word' id='word_1_93' title='bbox 1531 983 1626 1019; x_wconf 86' lang='lat' dir='ltr'>Per-</span> 
     </span>
     <span class='ocr_line' id='line_1_13' title="bbox 205 1051 1629 1104; baseline -0.005 -12"><span class='ocrx_word' id='word_1_94' title='bbox 205 1068 305 1104; x_wconf 87' lang='lat' dir='ltr'>saepe</span> <span class='ocrx_word' id='word_1_95' title='bbox 339 1062 466 1091; x_wconf 87' lang='lat' dir='ltr'>autem</span> <span class='ocrx_word' id='word_1_96' title='bbox 504 1060 539 1089; x_wconf 86' lang='lat' dir='ltr'>et</span> <span class='ocrx_word' id='word_1_97' title='bbox 570 1060 682 1089; x_wconf 88' lang='lat' dir='ltr'>antea</span> <span class='ocrx_word' id='word_1_98' title='bbox 713 1052 805 1088; x_wconf 89' lang='lat' dir='ltr'>mihi</span> <span class='ocrx_word' id='word_1_99' title='bbox 838 1053 1055 1089; x_wconf 78' lang='lat' dir='ltr'>acciderat.</span> <span class='ocrx_word' id='word_1_100' title='bbox 1098 1060 1163 1092; x_wconf 76' lang='lat' dir='ltr'>ut,</span> <span class='ocrx_word' id='word_1_101' title='bbox 1206 1064 1290 1100; x_wconf 84' lang='lat' dir='ltr'>quae</span> <span class='ocrx_word' id='word_1_102' title='bbox 1333 1051 1425 1087; x_wconf 90' lang='lat' dir='ltr'>mihi</span> <span class='ocrx_word' id='word_1_103' title='bbox 1454 1052 1528 1100; x_wconf 87' lang='lat' dir='ltr'>ipsi</span> <span class='ocrx_word' id='word_1_104' title='bbox 1563 1060 1629 1089; x_wconf 82' lang='lat' dir='ltr'>aut</span> 
     </span>
     <span class='ocr_line' id='line_1_14' title="bbox 205 1123 1628 1174; baseline -0.004 -11"><span class='ocrx_word' id='word_1_105' title='bbox 205 1126 334 1163; x_wconf 85' lang='lat' dir='ltr'>statim</span> <span class='ocrx_word' id='word_1_106' title='bbox 364 1125 484 1174; x_wconf 76' lang='lat' dir='ltr'>ipsius</span> <span class='ocrx_word' id='word_1_107' title='bbox 513 1125 587 1161; x_wconf 83' lang='lat' dir='ltr'>loci</span> <span class='ocrx_word' id='word_1_108' title='bbox 617 1123 744 1160; x_wconf 79' lang='lat' dir='ltr'>forma</span> <span class='ocrx_word' id='word_1_109' title='bbox 775 1125 999 1160; x_wconf 79' lang='lat' dir='ltr'>subiecisset</span> <span class='ocrx_word' id='word_1_110' title='bbox 1039 1130 1105 1159; x_wconf 89' lang='lat' dir='ltr'>aut</span> <span class='ocrx_word' id='word_1_111' title='bbox 1136 1123 1311 1158; x_wconf 87' lang='lat' dir='ltr'>codicum</span> <span class='ocrx_word' id='word_1_112' title='bbox 1348 1123 1513 1171; x_wconf 77' lang='lat' dir='ltr'>vestigia</span> <span class='ocrx_word' id='word_1_113' title='bbox 1544 1123 1628 1159; x_wconf 83' lang='lat' dir='ltr'>dili-</span> 
     </span>
     <span class='ocr_line' id='line_1_15' title="bbox 203 1194 1626 1246; baseline -0.003 -13"><span class='ocrx_word' id='word_1_114' title='bbox 203 1197 353 1246; x_wconf 86' lang='lat' dir='ltr'>gentius</span> <span class='ocrx_word' id='word_1_115' title='bbox 385 1196 648 1239; x_wconf 70' lang='lat' dir='ltr'>considerata,</span> <span class='ocrx_word' id='word_1_116' title='bbox 699 1208 745 1232; x_wconf 83' lang='lat' dir='ltr'>ea</span> <span class='ocrx_word' id='word_1_117' title='bbox 776 1196 853 1232; x_wconf 87' lang='lat' dir='ltr'>iam</span> <span class='ocrx_word' id='word_1_118' title='bbox 886 1202 975 1232; x_wconf 91' lang='lat' dir='ltr'>ante</span> <span class='ocrx_word' id='word_1_119' title='bbox 1005 1196 1054 1231; x_wconf 92' lang='lat' dir='ltr'>ab</span> <span class='ocrx_word' id='word_1_120' title='bbox 1088 1194 1171 1230; x_wconf 87' lang='lat' dir='ltr'>aliis</span> <span class='ocrx_word' id='word_1_121' title='bbox 1204 1194 1425 1242; x_wconf 80' lang='lat' dir='ltr'>excogitata</span> <span class='ocrx_word' id='word_1_122' title='bbox 1456 1206 1540 1230; x_wconf 82' lang='lat' dir='ltr'>esse</span> <span class='ocrx_word' id='word_1_123' title='bbox 1570 1194 1626 1230; x_wconf 90' lang='lat' dir='ltr'>in-</span> 
     </span>
     <span class='ocr_line' id='line_1_16' title="bbox 202 1266 1629 1316; baseline -0.001 -12"><span class='ocrx_word' id='word_1_124' title='bbox 202 1268 437 1316; x_wconf 77' lang='lat' dir='ltr'>telligerem,</span> <span class='ocrx_word' id='word_1_125' title='bbox 487 1274 525 1303; x_wconf 82' lang='lat' dir='ltr'>et</span> <span class='ocrx_word' id='word_1_126' title='bbox 561 1279 682 1315; x_wconf 88' lang='lat' dir='ltr'>nuper</span> <span class='ocrx_word' id='word_1_127' title='bbox 718 1279 795 1303; x_wconf 92' lang='lat' dir='ltr'>non</span> <span class='ocrx_word' id='word_1_128' title='bbox 835 1267 890 1303; x_wconf 83' lang='lat' dir='ltr'>ita</span> <span class='ocrx_word' id='word_1_129' title='bbox 926 1278 1070 1315; x_wconf 84' lang='lat' dir='ltr'>pauca..</span> <span class='ocrx_word' id='word_1_130' title='bbox 1118 1278 1202 1314; x_wconf 84' lang='lat' dir='ltr'>quae</span> <span class='ocrx_word' id='word_1_131' title='bbox 1248 1273 1336 1303; x_wconf 88' lang='lat' dir='ltr'>ante</span> <span class='ocrx_word' id='word_1_132' title='bbox 1378 1266 1520 1302; x_wconf 78' lang='lat' dir='ltr'>multos</span> <span class='ocrx_word' id='word_1_133' title='bbox 1563 1274 1629 1303; x_wconf 87' lang='lat' dir='ltr'>aut</span> 
     </span>
     <span class='ocr_line' id='line_1_17' title="bbox 203 1337 1628 1386; baseline 0 -12"><span class='ocrx_word' id='word_1_134' title='bbox 203 1338 339 1375; x_wconf 82' lang='lat' dir='ltr'>saltem</span> <span class='ocrx_word' id='word_1_135' title='bbox 370 1338 517 1386; x_wconf 87' lang='lat' dir='ltr'>aliquot</span> <span class='ocrx_word' id='word_1_136' title='bbox 548 1350 668 1374; x_wconf 88' lang='lat' dir='ltr'>annos</span> <span class='ocrx_word' id='word_1_137' title='bbox 703 1338 1001 1383; x_wconf 75' lang='lat' dir='ltr'>adnotaveram,</span> <span class='ocrx_word' id='word_1_138' title='bbox 1046 1337 1105 1374; x_wconf 81' lang='lat' dir='ltr'>his</span> <span class='ocrx_word' id='word_1_139' title='bbox 1141 1338 1330 1386; x_wconf 80' lang='lat' dir='ltr'>proximis</span> <span class='ocrx_word' id='word_1_140' title='bbox 1364 1337 1473 1373; x_wconf 85' lang='lat' dir='ltr'>annis</span> <span class='ocrx_word' id='word_1_141' title='bbox 1511 1350 1628 1385; x_wconf 90' lang='lat' dir='ltr'>quum</span> 
     </span>
     <span class='ocr_line' id='line_1_18' title="bbox 204 1408 1628 1457; baseline -0.001 -11"><span class='ocrx_word' id='word_1_142' title='bbox 204 1411 254 1445; x_wconf 89' lang='lat' dir='ltr'>ab</span> <span class='ocrx_word' id='word_1_143' title='bbox 285 1410 368 1446; x_wconf 86' lang='lat' dir='ltr'>aliis</span> <span class='ocrx_word' id='word_1_144' title='bbox 404 1416 486 1446; x_wconf 90' lang='lat' dir='ltr'>tum</span> <span class='ocrx_word' id='word_1_145' title='bbox 531 1421 554 1444; x_wconf 85' lang='lat' dir='ltr'>a</span> <span class='ocrx_word' id='word_1_146' title='bbox 584 1409 812 1457; x_wconf 70' lang='lat' dir='ltr'>Kreyssigio</span> <span class='ocrx_word' id='word_1_147' title='bbox 860 1408 965 1457; x_wconf 81' lang='lat' dir='ltr'>(post</span> <span class='ocrx_word' id='word_1_148' title='bbox 999 1415 1173 1444; x_wconf 86' lang='lat' dir='ltr'>curatam</span> <span class='ocrx_word' id='word_1_149' title='bbox 1205 1409 1307 1445; x_wconf 79' lang='lat' dir='ltr'>Livii</span> <span class='ocrx_word' id='word_1_150' title='bbox 1346 1409 1551 1445; x_wconf 85' lang='lat' dir='ltr'>editionem</span> <span class='ocrx_word' id='word_1_151' title='bbox 1589 1408 1628 1444; x_wconf 91' lang='lat' dir='ltr'>in</span> 
     </span>
     <span class='ocr_line' id='line_1_19' title="bbox 202 1478 1628 1528; baseline -0.001 -11"><span class='ocrx_word' id='word_1_152' title='bbox 202 1481 516 1517; x_wconf 79' lang='lat' dir='ltr'>adnotationibus</span> <span class='ocrx_word' id='word_1_153' title='bbox 548 1480 596 1515; x_wconf 91' lang='lat' dir='ltr'>ad</span> <span class='ocrx_word' id='word_1_154' title='bbox 626 1479 744 1515; x_wconf 88' lang='lat' dir='ltr'>libros</span> <span class='ocrx_word' id='word_1_155' title='bbox 764 1478 1056 1528; x_wconf 65' lang='lat' dir='ltr'>XLI-XLV)</span> <span class='ocrx_word' id='word_1_156' title='bbox 1093 1487 1130 1516; x_wconf 83' lang='lat' dir='ltr'>et</span> <span class='ocrx_word' id='word_1_157' title='bbox 1161 1494 1183 1516; x_wconf 86' lang='lat' dir='ltr'>a</span> <span class='ocrx_word' id='word_1_158' title='bbox 1214 1480 1532 1516; x_wconf 76' lang='lat' dir='ltr'>Weissenbornio</span> <span class='ocrx_word' id='word_1_159' title='bbox 1565 1492 1628 1516; x_wconf 87' lang='lat' dir='ltr'>oc-</span> 
     </span>
     <span class='ocr_line' id='line_1_20' title="bbox 200 1549 1629 1600; baseline -0.001 -13"><span class='ocrx_word' id='word_1_160' title='bbox 200 1558 343 1600; x_wconf 84' lang='lat' dir='ltr'>cupata</span> <span class='ocrx_word' id='word_1_161' title='bbox 369 1551 469 1593; x_wconf 68' lang='lat' dir='ltr'>vidi,</span> <span class='ocrx_word' id='word_1_162' title='bbox 518 1551 621 1598; x_wconf 89' lang='lat' dir='ltr'>quod</span> <span class='ocrx_word' id='word_1_163' title='bbox 663 1550 710 1586; x_wconf 90' lang='lat' dir='ltr'>de</span> <span class='ocrx_word' id='word_1_164' title='bbox 740 1549 1056 1587; x_wconf 54' lang='lat' dir='ltr'>lVeissenbornio</span> <span class='ocrx_word' id='word_1_165' title='bbox 1089 1564 1134 1587; x_wconf 91' lang='lat' dir='ltr'>eo</span> <span class='ocrx_word' id='word_1_166' title='bbox 1166 1551 1251 1588; x_wconf 87' lang='lat' dir='ltr'>dico</span> <span class='ocrx_word' id='word_1_167' title='bbox 1283 1551 1482 1591; x_wconf 70' lang='lat' dir='ltr'>libentius,</span> <span class='ocrx_word' id='word_1_168' title='bbox 1526 1551 1629 1598; x_wconf 86' lang='lat' dir='ltr'>quod</span> 
     </span>
     <span class='ocr_line' id='line_1_21' title="bbox 201 1621 1627 1660; baseline 0 -3"><span class='ocrx_word' id='word_1_169' title='bbox 201 1623 238 1658; x_wconf 91' lang='lat' dir='ltr'>in</span> <span class='ocrx_word' id='word_1_170' title='bbox 283 1622 367 1658; x_wconf 90' lang='lat' dir='ltr'>aliis</span> <span class='ocrx_word' id='word_1_171' title='bbox 412 1621 657 1658; x_wconf 88' lang='lat' dir='ltr'>dissentiendi</span> <span class='ocrx_word' id='word_1_172' title='bbox 702 1621 751 1657; x_wconf 90' lang='lat' dir='ltr'>ab</span> <span class='ocrx_word' id='word_1_173' title='bbox 805 1633 850 1656; x_wconf 88' lang='lat' dir='ltr'>eo</span> <span class='ocrx_word' id='word_1_174' title='bbox 902 1633 979 1656; x_wconf 91' lang='lat' dir='ltr'>non</span> <span class='ocrx_word' id='word_1_175' title='bbox 1023 1635 1112 1658; x_wconf 79' lang='lat' dir='ltr'>raro</span> <span class='ocrx_word' id='word_1_176' title='bbox 1151 1634 1270 1659; x_wconf 84' lang='lat' dir='ltr'>causa</span> <span class='ocrx_word' id='word_1_177' title='bbox 1322 1622 1403 1660; x_wconf 88' lang='lat' dir='ltr'>erit.</span> <span class='ocrx_word' id='word_1_178' title='bbox 1496 1622 1627 1657; x_wconf 87' lang='lat' dir='ltr'>Habet</span> 
     </span>
     <span class='ocr_line' id='line_1_22' title="bbox 201 1692 1627 1742; baseline -0.001 -12"><span class='ocrx_word' id='word_1_179' title='bbox 201 1700 330 1730; x_wconf 88' lang='lat' dir='ltr'>autem</span> <span class='ocrx_word' id='word_1_180' title='bbox 367 1694 448 1728; x_wconf 80' lang='lat' dir='ltr'>haec</span> <span class='ocrx_word' id='word_1_181' title='bbox 487 1693 652 1741; x_wconf 86' lang='lat' dir='ltr'>plurium</span> <span class='ocrx_word' id='word_1_182' title='bbox 694 1692 732 1728; x_wconf 92' lang='lat' dir='ltr'>in</span> <span class='ocrx_word' id='word_1_183' title='bbox 778 1692 912 1728; x_wconf 88' lang='lat' dir='ltr'>eadem</span> <span class='ocrx_word' id='word_1_184' title='bbox 949 1694 1217 1730; x_wconf 87' lang='lat' dir='ltr'>emendatione</span> <span class='ocrx_word' id='word_1_185' title='bbox 1260 1693 1488 1742; x_wconf 86' lang='lat' dir='ltr'>reperienda</span> <span class='ocrx_word' id='word_1_186' title='bbox 1537 1705 1627 1729; x_wconf 84' lang='lat' dir='ltr'>eon-</span> 
     </span>
     <span class='ocr_line' id='line_1_23' title="bbox 201 1762 1629 1811; baseline -0.001 -10"><span class='ocrx_word' id='word_1_187' title='bbox 201 1776 334 1801; x_wconf 88' lang='lat' dir='ltr'>sensus</span> <span class='ocrx_word' id='word_1_188' title='bbox 377 1763 556 1800; x_wconf 83' lang='lat' dir='ltr'>fortuitus</span> <span class='ocrx_word' id='word_1_189' title='bbox 603 1766 707 1811; x_wconf 70' lang='lat' dir='ltr'>(quae</span> <span class='ocrx_word' id='word_1_190' title='bbox 748 1762 899 1811; x_wconf 87' lang='lat' dir='ltr'>quidem</span> <span class='ocrx_word' id='word_1_191' title='bbox 944 1763 1114 1811; x_wconf 86' lang='lat' dir='ltr'>aliquam</span> <span class='ocrx_word' id='word_1_192' title='bbox 1164 1766 1307 1801; x_wconf 87' lang='lat' dir='ltr'>habeat</span> <span class='ocrx_word' id='word_1_193' title='bbox 1351 1765 1547 1801; x_wconf 83' lang='lat' dir='ltr'>sententiae</span> <span class='ocrx_word' id='word_1_194' title='bbox 1592 1771 1629 1800; x_wconf 85' lang='lat' dir='ltr'>et</span> 
     </span>
     <span class='ocr_line' id='line_1_24' title="bbox 201 1833 1627 1884; baseline -0.001 -12"><span class='ocrx_word' id='word_1_195' title='bbox 201 1835 386 1872; x_wconf 83' lang='lat' dir='ltr'>orationis</span> <span class='ocrx_word' id='word_1_196' title='bbox 416 1833 667 1871; x_wconf 88' lang='lat' dir='ltr'>mutationem</span> <span class='ocrx_word' id='word_1_197' title='bbox 697 1834 909 1870; x_wconf 86' lang='lat' dir='ltr'>notabilem</span> <span class='ocrx_word' id='word_1_198' title='bbox 943 1842 1008 1871; x_wconf 83' lang='lat' dir='ltr'>aut</span> <span class='ocrx_word' id='word_1_199' title='bbox 1040 1848 1060 1871; x_wconf 90' lang='lat' dir='ltr'>e</span> <span class='ocrx_word' id='word_1_200' title='bbox 1091 1835 1265 1872; x_wconf 85' lang='lat' dir='ltr'>codicum</span> <span class='ocrx_word' id='word_1_201' title='bbox 1296 1836 1468 1884; x_wconf 77' lang='lat' dir='ltr'>vestigiis</span> <span class='ocrx_word' id='word_1_202' title='bbox 1501 1836 1627 1884; x_wconf 86' lang='lat' dir='ltr'>inspe-</span> 
     </span>
     <span class='ocr_line' id='line_1_25' title="bbox 201 1904 1627 1955; baseline 0 -13"><span class='ocrx_word' id='word_1_203' title='bbox 201 1911 286 1942; x_wconf 85' lang='lat' dir='ltr'>rata</span> <span class='ocrx_word' id='word_1_204' title='bbox 316 1905 507 1955; x_wconf 84' lang='lat' dir='ltr'>emergat)</span> <span class='ocrx_word' id='word_1_205' title='bbox 545 1904 703 1952; x_wconf 86' lang='lat' dir='ltr'>aliquod</span> <span class='ocrx_word' id='word_1_206' title='bbox 732 1918 801 1954; x_wconf 89' lang='lat' dir='ltr'>per</span> <span class='ocrx_word' id='word_1_207' title='bbox 831 1918 872 1942; x_wconf 86' lang='lat' dir='ltr'>se</span> <span class='ocrx_word' id='word_1_208' title='bbox 901 1906 1186 1955; x_wconf 83' lang='lat' dir='ltr'>probabilitatis</span> <span class='ocrx_word' id='word_1_209' title='bbox 1216 1907 1410 1945; x_wconf 79' lang='lat' dir='ltr'>indicium.</span> <span class='ocrx_word' id='word_1_210' title='bbox 1487 1907 1627 1954; x_wconf 86' lang='lat' dir='ltr'>Itaque</span> 
     </span>
     <span class='ocr_line' id='line_1_26' title="bbox 201 1976 1627 2025; baseline -0.001 -11"><span class='ocrx_word' id='word_1_211' title='bbox 201 1977 360 2014; x_wconf 86' lang='lat' dir='ltr'>subinde</span> <span class='ocrx_word' id='word_1_212' title='bbox 391 1978 463 2013; x_wconf 83' lang='lat' dir='ltr'>hoe</span> <span class='ocrx_word' id='word_1_213' title='bbox 493 1976 795 2012; x_wconf 78' lang='lat' dir='ltr'>commemoravi</span> <span class='ocrx_word' id='word_1_214' title='bbox 824 1976 862 2012; x_wconf 89' lang='lat' dir='ltr'>in</span> <span class='ocrx_word' id='word_1_215' title='bbox 893 1977 938 2013; x_wconf 88' lang='lat' dir='ltr'>iis</span> <span class='ocrx_word' id='word_1_216' title='bbox 960 1978 1130 2013; x_wconf 81' lang='lat' dir='ltr'>maxime</span> <span class='ocrx_word' id='word_1_217' title='bbox 1155 1977 1500 2021; x_wconf 61' lang='lat' dir='ltr'>emendationibus„</span> <span class='ocrx_word' id='word_1_218' title='bbox 1531 1989 1627 2025; x_wconf 90' lang='lat' dir='ltr'>quas</span> 
     </span>
     <span class='ocr_line' id='line_1_27' title="bbox 199 2046 1627 2097; baseline 0.001 -14"><span class='ocrx_word' id='word_1_219' title='bbox 199 2048 276 2083; x_wconf 86' lang='lat' dir='ltr'>iam</span> <span class='ocrx_word' id='word_1_220' title='bbox 308 2054 396 2083; x_wconf 86' lang='lat' dir='ltr'>ante</span> <span class='ocrx_word' id='word_1_221' title='bbox 426 2046 567 2083; x_wconf 89' lang='lat' dir='ltr'>multos</span> <span class='ocrx_word' id='word_1_222' title='bbox 598 2058 720 2082; x_wconf 88' lang='lat' dir='ltr'>annos</span> <span class='ocrx_word' id='word_1_223' title='bbox 752 2046 865 2082; x_wconf 86' lang='lat' dir='ltr'>amici</span> <span class='ocrx_word' id='word_1_224' title='bbox 896 2047 971 2083; x_wconf 89' lang='lat' dir='ltr'>mei</span> <span class='ocrx_word' id='word_1_225' title='bbox 1000 2047 1168 2084; x_wconf 87' lang='lat' dir='ltr'>iuniores</span> <span class='ocrx_word' id='word_1_226' title='bbox 1208 2048 1247 2084; x_wconf 89' lang='lat' dir='ltr'>in</span> <span class='ocrx_word' id='word_1_227' title='bbox 1277 2061 1348 2085; x_wconf 87' lang='lat' dir='ltr'>sua</span> <span class='ocrx_word' id='word_1_228' title='bbox 1375 2048 1554 2097; x_wconf 85' lang='lat' dir='ltr'>exempla</span> <span class='ocrx_word' id='word_1_229' title='bbox 1581 2048 1627 2084; x_wconf 90' lang='lat' dir='ltr'>de</span> 
     </span>
     <span class='ocr_line' id='line_1_28' title="bbox 200 2117 1628 2167; baseline 0.001 -13"><span class='ocrx_word' id='word_1_230' title='bbox 200 2131 286 2155; x_wconf 91' lang='lat' dir='ltr'>meo</span> <span class='ocrx_word' id='word_1_231' title='bbox 316 2117 613 2162; x_wconf 80' lang='lat' dir='ltr'>transtulerant3</span> <span class='ocrx_word' id='word_1_232' title='bbox 652 2124 829 2166; x_wconf 87' lang='lat' dir='ltr'>poteram</span> <span class='ocrx_word' id='word_1_233' title='bbox 861 2117 899 2153; x_wconf 88' lang='lat' dir='ltr'>in</span> <span class='ocrx_word' id='word_1_234' title='bbox 931 2118 1050 2155; x_wconf 90' lang='lat' dir='ltr'>multo</span> <span class='ocrx_word' id='word_1_235' title='bbox 1080 2118 1266 2167; x_wconf 85' lang='lat' dir='ltr'>pluribus.</span> <span class='ocrx_word' id='word_1_236' title='bbox 1335 2119 1377 2156; x_wconf 86' lang='lat' dir='ltr'>Si</span> <span class='ocrx_word' id='word_1_237' title='bbox 1411 2120 1477 2167; x_wconf 90' lang='lat' dir='ltr'>qui</span> <span class='ocrx_word' id='word_1_238' title='bbox 1506 2126 1628 2163; x_wconf 67' lang='lat' dir='ltr'>erunt,</span> 
     </span>
     <span class='ocr_line' id='line_1_29' title="bbox 201 2177 1627 2237; baseline 0.001 -13"><span class='ocrx_word' id='word_1_239' title='bbox 201 2188 287 2236; x_wconf 76' lang='lat' dir='ltr'>qui,</span> <span class='ocrx_word' id='word_1_240' title='bbox 330 2201 447 2236; x_wconf 89' lang='lat' dir='ltr'>quum</span> <span class='ocrx_word' id='word_1_241' title='bbox 485 2201 637 2224; x_wconf 91' lang='lat' dir='ltr'>omnem</span> <span class='ocrx_word' id='word_1_242' title='bbox 672 2188 982 2224; x_wconf 85' lang='lat' dir='ltr'>emendationum</span> <span class='ocrx_word' id='word_1_243' title='bbox 1028 2189 1180 2237; x_wconf 85' lang='lat' dir='ltr'>copiam</span> <span class='ocrx_word' id='word_1_244' title='bbox 1209 2189 1248 2225; x_wconf 92' lang='lat' dir='ltr'>in</span> <span class='ocrx_word' id='word_1_245' title='bbox 1277 2177 1395 2225; x_wconf 73' lang='lat' dir='ltr'>unum</span> <span class='ocrx_word' id='word_1_246' title='bbox 1426 2189 1627 2226; x_wconf 80' lang='lat' dir='ltr'>collecta-m</span> 
     </span>
     <span class='ocr_line' id='line_1_30' title="bbox 202 2258 1628 2308; baseline 0.001 -14"><span class='ocrx_word' id='word_1_247' title='bbox 202 2258 359 2295; x_wconf 85' lang='lat' dir='ltr'>videant</span> <span class='ocrx_word' id='word_1_248' title='bbox 387 2271 457 2295; x_wconf 86' lang='lat' dir='ltr'>nec</span> <span class='ocrx_word' id='word_1_249' title='bbox 489 2258 701 2307; x_wconf 87' lang='lat' dir='ltr'>quidquam</span> <span class='ocrx_word' id='word_1_250' title='bbox 733 2271 780 2294; x_wconf 80' lang='lat' dir='ltr'>ex</span> <span class='ocrx_word' id='word_1_251' title='bbox 811 2259 887 2295; x_wconf 90' lang='lat' dir='ltr'>alio</span> <span class='ocrx_word' id='word_1_252' title='bbox 918 2271 1058 2308; x_wconf 84' lang='lat' dir='ltr'>genere</span> <span class='ocrx_word' id='word_1_253' title='bbox 1088 2259 1379 2308; x_wconf 66' lang='lat' dir='ltr'>interpositum,</span> <span class='ocrx_word' id='word_1_254' title='bbox 1419 2259 1492 2296; x_wconf 87' lang='lat' dir='ltr'>nisi</span> <span class='ocrx_word' id='word_1_255' title='bbox 1524 2261 1628 2308; x_wconf 86' lang='lat' dir='ltr'>quod</span> 
     </span>
     <span class='ocr_line' id='line_1_31' title="bbox 201 2329 1628 2379; baseline 0.001 -14"><span class='ocrx_word' id='word_1_256' title='bbox 201 2329 251 2365; x_wconf 85' lang='lat' dir='ltr'>ad</span> <span class='ocrx_word' id='word_1_257' title='bbox 268 2329 355 2365; x_wconf 87' lang='lat' dir='ltr'>illas</span> <span class='ocrx_word' id='word_1_258' title='bbox 376 2329 659 2366; x_wconf 84' lang='lat' dir='ltr'>confirmandas</span> <span class='ocrx_word' id='word_1_259' title='bbox 680 2330 883 2379; x_wconf 77' lang='lat' dir='ltr'>pertineat,</span> <span class='ocrx_word' id='word_1_260' title='bbox 913 2331 1038 2379; x_wconf 89' lang='lat' dir='ltr'>ipsum</span> <span class='ocrx_word' id='word_1_261' title='bbox 1060 2343 1261 2367; x_wconf 88' lang='lat' dir='ltr'>numerum</span> <span class='ocrx_word' id='word_1_262' title='bbox 1283 2330 1534 2367; x_wconf 87' lang='lat' dir='ltr'>reformident</span> <span class='ocrx_word' id='word_1_263' title='bbox 1558 2343 1628 2367; x_wconf 86' lang='lat' dir='ltr'>nec</span> 
     </span>
     <span class='ocr_line' id='line_1_32' title="bbox 200 2398 1628 2450; baseline 0.003 -16"><span class='ocrx_word' id='word_1_264' title='bbox 200 2404 258 2434; x_wconf 83' lang='lat' dir='ltr'>tot</span> <span class='ocrx_word' id='word_1_265' title='bbox 287 2398 528 2436; x_wconf 86' lang='lat' dir='ltr'>coniecturas</span> <span class='ocrx_word' id='word_1_266' title='bbox 559 2401 608 2437; x_wconf 87' lang='lat' dir='ltr'>ab</span> <span class='ocrx_word' id='word_1_267' title='bbox 638 2413 716 2436; x_wconf 92' lang='lat' dir='ltr'>uno</span> <span class='ocrx_word' id='word_1_268' title='bbox 747 2400 902 2437; x_wconf 88' lang='lat' dir='ltr'>homine</span> <span class='ocrx_word' id='word_1_269' title='bbox 932 2401 1108 2450; x_wconf 86' lang='lat' dir='ltr'>accipere</span> <span class='ocrx_word' id='word_1_270' title='bbox 1142 2413 1228 2437; x_wconf 88' lang='lat' dir='ltr'>cum</span> <span class='ocrx_word' id='word_1_271' title='bbox 1259 2413 1419 2437; x_wconf 86' lang='lat' dir='ltr'>assensu</span> <span class='ocrx_word' id='word_1_272' title='bbox 1449 2402 1628 2447; x_wconf 76' lang='lat' dir='ltr'>audeant,</span> 
     </span>
     <span class='ocr_line' id='line_1_33' title="bbox 201 2470 1627 2520; baseline 0.002 -15"><span class='ocrx_word' id='word_1_273' title='bbox 201 2475 338 2506; x_wconf 84' lang='lat' dir='ltr'>contra</span> <span class='ocrx_word' id='word_1_274' title='bbox 368 2482 434 2506; x_wconf 86' lang='lat' dir='ltr'>eos</span> <span class='ocrx_word' id='word_1_275' title='bbox 464 2470 558 2506; x_wconf 90' lang='lat' dir='ltr'>nihil</span> <span class='ocrx_word' id='word_1_276' title='bbox 588 2470 790 2507; x_wconf 89' lang='lat' dir='ltr'>dicendum</span> <span class='ocrx_word' id='word_1_277' title='bbox 823 2477 899 2515; x_wconf 83' lang='lat' dir='ltr'>est3</span> <span class='ocrx_word' id='word_1_278' title='bbox 945 2472 1030 2508; x_wconf 88' lang='lat' dir='ltr'>aliis</span> <span class='ocrx_word' id='word_1_279' title='bbox 1071 2471 1170 2507; x_wconf 88' lang='lat' dir='ltr'>enim</span> <span class='ocrx_word' id='word_1_280' title='bbox 1208 2471 1444 2520; x_wconf 83' lang='lat' dir='ltr'>ponderibus</span> <span class='ocrx_word' id='word_1_281' title='bbox 1484 2479 1522 2508; x_wconf 79' lang='lat' dir='ltr'>et</span> <span class='ocrx_word' id='word_1_282' title='bbox 1549 2472 1627 2508; x_wconf 84' lang='lat' dir='ltr'>suis</span> 
     </span>
     <span class='ocr_line' id='line_1_34' title="bbox 203 2540 1629 2590; baseline 0.001 -14"><span class='ocrx_word' id='word_1_283' title='bbox 203 2540 408 2576; x_wconf 88' lang='lat' dir='ltr'>momentis</span> <span class='ocrx_word' id='word_1_284' title='bbox 436 2541 519 2576; x_wconf 85' lang='lat' dir='ltr'>haec</span> <span class='ocrx_word' id='word_1_285' title='bbox 549 2540 809 2577; x_wconf 83' lang='lat' dir='ltr'>examinanda.</span> <span class='ocrx_word' id='word_1_286' title='bbox 832 2548 947 2587; x_wconf 81' lang='lat' dir='ltr'>sunt3</span> <span class='ocrx_word' id='word_1_287' title='bbox 979 2555 1096 2579; x_wconf 91' lang='lat' dir='ltr'>unum</span> <span class='ocrx_word' id='word_1_288' title='bbox 1115 2543 1228 2579; x_wconf 91' lang='lat' dir='ltr'>velim</span> <span class='ocrx_word' id='word_1_289' title='bbox 1253 2541 1504 2588; x_wconf 75' lang='lat' dir='ltr'>considerent,</span> <span class='ocrx_word' id='word_1_290' title='bbox 1536 2550 1629 2590; x_wconf 87' lang='lat' dir='ltr'>quot</span> 
     </span>
     <span class='ocr_line' id='line_1_35' title="bbox 204 2609 1627 2661; baseline 0.002 -15"><span class='ocrx_word' id='word_1_291' title='bbox 204 2609 312 2647; x_wconf 86' lang='lat' dir='ltr'>unius</span> <span class='ocrx_word' id='word_1_292' title='bbox 343 2610 503 2660; x_wconf 83' lang='lat' dir='ltr'>Grynaei</span> <span class='ocrx_word' id='word_1_293' title='bbox 531 2610 570 2647; x_wconf 90' lang='lat' dir='ltr'>in</span> <span class='ocrx_word' id='word_1_294' title='bbox 605 2611 697 2647; x_wconf 80' lang='lat' dir='ltr'>solis</span> <span class='ocrx_word' id='word_1_295' title='bbox 729 2612 898 2660; x_wconf 87' lang='lat' dir='ltr'>quinque</span> <span class='ocrx_word' id='word_1_296' title='bbox 927 2612 1034 2649; x_wconf 89' lang='lat' dir='ltr'>libris</span> <span class='ocrx_word' id='word_1_297' title='bbox 1057 2613 1198 2661; x_wconf 87' lang='lat' dir='ltr'>quintae</span> <span class='ocrx_word' id='word_1_298' title='bbox 1213 2613 1369 2650; x_wconf 88' lang='lat' dir='ltr'>decadis</span> <span class='ocrx_word' id='word_1_299' title='bbox 1389 2613 1627 2650; x_wconf 77' lang='lat' dir='ltr'>coniecturas</span> 
     </span>
     <span class='ocr_line' id='line_1_36' title="bbox 203 2682 1628 2733; baseline 0.003 -17"><span class='ocrx_word' id='word_1_300' title='bbox 203 2688 435 2728; x_wconf 72' lang='lat' dir='ltr'>sequantur,</span> <span class='ocrx_word' id='word_1_301' title='bbox 480 2693 714 2730; x_wconf 85' lang='lat' dir='ltr'>quamquam</span> <span class='ocrx_word' id='word_1_302' title='bbox 748 2682 987 2720; x_wconf 84' lang='lat' dir='ltr'>coniecturas</span> <span class='ocrx_word' id='word_1_303' title='bbox 1018 2696 1084 2720; x_wconf 86' lang='lat' dir='ltr'>eas</span> <span class='ocrx_word' id='word_1_304' title='bbox 1115 2696 1198 2720; x_wconf 84' lang='lat' dir='ltr'>esse</span> <span class='ocrx_word' id='word_1_305' title='bbox 1229 2691 1318 2720; x_wconf 90' lang='lat' dir='ltr'>ante</span> <span class='ocrx_word' id='word_1_306' title='bbox 1346 2684 1628 2733; x_wconf 69' lang='lat' dir='ltr'>Kreyssigium,</span> 
     </span>
     <span class='ocr_line' id='line_1_37' title="bbox 1320 2752 1357 2784; baseline 0 -18"><span class='ocrx_word' id='word_1_307' title='bbox 1320 2752 1357 2784; x_wconf 70' lang='lat'>1*</span> 
     </span>
    </p>
   </div>
  </div>
 </body>
</html>
