<?xml version="1.0" encoding="UTF-8"?>
<!DOCTYPE html PUBLIC "-//W3C//DTD XHTML 1.0 Transitional//EN"
    "http://www.w3.org/TR/xhtml1/DTD/xhtml1-transitional.dtd">
<html xmlns="http://www.w3.org/1999/xhtml" xml:lang="en" lang="en">
 <head>
  <title>
</title>
<meta http-equiv="Content-Type" content="text/html;charset=utf-8" />
  <meta name='ocr-system' content='tesseract 3.04.00' />
  <meta name='ocr-capabilities' content='ocr_page ocr_carea ocr_par ocr_line ocrx_word'/>
</head>
<body>
  <div class='ocr_page' id='page_1' title='image "./emendationeslivi00madvuoft_0497.png"; bbox 0 0 1811 2925; ppageno 0'>
   <div class='ocr_carea' id='block_1_1' title="bbox 858 166 928 200">
    <p class='ocr_par' dir='ltr' id='par_1_1' title="bbox 858 166 928 200">
     <span class='ocr_line' id='line_1_1' title="bbox 858 166 928 200; baseline 0 0"><span class='ocrx_word' id='word_1_1' title='bbox 858 166 928 200; x_wconf 74' lang='lat'>491</span> 
     </span>
    </p>
   </div>
   <div class='ocr_carea' id='block_1_2' title="bbox 187 283 1614 2020">
    <p class='ocr_par' dir='ltr' id='par_1_2' title="bbox 187 283 1614 2020">
     <span class='ocr_line' id='line_1_2' title="bbox 189 283 1605 334; baseline -0.001 -12"><span class='ocrx_word' id='word_1_2' title='bbox 189 286 328 330; x_wconf 85' lang='lat' dir='ltr'>verius,</span> <span class='ocrx_word' id='word_1_3' title='bbox 359 298 390 322; x_wconf 89' lang='lat' dir='ltr'>c.</span> <span class='ocrx_word' id='word_1_4' title='bbox 423 286 497 331; x_wconf 80' lang='lat'>24,</span> <span class='ocrx_word' id='word_1_5' title='bbox 546 288 589 323; x_wconf 90' lang='grc'><strong>12</strong></span> <span class='ocrx_word' id='word_1_6' title='bbox 624 283 835 334; x_wconf 81' lang='lat' dir='ltr'>Sigonius).</span> <span class='ocrx_word' id='word_1_7' title='bbox 895 285 982 333; x_wconf 84' lang='lat' dir='ltr'>Ego</span> <span class='ocrx_word' id='word_1_8' title='bbox 1013 298 1061 321; x_wconf 87' lang='lat' dir='ltr'>ex</span> <span class='ocrx_word' id='word_1_9' title='bbox 1089 285 1239 322; x_wconf 83' lang='lat' dir='ltr'>duabus</span> <span class='ocrx_word' id='word_1_10' title='bbox 1271 284 1452 322; x_wconf 86' lang='lat' dir='ltr'>brevibus</span> <span class='ocrx_word' id='word_1_11' title='bbox 1486 286 1605 333; x_wconf 84' lang='lat' dir='ltr'>parti-</span> 
     </span>
     <span class='ocr_line' id='line_1_3' title="bbox 189 355 1606 403; baseline -0.001 -12"><span class='ocrx_word' id='word_1_12' title='bbox 189 356 259 392; x_wconf 88' lang='lat' dir='ltr'>bus</span> <span class='ocrx_word' id='word_1_13' title='bbox 290 356 376 392; x_wconf 89' lang='lat' dir='ltr'>libri</span> <span class='ocrx_word' id='word_1_14' title='bbox 407 357 576 402; x_wconf 84' lang='lat' dir='ltr'>secundi,</span> <span class='ocrx_word' id='word_1_15' title='bbox 607 370 638 393; x_wconf 86' lang='lat' dir='ltr'>e.</span> <span class='ocrx_word' id='word_1_16' title='bbox 671 358 721 393; x_wconf 82' lang='lat'>25</span> <span class='ocrx_word' id='word_1_17' title='bbox 751 355 800 390; x_wconf 88' lang='lat' dir='ltr'>ad</span> <span class='ocrx_word' id='word_1_18' title='bbox 833 356 882 391; x_wconf 82' lang='lat'>29</span> <span class='ocrx_word' id='word_1_19' title='bbox 915 361 951 391; x_wconf 87' lang='lat' dir='ltr'>et</span> <span class='ocrx_word' id='word_1_20' title='bbox 981 367 1012 391; x_wconf 88' lang='lat' dir='ltr'>c.</span> <span class='ocrx_word' id='word_1_21' title='bbox 1048 356 1096 392; x_wconf 89' lang='lat'>53</span> <span class='ocrx_word' id='word_1_22' title='bbox 1130 356 1178 391; x_wconf 86' lang='lat' dir='ltr'>ad</span> <span class='ocrx_word' id='word_1_23' title='bbox 1212 359 1258 392; x_wconf 87' lang='lat'>57</span> <span class='ocrx_word' id='word_1_24' title='bbox 1293 355 1486 403; x_wconf 76' lang='lat' dir='ltr'>specimen</span> <span class='ocrx_word' id='word_1_25' title='bbox 1516 367 1606 391; x_wconf 86' lang='lat' dir='ltr'>con-</span> 
     </span>
     <span class='ocr_line' id='line_1_4' title="bbox 187 425 1608 475; baseline -0.001 -14"><span class='ocrx_word' id='word_1_26' title='bbox 187 427 334 462; x_wconf 85' lang='lat' dir='ltr'>tinuum</span> <span class='ocrx_word' id='word_1_27' title='bbox 366 439 522 475; x_wconf 86' lang='lat' dir='ltr'>ponam.</span> <span class='ocrx_word' id='word_1_28' title='bbox 582 427 684 462; x_wconf 82' lang='lat' dir='ltr'>Nam</span> <span class='ocrx_word' id='word_1_29' title='bbox 717 438 801 474; x_wconf 86' lang='lat' dir='ltr'>cap.</span> <span class='ocrx_word' id='word_1_30' title='bbox 835 427 899 469; x_wconf 81' lang='lat'>25,</span> <span class='ocrx_word' id='word_1_31' title='bbox 932 425 953 460; x_wconf 88' lang='grc'>2</span> <span class='ocrx_word' id='word_1_32' title='bbox 990 425 1176 461; x_wconf 82' lang='lat' dir='ltr'>omittitur</span> <span class='ocrx_word' id='word_1_33' title='bbox 1214 425 1385 474; x_wconf 81' lang='lat' dir='ltr'>parari</span> <span class='ocrx_word' id='word_1_34' title='bbox 1414 425 1608 468; x_wconf 75' lang='lat' dir='ltr'>bellun),</span> 
     </span>
     <span class='ocr_line' id='line_1_5' title="bbox 189 495 1607 543; baseline 0 -10"><span class='ocrx_word' id='word_1_35' title='bbox 189 501 206 541; x_wconf 52' lang='grc' dir='ltr'>ᾗ·</span> <span class='ocrx_word' id='word_1_36' title='bbox 245 499 290 533; x_wconf 89' lang='grc'>13</span> <span class='ocrx_word' id='word_1_37' title='bbox 324 509 407 533; x_wconf 87' lang='lat' dir='ltr'>nec</span> <span class='ocrx_word' id='word_1_38' title='bbox 439 497 760 534; x_wconf 83' lang='lat' dir='ltr'>venientibus</span> <span class='ocrx_word' id='word_1_39' title='bbox 792 496 865 541; x_wconf 82' lang='lat' dir='ltr'>(ob</span> <span class='ocrx_word' id='word_1_40' title='bbox 896 495 1098 543; x_wconf 86' lang='lat' dir='ltr'>repetitum</span> <span class='ocrx_word' id='word_1_41' title='bbox 1131 497 1230 543; x_wconf 89' lang='lat' dir='ltr'>nec)</span> <span class='ocrx_word' id='word_1_42' title='bbox 1263 509 1294 534; x_wconf 89' lang='lat' dir='ltr'>c.</span> <span class='ocrx_word' id='word_1_43' title='bbox 1329 497 1404 539; x_wconf 82' lang='grc'><strong>26,</strong></span> <span class='ocrx_word' id='word_1_44' title='bbox 1436 496 1457 530; x_wconf 89' lang='grc'>9</span> <span class='ocrx_word' id='word_1_45' title='bbox 1502 497 1607 533; x_wconf 77' lang='lat' dir='ltr'>dari</span> 
     </span>
     <span class='ocr_line' id='line_1_6' title="bbox 190 563 1608 614; baseline 0.002 -13"><span class='ocrx_word' id='word_1_46' title='bbox 190 563 358 614; x_wconf 82' lang='lat' dir='ltr'>(·u1n¹),</span> <span class='ocrx_word' id='word_1_47' title='bbox 399 580 429 604; x_wconf 89' lang='lat' dir='ltr'>c.</span> <span class='ocrx_word' id='word_1_48' title='bbox 467 568 541 607; x_wconf 76' lang='lat'>28,</span> <span class='ocrx_word' id='word_1_49' title='bbox 579 570 590 603; x_wconf 90' lang='lat' dir='ltr'>l</span> <span class='ocrx_word' id='word_1_50' title='bbox 628 573 855 609; x_wconf 85' lang='lat' dir='ltr'>senatus,</span> <span class='ocrx_word' id='word_1_51' title='bbox 900 566 978 602; x_wconf 91' lang='lat' dir='ltr'>ibd.</span> <span class='ocrx_word' id='word_1_52' title='bbox 1019 568 1056 601; x_wconf 88' lang='lat' dir='ltr'>ll</span> <span class='ocrx_word' id='word_1_53' title='bbox 1092 566 1303 602; x_wconf 82' lang='lat' dir='ltr'>alterum</span> <span class='ocrx_word' id='word_1_54' title='bbox 1335 567 1608 604; x_wconf 77' lang='lat' dir='ltr'>decessisse</span> 
     </span>
     <span class='ocr_line' id='line_1_7' title="bbox 191 635 1608 686; baseline 0.002 -14"><span class='ocrx_word' id='word_1_55' title='bbox 191 637 258 683; x_wconf 93' lang='lat' dir='ltr'>(ob</span> <span class='ocrx_word' id='word_1_56' title='bbox 290 636 493 685; x_wconf 82' lang='lat' dir='ltr'>repetitum</span> <span class='ocrx_word' id='word_1_57' title='bbox 526 637 683 673; x_wconf 78' lang='lat' dir='ltr'>alteru</span> <span class='ocrx_word' id='word_1_58' title='bbox 697 638 768 685; x_wconf 87' lang='lat' dir='ltr'>m);</span> <span class='ocrx_word' id='word_1_59' title='bbox 800 650 831 672; x_wconf 90' lang='lat' dir='ltr'>c.</span> <span class='ocrx_word' id='word_1_60' title='bbox 857 638 920 680; x_wconf 84' lang='lat'>53,</span> <span class='ocrx_word' id='word_1_61' title='bbox 956 638 969 671; x_wconf 94' lang='lat'>1</span> <span class='ocrx_word' id='word_1_62' title='bbox 999 635 1144 684; x_wconf 86' lang='lat' dir='ltr'>aliquid</span> <span class='ocrx_word' id='word_1_63' title='bbox 1174 643 1261 685; x_wconf 86' lang='lat' dir='ltr'>post</span> <span class='ocrx_word' id='word_1_64' title='bbox 1292 644 1386 673; x_wconf 86' lang='lat' dir='ltr'>tum</span> <span class='ocrx_word' id='word_1_65' title='bbox 1421 638 1521 686; x_wconf 85' lang='lat' dir='ltr'>(quae</span> <span class='ocrx_word' id='word_1_66' title='bbox 1552 639 1608 675; x_wconf 83' lang='lat' dir='ltr'>la-</span> 
     </span>
     <span class='ocr_line' id='line_1_8' title="bbox 189 706 1607 753; baseline 0.003 -11"><span class='ocrx_word' id='word_1_67' title='bbox 189 719 287 743; x_wconf 73' lang='lat' dir='ltr'>cuna</span> <span class='ocrx_word' id='word_1_68' title='bbox 318 707 502 743; x_wconf 86' lang='lat' dir='ltr'>hactenus</span> <span class='ocrx_word' id='word_1_69' title='bbox 534 713 668 743; x_wconf 78' lang='lat' dir='ltr'>notata</span> <span class='ocrx_word' id='word_1_70' title='bbox 697 719 774 742; x_wconf 91' lang='lat' dir='ltr'>non</span> <span class='ocrx_word' id='word_1_71' title='bbox 805 708 922 752; x_wconf 82' lang='lat' dir='ltr'>erat),</span> <span class='ocrx_word' id='word_1_72' title='bbox 952 706 1030 744; x_wconf 89' lang='lat' dir='ltr'>ibd.</span> <span class='ocrx_word' id='word_1_73' title='bbox 1065 708 1085 742; x_wconf 87' lang='grc'><strong>2</strong></span> <span class='ocrx_word' id='word_1_74' title='bbox 1119 707 1371 752; x_wconf 86' lang='lat' dir='ltr'>contione,</span> <span class='ocrx_word' id='word_1_75' title='bbox 1410 712 1427 753; x_wconf 63' lang='grc' dir='ltr'>ξ</span> <span class='ocrx_word' id='word_1_76' title='bbox 1460 710 1481 746; x_wconf 89' lang='grc'>8</span> <span class='ocrx_word' id='word_1_77' title='bbox 1514 709 1607 746; x_wconf 83' lang='lat' dir='ltr'>fac-</span> 
     </span>
     <span class='ocr_line' id='line_1_9' title="bbox 187 776 1609 824; baseline 0.004 -12"><span class='ocrx_word' id='word_1_78' title='bbox 187 784 322 813; x_wconf 84' lang='lat' dir='ltr'>turos</span> <span class='ocrx_word' id='word_1_79' title='bbox 354 784 390 813; x_wconf 91' lang='lat' dir='ltr'>et</span> <span class='ocrx_word' id='word_1_80' title='bbox 422 777 525 812; x_wconf 88' lang='lat' dir='ltr'>urbis</span> <span class='ocrx_word' id='word_1_81' title='bbox 555 789 706 822; x_wconf 83' lang='lat' dir='ltr'>nomen,</span> <span class='ocrx_word' id='word_1_82' title='bbox 742 788 773 812; x_wconf 90' lang='lat' dir='ltr'>c.</span> <span class='ocrx_word' id='word_1_83' title='bbox 800 778 863 820; x_wconf 80' lang='lat'>54,</span> <span class='ocrx_word' id='word_1_84' title='bbox 896 779 918 812; x_wconf 80' lang='lat'><strong>4</strong></span> <span class='ocrx_word' id='word_1_85' title='bbox 952 776 1096 824; x_wconf 81' lang='lat' dir='ltr'>aliquid</span> <span class='ocrx_word' id='word_1_86' title='bbox 1126 778 1331 813; x_wconf 78' lang='lat' dir='ltr'>accedente</span> <span class='ocrx_word' id='word_1_87' title='bbox 1362 779 1437 815; x_wconf 85' lang='lat' dir='ltr'>alio</span> <span class='ocrx_word' id='word_1_88' title='bbox 1468 780 1609 816; x_wconf 89' lang='lat' dir='ltr'>mendo</span> 
     </span>
     <span class='ocr_line' id='line_1_10' title="bbox 189 847 1607 896; baseline 0.004 -13"><span class='ocrx_word' id='word_1_89' title='bbox 189 848 226 883; x_wconf 85' lang='lat' dir='ltr'>in</span> <span class='ocrx_word' id='word_1_90' title='bbox 258 847 446 896; x_wconf 86' lang='lat' dir='ltr'>depulm</span> <span class='ocrx_word' id='word_1_91' title='bbox 461 847 561 882; x_wconf 81' lang='lat' dir='ltr'>oris</span> <span class='ocrx_word' id='word_1_92' title='bbox 592 847 720 894; x_wconf 88' lang='lat' dir='ltr'>(quod</span> <span class='ocrx_word' id='word_1_93' title='bbox 750 847 920 882; x_wconf 88' lang='lat' dir='ltr'>nondum</span> <span class='ocrx_word' id='word_1_94' title='bbox 951 853 1125 883; x_wconf 79' lang='lat' dir='ltr'>notatum</span> <span class='ocrx_word' id='word_1_95' title='bbox 1158 848 1271 895; x_wconf 81' lang='lat' dir='ltr'>erat),</span> <span class='ocrx_word' id='word_1_96' title='bbox 1302 849 1377 886; x_wconf 83' lang='lat' dir='ltr'>ibd.</span> <span class='ocrx_word' id='word_1_97' title='bbox 1413 853 1434 886; x_wconf 79' lang='lat'>5</span> <span class='ocrx_word' id='word_1_98' title='bbox 1468 851 1607 887; x_wconf 86' lang='lat' dir='ltr'>dede-</span> 
     </span>
     <span class='ocr_line' id='line_1_11' title="bbox 190 916 1609 969; baseline 0.003 -16"><span class='ocrx_word' id='word_1_99' title='bbox 190 924 313 962; x_wconf 81' lang='lat' dir='ltr'>runt,</span> <span class='ocrx_word' id='word_1_100' title='bbox 345 930 375 954; x_wconf 90' lang='lat' dir='ltr'>c.</span> <span class='ocrx_word' id='word_1_101' title='bbox 396 920 458 961; x_wconf 78' lang='lat'>56,</span> <span class='ocrx_word' id='word_1_102' title='bbox 487 918 508 953; x_wconf 85' lang='lat'><strong>9</strong></span> <span class='ocrx_word' id='word_1_103' title='bbox 544 916 807 965; x_wconf 84' lang='lat' dir='ltr'>agrum,ibd.</span> <span class='ocrx_word' id='word_1_104' title='bbox 838 919 881 953; x_wconf 81' lang='lat'>10</span> <span class='ocrx_word' id='word_1_105' title='bbox 915 917 1090 965; x_wconf 77' lang='lat' dir='ltr'>quaedam</span> <span class='ocrx_word' id='word_1_106' title='bbox 1123 924 1211 953; x_wconf 87' lang='lat' dir='ltr'>ante</span> <span class='ocrx_word' id='word_1_107' title='bbox 1244 920 1453 966; x_wconf 85' lang='lat' dir='ltr'>praedam</span> <span class='ocrx_word' id='word_1_108' title='bbox 1484 920 1609 969; x_wconf 85' lang='lat' dir='ltr'>(quod</span> 
     </span>
     <span class='ocr_line' id='line_1_12' title="bbox 188 986 1608 1038; baseline 0.004 -15"><span class='ocrx_word' id='word_1_109' title='bbox 188 988 375 1024; x_wconf 85' lang='lat' dir='ltr'>haetenus</span> <span class='ocrx_word' id='word_1_110' title='bbox 406 987 715 1024; x_wconf 80' lang='lat' dir='ltr'>animadversum</span> <span class='ocrx_word' id='word_1_111' title='bbox 746 1000 822 1023; x_wconf 84' lang='lat' dir='ltr'>non</span> <span class='ocrx_word' id='word_1_112' title='bbox 854 993 976 1032; x_wconf 83' lang='lat' dir='ltr'>erat),</span> <span class='ocrx_word' id='word_1_113' title='bbox 1008 1000 1040 1024; x_wconf 90' lang='lat' dir='ltr'>c.</span> <span class='ocrx_word' id='word_1_114' title='bbox 1076 990 1147 1029; x_wconf 86' lang='grc'>57,</span> <span class='ocrx_word' id='word_1_115' title='bbox 1189 990 1211 1024; x_wconf 90' lang='grc'>6</span> <span class='ocrx_word' id='word_1_116' title='bbox 1251 986 1426 1033; x_wconf 76' lang='lat' dir='ltr'>hora‘2).</span> <span class='ocrx_word' id='word_1_117' title='bbox 1495 991 1608 1038; x_wconf 85' lang='lat' dir='ltr'>Quod</span> 
     </span>
     <span class='ocr_line' id='line_1_13' title="bbox 189 1057 1608 1106; baseline 0.003 -13"><span class='ocrx_word' id='word_1_118' title='bbox 189 1058 267 1093; x_wconf 85' lang='lat' dir='ltr'>iam</span> <span class='ocrx_word' id='word_1_119' title='bbox 299 1058 336 1093; x_wconf 88' lang='lat' dir='ltr'>in</span> <span class='ocrx_word' id='word_1_120' title='bbox 373 1058 493 1094; x_wconf 83' lang='lat' dir='ltr'>tribus</span> <span class='ocrx_word' id='word_1_121' title='bbox 526 1071 573 1093; x_wconf 84' lang='lat' dir='ltr'>ex</span> <span class='ocrx_word' id='word_1_122' title='bbox 604 1058 662 1093; x_wconf 89' lang='lat' dir='ltr'>his</span> <span class='ocrx_word' id='word_1_123' title='bbox 693 1058 786 1093; x_wconf 91' lang='lat' dir='ltr'>locis</span> <span class='ocrx_word' id='word_1_124' title='bbox 818 1058 912 1102; x_wconf 87' lang='lat' dir='ltr'>feci,</span> <span class='ocrx_word' id='word_1_125' title='bbox 955 1064 996 1094; x_wconf 85' lang='lat' dir='ltr'>ut</span> <span class='ocrx_word' id='word_1_126' title='bbox 1025 1057 1171 1106; x_wconf 89' lang='lat' dir='ltr'>primus</span> <span class='ocrx_word' id='word_1_127' title='bbox 1203 1058 1392 1096; x_wconf 84' lang='lat' dir='ltr'>defectum</span> <span class='ocrx_word' id='word_1_128' title='bbox 1421 1068 1608 1106; x_wconf 83' lang='lat' dir='ltr'>notarem,</span> 
     </span>
     <span class='ocr_line' id='line_1_14' title="bbox 192 1127 1608 1177; baseline 0.003 -14"><span class='ocrx_word' id='word_1_129' title='bbox 192 1127 256 1175; x_wconf 82' lang='lat' dir='ltr'>qui</span> <span class='ocrx_word' id='word_1_130' title='bbox 286 1128 382 1164; x_wconf 85' lang='lat' dir='ltr'>alios</span> <span class='ocrx_word' id='word_1_131' title='bbox 414 1127 623 1172; x_wconf 74' lang='lat' dir='ltr'>fefellisset,</span> <span class='ocrx_word' id='word_1_132' title='bbox 656 1128 756 1164; x_wconf 86' lang='lat' dir='ltr'>idem</span> <span class='ocrx_word' id='word_1_133' title='bbox 789 1128 882 1164; x_wconf 82' lang='lat' dir='ltr'>mihi</span> <span class='ocrx_word' id='word_1_134' title='bbox 917 1128 954 1164; x_wconf 88' lang='lat' dir='ltr'>in</span> <span class='ocrx_word' id='word_1_135' title='bbox 986 1141 1063 1164; x_wconf 88' lang='lat' dir='ltr'>non</span> <span class='ocrx_word' id='word_1_136' title='bbox 1093 1129 1228 1177; x_wconf 81' lang='lat' dir='ltr'><strong>paucis</strong></span> <span class='ocrx_word' id='word_1_137' title='bbox 1265 1129 1360 1165; x_wconf 85' lang='lat' dir='ltr'>loeis</span> <span class='ocrx_word' id='word_1_138' title='bbox 1390 1130 1608 1167; x_wconf 79' lang='lat' dir='ltr'>faciendum</span> 
     </span>
     <span class='ocr_line' id='line_1_15' title="bbox 189 1197 1608 1245; baseline 0.003 -12"><span class='ocrx_word' id='word_1_139' title='bbox 189 1197 271 1242; x_wconf 87' lang='lat' dir='ltr'>erit,</span> <span class='ocrx_word' id='word_1_140' title='bbox 304 1204 344 1234; x_wconf 85' lang='lat' dir='ltr'>ut</span> <span class='ocrx_word' id='word_1_141' title='bbox 374 1198 502 1234; x_wconf 79' lang='lat' dir='ltr'>statim</span> <span class='ocrx_word' id='word_1_142' title='bbox 534 1198 572 1233; x_wconf 90' lang='lat' dir='ltr'>in</span> <span class='ocrx_word' id='word_1_143' title='bbox 602 1198 700 1234; x_wconf 87' lang='lat' dir='ltr'>libro</span> <span class='ocrx_word' id='word_1_144' title='bbox 734 1199 833 1234; x_wconf 86' lang='lat' dir='ltr'>XLI</span> <span class='ocrx_word' id='word_1_145' title='bbox 864 1210 896 1235; x_wconf 84' lang='lat' dir='ltr'>c,</span> <span class='ocrx_word' id='word_1_146' title='bbox 930 1200 966 1243; x_wconf 92' lang='grc'>9,</span> <span class='ocrx_word' id='word_1_147' title='bbox 1004 1202 1043 1235; x_wconf 84' lang='grc'>11</span> <span class='ocrx_word' id='word_1_148' title='bbox 1080 1199 1151 1244; x_wconf 85' lang='lat' dir='ltr'>bis,</span> <span class='ocrx_word' id='word_1_149' title='bbox 1183 1212 1214 1236; x_wconf 90' lang='lat' dir='ltr'>c.</span> <span class='ocrx_word' id='word_1_150' title='bbox 1251 1202 1311 1244; x_wconf 88' lang='lat'>17,</span> <span class='ocrx_word' id='word_1_151' title='bbox 1349 1202 1385 1244; x_wconf 86' lang='lat'>6,</span> <span class='ocrx_word' id='word_1_152' title='bbox 1416 1213 1447 1236; x_wconf 94' lang='lat' dir='ltr'>c.</span> <span class='ocrx_word' id='word_1_153' title='bbox 1482 1203 1540 1245; x_wconf 75' lang='grc'>18,</span> <span class='ocrx_word' id='word_1_154' title='bbox 1573 1202 1608 1245; x_wconf 84' lang='grc'>8,</span> 
     </span>
     <span class='ocr_line' id='line_1_16' title="bbox 189 1268 1607 1319; baseline 0.002 -15"><span class='ocrx_word' id='word_1_155' title='bbox 189 1280 221 1306; x_wconf 88' lang='lat' dir='ltr'>e.</span> <span class='ocrx_word' id='word_1_156' title='bbox 254 1269 319 1313; x_wconf 86' lang='grc'><strong>21,</strong></span> <span class='ocrx_word' id='word_1_157' title='bbox 359 1269 401 1304; x_wconf 90' lang='grc'><strong>12</strong></span> <span class='ocrx_word' id='word_1_158' title='bbox 439 1275 476 1305; x_wconf 79' lang='lat' dir='ltr'>et</span> <span class='ocrx_word' id='word_1_159' title='bbox 514 1270 570 1304; x_wconf 85' lang='lat'>13.</span> <span class='ocrx_word' id='word_1_160' title='bbox 635 1268 979 1316; x_wconf 85' lang='lat' dir='ltr'>Transpositorum</span> <span class='ocrx_word' id='word_1_161' title='bbox 1011 1269 1048 1305; x_wconf 90' lang='lat' dir='ltr'>in</span> <span class='ocrx_word' id='word_1_162' title='bbox 1082 1269 1214 1306; x_wconf 85' lang='lat' dir='ltr'>codiee</span> <span class='ocrx_word' id='word_1_163' title='bbox 1244 1270 1450 1307; x_wconf 83' lang='lat' dir='ltr'>verborum</span> <span class='ocrx_word' id='word_1_164' title='bbox 1482 1270 1607 1319; x_wconf 89' lang='lat' dir='ltr'>(quod</span> 
     </span>
     <span class='ocr_line' id='line_1_17' title="bbox 187 1338 1614 1390; baseline 0.003 -16"><span class='ocrx_word' id='word_1_165' title='bbox 187 1350 309 1387; x_wconf 86' lang='lat' dir='ltr'>genus</span> <span class='ocrx_word' id='word_1_166' title='bbox 340 1339 481 1375; x_wconf 82' lang='lat' dir='ltr'>erroris</span> <span class='ocrx_word' id='word_1_167' title='bbox 512 1339 626 1374; x_wconf 85' lang='lat' dir='ltr'>etiam</span> <span class='ocrx_word' id='word_1_168' title='bbox 657 1338 695 1374; x_wconf 89' lang='lat' dir='ltr'>in</span> <span class='ocrx_word' id='word_1_169' title='bbox 729 1338 859 1374; x_wconf 89' lang='lat' dir='ltr'>codiee</span> <span class='ocrx_word' id='word_1_170' title='bbox 889 1340 1089 1375; x_wconf 87' lang='lat' dir='ltr'>Puteaneo</span> <span class='ocrx_word' id='word_1_171' title='bbox 1126 1340 1246 1376; x_wconf 85' lang='lat' dir='ltr'>tertiae</span> <span class='ocrx_word' id='word_1_172' title='bbox 1276 1340 1431 1377; x_wconf 85' lang='lat' dir='ltr'>decadis</span> <span class='ocrx_word' id='word_1_173' title='bbox 1461 1342 1614 1390; x_wconf 80' lang='lat' dir='ltr'>aliquo-</span> 
     </span>
     <span class='ocr_line' id='line_1_18' title="bbox 190 1409 1610 1459; baseline 0.003 -15"><span class='ocrx_word' id='word_1_174' title='bbox 190 1409 261 1445; x_wconf 89' lang='lat' dir='ltr'>ties</span> <span class='ocrx_word' id='word_1_175' title='bbox 299 1409 485 1446; x_wconf 85' lang='lat' dir='ltr'>accidisse</span> <span class='ocrx_word' id='word_1_176' title='bbox 524 1410 673 1445; x_wconf 86' lang='lat' dir='ltr'>ostendi</span> <span class='ocrx_word' id='word_1_177' title='bbox 724 1409 773 1445; x_wconf 80' lang='lat' dir='ltr'>ad</span> <span class='ocrx_word' id='word_1_178' title='bbox 804 1410 954 1454; x_wconf 91' lang='lat' dir='ltr'>XXII,</span> <span class='ocrx_word' id='word_1_179' title='bbox 990 1411 1025 1454; x_wconf 83' lang='lat'>2,</span> <span class='ocrx_word' id='word_1_180' title='bbox 1060 1412 1080 1446; x_wconf 91' lang='grc'>6</span> <span class='ocrx_word' id='word_1_181' title='bbox 1111 1423 1149 1459; x_wconf 90' lang='lat' dir='ltr'>p.</span> <span class='ocrx_word' id='word_1_182' title='bbox 1188 1411 1288 1453; x_wconf 86' lang='grc'><strong>231)</strong></span> <span class='ocrx_word' id='word_1_183' title='bbox 1334 1411 1371 1447; x_wconf 90' lang='lat' dir='ltr'>in</span> <span class='ocrx_word' id='word_1_184' title='bbox 1403 1424 1478 1448; x_wconf 92' lang='lat' dir='ltr'>uno</span> <span class='ocrx_word' id='word_1_185' title='bbox 1512 1412 1610 1448; x_wconf 88' lang='lat' dir='ltr'>libro</span> 
     </span>
     <span class='ocr_line' id='line_1_19' title="bbox 192 1479 1609 1530; baseline 0.004 -16"><span class='ocrx_word' id='word_1_186' title='bbox 192 1479 335 1515; x_wconf 88' lang='lat' dir='ltr'>XLIII</span> <span class='ocrx_word' id='word_1_187' title='bbox 370 1479 451 1527; x_wconf 90' lang='lat' dir='ltr'>(qui</span> <span class='ocrx_word' id='word_1_188' title='bbox 482 1479 659 1515; x_wconf 85' lang='lat' dir='ltr'>dimidius</span> <span class='ocrx_word' id='word_1_189' title='bbox 695 1486 842 1515; x_wconf 79' lang='lat' dir='ltr'>tantum</span> <span class='ocrx_word' id='word_1_190' title='bbox 889 1480 1079 1528; x_wconf 82' lang='lat' dir='ltr'>superest)</span> <span class='ocrx_word' id='word_1_191' title='bbox 1121 1481 1200 1517; x_wconf 83' lang='lat' dir='ltr'>haec</span> <span class='ocrx_word' id='word_1_192' title='bbox 1243 1482 1421 1530; x_wconf 80' lang='lat' dir='ltr'>exempla</span> <span class='ocrx_word' id='word_1_193' title='bbox 1452 1483 1609 1519; x_wconf 87' lang='lat' dir='ltr'>notavi:</span> 
     </span>
     <span class='ocr_line' id='line_1_20' title="bbox 192 1549 1608 1601; baseline 0.004 -17"><span class='ocrx_word' id='word_1_194' title='bbox 192 1561 221 1585; x_wconf 86' lang='lat' dir='ltr'>c.</span> <span class='ocrx_word' id='word_1_195' title='bbox 256 1550 292 1593; x_wconf 79' lang='lat'>3,</span> <span class='ocrx_word' id='word_1_196' title='bbox 326 1552 347 1585; x_wconf 88' lang='lat'>5</span> <span class='ocrx_word' id='word_1_197' title='bbox 382 1549 619 1594; x_wconf 82' lang='lat' dir='ltr'>(Gulussa</span> <span class='ocrx_word' id='word_1_198' title='bbox 651 1550 952 1586; x_wconf 79' lang='lat' dir='ltr'>Massinissae</span> <span class='ocrx_word' id='word_1_199' title='bbox 982 1552 1183 1599; x_wconf 84' lang='lat' dir='ltr'>regulus</span> <span class='ocrx_word' id='word_1_200' title='bbox 1214 1551 1393 1601; x_wconf 81' lang='lat' dir='ltr'>filius),</span> <span class='ocrx_word' id='word_1_201' title='bbox 1429 1565 1461 1588; x_wconf 86' lang='lat' dir='ltr'>c.</span> <span class='ocrx_word' id='word_1_202' title='bbox 1498 1556 1608 1597; x_wconf 76' lang='grc'><strong>4,1()</strong></span> 
     </span>
     <span class='ocr_line' id='line_1_21' title="bbox 193 1620 1612 1672; baseline 0.004 -18"><span class='ocrx_word' id='word_1_203' title='bbox 193 1631 379 1655; x_wconf 84' lang='lat' dir='ltr'>corona</span> <span class='ocrx_word' id='word_1_204' title='bbox 410 1620 526 1669; x_wconf 86' lang='lat' dir='ltr'>sub),</span> <span class='ocrx_word' id='word_1_205' title='bbox 556 1632 587 1656; x_wconf 88' lang='lat' dir='ltr'>e.</span> <span class='ocrx_word' id='word_1_206' title='bbox 621 1623 657 1664; x_wconf 83' lang='lat'>5,</span> <span class='ocrx_word' id='word_1_207' title='bbox 690 1623 710 1656; x_wconf 75' lang='lat'>4</span> <span class='ocrx_word' id='word_1_208' title='bbox 746 1620 1022 1666; x_wconf 83' lang='lat' dir='ltr'>(hostiliter</span> <span class='ocrx_word' id='word_1_209' title='bbox 1051 1621 1260 1669; x_wconf 90' lang='lat' dir='ltr'>itinere),</span> <span class='ocrx_word' id='word_1_210' title='bbox 1289 1635 1319 1658; x_wconf 90' lang='lat' dir='ltr'>c.</span> <span class='ocrx_word' id='word_1_211' title='bbox 1357 1625 1421 1671; x_wconf 85' lang='lat'>10,</span> <span class='ocrx_word' id='word_1_212' title='bbox 1458 1625 1478 1659; x_wconf 90' lang='lat'><strong>3</strong></span> <span class='ocrx_word' id='word_1_213' title='bbox 1512 1622 1612 1672; x_wconf 86' lang='lat' dir='ltr'>(nec</span> 
     </span>
     <span class='ocr_line' id='line_1_22' title="bbox 192 1690 1610 1739; baseline 0.003 -14"><span class='ocrx_word' id='word_1_214' title='bbox 192 1694 282 1734; x_wconf 83' lang='lat' dir='ltr'>ut),</span> <span class='ocrx_word' id='word_1_215' title='bbox 314 1702 345 1725; x_wconf 86' lang='lat' dir='ltr'>e.</span> <span class='ocrx_word' id='word_1_216' title='bbox 388 1693 447 1734; x_wconf 89' lang='lat' dir='ltr'>ll,</span> <span class='ocrx_word' id='word_1_217' title='bbox 480 1692 501 1726; x_wconf 88' lang='lat'><strong>3</strong></span> <span class='ocrx_word' id='word_1_218' title='bbox 535 1691 750 1738; x_wconf 87' lang='lat' dir='ltr'>(quoque</span> <span class='ocrx_word' id='word_1_219' title='bbox 780 1690 986 1739; x_wconf 87' lang='lat' dir='ltr'>primo),</span> <span class='ocrx_word' id='word_1_220' title='bbox 1017 1704 1049 1726; x_wconf 90' lang='lat' dir='ltr'>c.</span> <span class='ocrx_word' id='word_1_221' title='bbox 1083 1692 1146 1736; x_wconf 75' lang='lat'>23,</span> <span class='ocrx_word' id='word_1_222' title='bbox 1179 1693 1200 1727; x_wconf 87' lang='grc'><strong>3</strong></span> <span class='ocrx_word' id='word_1_223' title='bbox 1233 1692 1387 1739; x_wconf 89' lang='lat' dir='ltr'>(quem</span> <span class='ocrx_word' id='word_1_224' title='bbox 1418 1693 1461 1729; x_wconf 88' lang='lat' dir='ltr'>in</span> <span class='ocrx_word' id='word_1_225' title='bbox 1491 1705 1610 1729; x_wconf 85' lang='lat' dir='ltr'>cam-</span> 
     </span>
     <span class='ocr_line' id='line_1_23' title="bbox 191 1760 1610 1810; baseline 0.003 -15"><span class='ocrx_word' id='word_1_226' title='bbox 191 1772 249 1807; x_wconf 91' lang='lat' dir='ltr'>po</span> <span class='ocrx_word' id='word_1_227' title='bbox 284 1760 541 1809; x_wconf 80' lang='lat' dir='ltr'>Meleona);</span> <span class='ocrx_word' id='word_1_228' title='bbox 582 1760 659 1797; x_wconf 86' lang='lat' dir='ltr'>alia</span> <span class='ocrx_word' id='word_1_229' title='bbox 696 1761 870 1808; x_wconf 77' lang='lat' dir='ltr'>quaedam</span> <span class='ocrx_word' id='word_1_230' title='bbox 910 1761 1055 1797; x_wconf 87' lang='lat' dir='ltr'>notabo</span> <span class='ocrx_word' id='word_1_231' title='bbox 1087 1761 1135 1796; x_wconf 84' lang='lat' dir='ltr'>ad</span> <span class='ocrx_word' id='word_1_232' title='bbox 1166 1762 1307 1807; x_wconf 82' lang='lat' dir='ltr'>XLV,</span> <span class='ocrx_word' id='word_1_233' title='bbox 1341 1763 1386 1807; x_wconf 83' lang='lat'>3,</span> <span class='ocrx_word' id='word_1_234' title='bbox 1420 1765 1441 1800; x_wconf 88' lang='lat'>6</span> <span class='ocrx_word' id='word_1_235' title='bbox 1479 1765 1531 1810; x_wconf 84' lang='lat' dir='ltr'>(et</span> <span class='ocrx_word' id='word_1_236' title='bbox 1562 1764 1610 1800; x_wconf 84' lang='lat' dir='ltr'>ad</span> 
     </span>
     <span class='ocr_line' id='line_1_24' title="bbox 194 1830 1611 1881; baseline 0.004 -16"><span class='ocrx_word' id='word_1_237' title='bbox 194 1830 305 1874; x_wconf 88' lang='lat' dir='ltr'>XLI,</span> <span class='ocrx_word' id='word_1_238' title='bbox 326 1831 386 1874; x_wconf 89' lang='grc'><strong>12,</strong></span> <span class='ocrx_word' id='word_1_239' title='bbox 404 1831 425 1866; x_wconf 88' lang='grc'>9</span> <span class='ocrx_word' id='word_1_240' title='bbox 442 1830 489 1866; x_wconf 90' lang='lat' dir='ltr'>de</span> <span class='ocrx_word' id='word_1_241' title='bbox 512 1844 601 1878; x_wconf 89' lang='lat' dir='ltr'>que</span> <span class='ocrx_word' id='word_1_242' title='bbox 632 1831 849 1879; x_wconf 83' lang='lat' dir='ltr'>particula).</span> <span class='ocrx_word' id='word_1_243' title='bbox 895 1830 991 1879; x_wconf 80' lang='lat' dir='ltr'>Cap.</span> <span class='ocrx_word' id='word_1_244' title='bbox 1012 1832 1033 1867; x_wconf 89' lang='lat'>2</span> <span class='ocrx_word' id='word_1_245' title='bbox 1053 1831 1221 1868; x_wconf 87' lang='lat' dir='ltr'>eiusdem</span> <span class='ocrx_word' id='word_1_246' title='bbox 1251 1832 1337 1868; x_wconf 84' lang='lat' dir='ltr'>libri</span> <span class='ocrx_word' id='word_1_247' title='bbox 1356 1833 1546 1881; x_wconf 75' lang='lat' dir='ltr'>(XLIII),</span> <span class='ocrx_word' id='word_1_248' title='bbox 1566 1835 1611 1870; x_wconf 85' lang='lat'>12</span> 
     </span>
     <span class='ocr_line' id='line_1_25' title="bbox 194 1900 1611 1950; baseline 0.001 -14"><span class='ocrx_word' id='word_1_249' title='bbox 194 1912 311 1947; x_wconf 89' lang='lat' dir='ltr'>quum</span> <span class='ocrx_word' id='word_1_250' title='bbox 329 1900 508 1937; x_wconf 85' lang='lat' dir='ltr'>librarius</span> <span class='ocrx_word' id='word_1_251' title='bbox 533 1913 648 1937; x_wconf 84' lang='lat' dir='ltr'>unam</span> <span class='ocrx_word' id='word_1_252' title='bbox 668 1913 802 1937; x_wconf 85' lang='lat' dir='ltr'>vocem</span> <span class='ocrx_word' id='word_1_253' title='bbox 835 1900 1152 1949; x_wconf 79' lang='lat' dir='ltr'>(consult-um)</span> <span class='ocrx_word' id='word_1_254' title='bbox 1167 1914 1237 1950; x_wconf 91' lang='lat' dir='ltr'>pro</span> <span class='ocrx_word' id='word_1_255' title='bbox 1269 1902 1418 1938; x_wconf 86' lang='lat' dir='ltr'>duabus</span> <span class='ocrx_word' id='word_1_256' title='bbox 1442 1902 1611 1950; x_wconf 84' lang='lat' dir='ltr'>accepis-</span> 
     </span>
     <span class='ocr_line' id='line_1_26' title="bbox 192 1971 1614 2020; baseline 0.001 -14"><span class='ocrx_word' id='word_1_257' title='bbox 192 1977 262 2015; x_wconf 81' lang='lat' dir='ltr'>set,</span> <span class='ocrx_word' id='word_1_258' title='bbox 293 1971 429 2007; x_wconf 84' lang='lat' dir='ltr'>mediae</span> <span class='ocrx_word' id='word_1_259' title='bbox 458 1971 688 2020; x_wconf 81' lang='lat' dir='ltr'>interposuit</span> <span class='ocrx_word' id='word_1_260' title='bbox 718 1984 815 2015; x_wconf 77' lang='lat' dir='ltr'>eam,</span> <span class='ocrx_word' id='word_1_261' title='bbox 848 1984 932 2019; x_wconf 81' lang='lat' dir='ltr'>quae</span> <span class='ocrx_word' id='word_1_262' title='bbox 961 1972 1179 2020; x_wconf 82' lang='lat' dir='ltr'>praecedere</span> <span class='ocrx_word' id='word_1_263' title='bbox 1210 1972 1376 2007; x_wconf 79' lang='lat' dir='ltr'>debebat</span> <span class='ocrx_word' id='word_1_264' title='bbox 1407 1972 1614 2018; x_wconf 87' lang='lat' dir='ltr'>(consul-</span> 
     </span>
    </p>
   </div>
   <div class='ocr_carea' id='block_1_3' title="bbox 284 2210 1613 2493">
    <p class='ocr_par' dir='ltr' id='par_1_3' title="bbox 284 2210 1613 2493">
     <span class='ocr_line' id='line_1_27' title="bbox 285 2210 1611 2252; baseline 0.001 -11"><span class='ocrx_word' id='word_1_265' title='bbox 285 2221 313 2241; x_wconf 76' lang='lat' dir='ltr'>e.</span> <span class='ocrx_word' id='word_1_266' title='bbox 342 2215 398 2251; x_wconf 87' lang='lat'>21,</span> <span class='ocrx_word' id='word_1_267' title='bbox 426 2214 481 2247; x_wconf 86' lang='lat'>22,</span> <span class='ocrx_word' id='word_1_268' title='bbox 504 2213 557 2249; x_wconf 86' lang='grc'><strong>27,</strong></span> <span class='ocrx_word' id='word_1_269' title='bbox 590 2211 660 2251; x_wconf 82' lang='grc'><strong>28),</strong></span> <span class='ocrx_word' id='word_1_270' title='bbox 687 2221 745 2251; x_wconf 82' lang='lat' dir='ltr'>per</span> <span class='ocrx_word' id='word_1_271' title='bbox 771 2210 903 2249; x_wconf 82' lang='lat' dir='ltr'>aliquot</span> <span class='ocrx_word' id='word_1_272' title='bbox 930 2219 1046 2240; x_wconf 75' lang='lat' dir='ltr'>versus</span> <span class='ocrx_word' id='word_1_273' title='bbox 1073 2210 1191 2240; x_wconf 83' lang='lat' dir='ltr'>charta</span> <span class='ocrx_word' id='word_1_274' title='bbox 1219 2220 1356 2241; x_wconf 86' lang='lat' dir='ltr'>corrosa</span> <span class='ocrx_word' id='word_1_275' title='bbox 1388 2216 1420 2242; x_wconf 81' lang='lat' dir='ltr'>et</span> <span class='ocrx_word' id='word_1_276' title='bbox 1454 2218 1611 2252; x_wconf 82' lang='lat' dir='ltr'>corrupta</span> 
     </span>
     <span class='ocr_line' id='line_1_28' title="bbox 284 2271 1610 2313; baseline 0 -10"><span class='ocrx_word' id='word_1_277' title='bbox 284 2273 427 2313; x_wconf 82' lang='lat' dir='ltr'>syllabae</span> <span class='ocrx_word' id='word_1_278' title='bbox 462 2278 641 2313; x_wconf 80' lang='lat' dir='ltr'>partesque</span> <span class='ocrx_word' id='word_1_279' title='bbox 680 2273 858 2302; x_wconf 78' lang='lat' dir='ltr'>verborum</span> <span class='ocrx_word' id='word_1_280' title='bbox 894 2271 962 2311; x_wconf 81' lang='lat' dir='ltr'>legi</span> <span class='ocrx_word' id='word_1_281' title='bbox 1002 2281 1068 2302; x_wconf 90' lang='lat' dir='ltr'>non</span> <span class='ocrx_word' id='word_1_282' title='bbox 1094 2277 1288 2311; x_wconf 83' lang='lat' dir='ltr'>potuerunt.</span> <span class='ocrx_word' id='word_1_283' title='bbox 1341 2272 1418 2304; x_wconf 89' lang='lat' dir='ltr'>Uno</span> <span class='ocrx_word' id='word_1_284' title='bbox 1446 2277 1478 2303; x_wconf 83' lang='lat' dir='ltr'>et</span> <span class='ocrx_word' id='word_1_285' title='bbox 1503 2273 1610 2303; x_wconf 81' lang='lat' dir='ltr'>altero</span> 
     </span>
     <span class='ocr_line' id='line_1_29' title="bbox 285 2333 1611 2374; baseline 0 -10"><span class='ocrx_word' id='word_1_286' title='bbox 285 2334 361 2364; x_wconf 86' lang='lat' dir='ltr'>loco</span> <span class='ocrx_word' id='word_1_287' title='bbox 388 2334 533 2374; x_wconf 82' lang='lat' dir='ltr'>spatium</span> <span class='ocrx_word' id='word_1_288' title='bbox 555 2344 696 2365; x_wconf 84' lang='lat' dir='ltr'>vacuum</span> <span class='ocrx_word' id='word_1_289' title='bbox 724 2333 935 2374; x_wconf 80' lang='lat' dir='ltr'>relinquitur,</span> <span class='ocrx_word' id='word_1_290' title='bbox 963 2340 1000 2364; x_wconf 85' lang='lat' dir='ltr'>ut</span> <span class='ocrx_word' id='word_1_291' title='bbox 1024 2333 1106 2364; x_wconf 88' lang='lat' dir='ltr'>XLI</span> <span class='ocrx_word' id='word_1_292' title='bbox 1138 2338 1216 2363; x_wconf 84' lang='lat' dir='ltr'>ante</span> <span class='ocrx_word' id='word_1_293' title='bbox 1241 2343 1269 2364; x_wconf 88' lang='lat' dir='ltr'>c.</span> <span class='ocrx_word' id='word_1_294' title='bbox 1302 2337 1341 2364; x_wconf 88' lang='lat'>10</span> <span class='ocrx_word' id='word_1_295' title='bbox 1369 2334 1525 2364; x_wconf 81' lang='lat' dir='ltr'>tredecim</span> <span class='ocrx_word' id='word_1_296' title='bbox 1552 2339 1611 2364; x_wconf 78' lang='lat' dir='ltr'>aut</span> 
     </span>
     <span class='ocr_line' id='line_1_30' title="bbox 286 2395 1613 2435; baseline 0 -10"><span class='ocrx_word' id='word_1_297' title='bbox 286 2396 555 2434; x_wconf 79' lang='lat' dir='ltr'>quattuordecim</span> <span class='ocrx_word' id='word_1_298' title='bbox 583 2396 782 2432; x_wconf 81' lang='lat' dir='ltr'>litterarum,</span> <span class='ocrx_word' id='word_1_299' title='bbox 809 2395 927 2426; x_wconf 88' lang='lat' dir='ltr'>eodem</span> <span class='ocrx_word' id='word_1_300' title='bbox 956 2396 1065 2435; x_wconf 83' lang='lat' dir='ltr'>capite</span> <span class='ocrx_word' id='word_1_301' title='bbox 1099 2396 1118 2434; x_wconf 64' lang='grc' dir='ltr'>ξ</span> <span class='ocrx_word' id='word_1_302' title='bbox 1148 2398 1169 2424; x_wconf 79' lang='lat'>4</span> <span class='ocrx_word' id='word_1_303' title='bbox 1196 2400 1273 2435; x_wconf 86' lang='lat' dir='ltr'>post</span> <span class='ocrx_word' id='word_1_304' title='bbox 1299 2396 1514 2426; x_wconf 79' lang='lat' dir='ltr'>miserunt</span> <span class='ocrx_word' id='word_1_305' title='bbox 1541 2396 1613 2426; x_wconf 81' lang='lat' dir='ltr'>fere</span> 
     </span>
     <span class='ocr_line' id='line_1_31' title="bbox 285 2456 901 2493; baseline -0.002 -6"><span class='ocrx_word' id='word_1_306' title='bbox 285 2467 344 2487; x_wconf 88' lang='lat' dir='ltr'>sex</span> <span class='ocrx_word' id='word_1_307' title='bbox 376 2457 576 2493; x_wconf 86' lang='lat' dir='ltr'>litterarum,</span> <span class='ocrx_word' id='word_1_308' title='bbox 603 2457 659 2487; x_wconf 89' lang='lat' dir='ltr'>ubi</span> <span class='ocrx_word' id='word_1_309' title='bbox 686 2456 771 2487; x_wconf 85' lang='lat' dir='ltr'>nihil</span> <span class='ocrx_word' id='word_1_310' title='bbox 797 2457 901 2490; x_wconf 71' lang='lat' dir='ltr'>deest,</span> 
     </span>
    </p>
   </div>
   <div class='ocr_carea' id='block_1_4' title="bbox 217 2529 1540 2574">
    <p class='ocr_par' dir='ltr' id='par_1_4' title="bbox 217 2529 1540 2574">
     <span class='ocr_line' id='line_1_32' title="bbox 217 2529 1540 2574; baseline -0.002 -10"><span class='ocrx_word' id='word_1_311' title='bbox 217 2529 250 2572; x_wconf 87' lang='lat'>¹)</span> <span class='ocrx_word' id='word_1_312' title='bbox 286 2534 305 2571; x_wconf 69' lang='grc' dir='ltr'>ἓ</span> <span class='ocrx_word' id='word_1_313' title='bbox 334 2537 352 2564; x_wconf 86' lang='grc'><strong>6</strong></span> <span class='ocrx_word' id='word_1_314' title='bbox 379 2540 413 2564; x_wconf 86' lang='lat' dir='ltr'>et</span> <span class='ocrx_word' id='word_1_315' title='bbox 437 2537 455 2564; x_wconf 82' lang='grc'>8</span> <span class='ocrx_word' id='word_1_316' title='bbox 493 2543 563 2564; x_wconf 89' lang='lat' dir='ltr'>non</span> <span class='ocrx_word' id='word_1_317' title='bbox 589 2533 700 2564; x_wconf 82' lang='lat' dir='ltr'>codex</span> <span class='ocrx_word' id='word_1_318' title='bbox 725 2534 913 2566; x_wconf 83' lang='lat' dir='ltr'>omittendo</span> <span class='ocrx_word' id='word_1_319' title='bbox 938 2540 1068 2574; x_wconf 83' lang='lat' dir='ltr'>peccat,</span> <span class='ocrx_word' id='word_1_320' title='bbox 1096 2534 1155 2564; x_wconf 88' lang='lat' dir='ltr'>sed</span> <span class='ocrx_word' id='word_1_321' title='bbox 1183 2533 1345 2564; x_wconf 86' lang='lat' dir='ltr'>Gelenius</span> <span class='ocrx_word' id='word_1_322' title='bbox 1372 2533 1540 2563; x_wconf 83' lang='lat' dir='ltr'>addendo.</span> 
     </span>
    </p>
   </div>
   <div class='ocr_carea' id='block_1_5' title="bbox 216 2614 1608 2711">
    <p class='ocr_par' dir='ltr' id='par_1_5' title="bbox 216 2614 1608 2711">
     <span class='ocr_line' id='line_1_33' title="bbox 216 2614 1608 2658; baseline -0.001 -11"><span class='ocrx_word' id='word_1_323' title='bbox 216 2614 246 2656; x_wconf 73' lang='lat'>⁴²)</span> <span class='ocrx_word' id='word_1_324' title='bbox 282 2616 338 2648; x_wconf 85' lang='lat' dir='ltr'>Ex</span> <span class='ocrx_word' id='word_1_325' title='bbox 375 2619 426 2650; x_wconf 84' lang='lat' dir='ltr'>his</span> <span class='ocrx_word' id='word_1_326' title='bbox 473 2620 557 2651; x_wconf 81' lang='lat' dir='ltr'>locis</span> <span class='ocrx_word' id='word_1_327' title='bbox 599 2619 776 2650; x_wconf 78' lang='lat' dir='ltr'>Bekkerus</span> <span class='ocrx_word' id='word_1_328' title='bbox 821 2629 881 2651; x_wconf 87' lang='lat' dir='ltr'>sex</span> <span class='ocrx_word' id='word_1_329' title='bbox 930 2620 1156 2656; x_wconf 84' lang='lat' dir='ltr'>indicaverat,</span> <span class='ocrx_word' id='word_1_330' title='bbox 1183 2617 1402 2658; x_wconf 84' lang='lat' dir='ltr'>Kreyssigius</span> <span class='ocrx_word' id='word_1_331' title='bbox 1435 2617 1522 2647; x_wconf 87' lang='lat' dir='ltr'>duos</span> <span class='ocrx_word' id='word_1_332' title='bbox 1549 2617 1608 2646; x_wconf 77' lang='lat' dir='ltr'>ad·</span> 
     </span>
     <span class='ocr_line' id='line_1_34' title="bbox 283 2680 379 2711; baseline 0 0"><span class='ocrx_word' id='word_1_333' title='bbox 283 2680 379 2711; x_wconf 87' lang='lat' dir='ltr'>didit.</span> 
     </span>
    </p>
   </div>
  </div>
 </body>
</html>
