1811 2925
854 135 927 169 471
1427 133 1498 163 Lib.
1532 133 1604 164 XL.

221 284 231 293 .
269 255 387 303 plus.
503 255 578 292 Sed
609 255 766 303 gravius
800 254 935 290 vitiata
970 261 1068 295 sunt,
1101 267 1185 302 quae
1218 254 1318 291 infra
1354 258 1371 299 ς’
1409 257 1448 292 ll
1487 262 1523 292 et
1562 258 1603 292 12

187 326 365 374 leguntur
397 325 443 361 de
473 324 674 362 Celtiberis
705 339 728 361 a
761 326 806 372 Q.
837 325 979 361 Flacco
1007 325 1137 361 vietis:
1192 326 1367 362 Decem
1420 331 1463 361 et.
1493 338 1606 374 sep-

186 402 274 432 tem
307 395 443 431 milia
473 395 679 432 hostium
712 408 834 432 caesa
864 408 920 432 eo
951 395 1026 431 die
1056 396 1338 440 traduntur,
1369 396 1476 432 vivi
1502 409 1605 446 eap-

186 465 219 501 ti
249 465 355 514 plus
387 473 626 513 quattuor
665 467 816 507 milia,
866 466 1090 504 ducentis
1133 466 1460 514 septuaginta
1496 480 1605 516 sep—

185 543 274 572 tem
307 548 406 572 cum
438 536 596 585 signis
628 537 952 581 militaribus,
991 537 1127 585 equis
1157 549 1314 585 prope
1346 537 1475 573 mille
1507 550 1605 574 cen-

185 615 294 642 tum.
370 607 531 643 Nullis
578 608 756 643 eastris
803 620 857 644 eo
892 608 967 644 die
997 608 1162 644 victor
1193 607 1441 644 exereitus
1473 621 1605 644 inan-

184 677 256 714 sit-.
328 677 556 713 Victoria
601 691 690 714 non
736 679 837 715 sine
868 678 1058 715 iactura
1096 679 1298 715 militum
1332 678 1443 725 fuit3
1484 693 1605 728 qua—

184 747 435 796 dringenti
479 777 513 785 ..
533 777 540 786 .
582 749 850 797 perierunt.
911 749 1038 786 Nullis
1070 750 1206 786 castris
1238 762 1394 786 manere
1424 750 1605 787 Draken-

184 819 362 854 borchius
394 819 544 855 videtur
589 820 642 856 sic
673 820 865 868 accipere,
906 827 945 856 ut
976 821 1044 864 sit,
1088 819 1224 855 castris
1266 831 1340 855 non
1372 820 1506 868 positis
1536 833 1605 858 nec

185 889 338 925 munitis
368 898 612 938 pernoctare:
643 903 732 926 nain
764 891 963 926 Romanos
996 903 1121 938 neque
1155 890 1193 926 in
1229 903 1300 926 sua
1322 898 1450 927 castra
1480 892 1605 928 redire

183 960 353 1008 potuisse
397 973 521 1008 neque
559 960 595 995 in
636 960 802 996 hostium
850 974 1028 1005 manere‚
1074 961 1164 1009 quia
1206 961 1243 997 hi
1281 967 1429 997 tantum
1461 957 1605 998 ”variis

182 1031 297 1066 locis''
345 1031 484 1067 saltum
524 1031 762 1066 Manlianum
809 1031 1028 1067 insederint.
1096 1032 1184 1067 Hoc
1225 1032 1378 1080 quidem
1425 1032 1481 1076 (in
1527 1044 1603 1080 qno

181 1101 291 1138 varia
323 1101 389 1137 illa
418 1101 503 1137 loca
536 1100 637 1136 Livii
666 1101 879 1137 narrationi
919 1102 1000 1150 ipse
1031 1102 1151 1148 addit)
1193 1102 1306 1150 quale
1336 1102 1405 1146 sit,
1437 1115 1514 1138 non
1547 1102 1604 1138 in-

181 1171 334 1220 tellig03
366 1172 431 1208 sed
464 1171 555 1219 quid
587 1177 695 1216 erat,
727 1183 795 1207 cur
824 1184 899 1207 non
930 1172 1109 1217 Romani,
1140 1172 1315 1209 hostibus
1345 1172 1468 1214 victis,
1500 1186 1603 1209 nova

182 1243 253 1291 ipsi
284 1250 412 1278 castra
443 1241 642 1277 facerent?
675 1241 766 1278 Sine
797 1243 932 1278 castris
967 1243 1121 1291 quidem
1155 1250 1290 1292 aperto
1322 1256 1461 1292 campo
1494 1256 1603 1280 exer-

183 1314 279 1350 citus
298 1315 498 1350 Romanus
529 1313 653 1348 victor
682 1312 749 1348 vix
780 1325 950 1360 unquam
981 1322 1130 1349 noctem
1162 1314 1250 1362 egit,
1282 1326 1406 1362 neque
1438 1314 1517 1350 eius
1548 1315 1603 1350 rei

181 1385 322 1420 mentio
354 1386 426 1420 hoc
466 1383 551 1419 loco
586 1383 683 1419 inter
727 1384 894 1420 hostiurn
926 1396 1111 1420 caesorum
1143 1392 1421 1433 captorumque
1453 1392 1490 1420 et
1521 1386 1602 1422 Ro-

178 1467 379 1491 manorum
410 1453 695 1490 interfectorum
727 1467 926 1490 numerum
958 1454 1149 1502 interponi
1179 1462 1281 1491 recte
1312 1461 1476 1503 poterat..
1537 1456 1602 1504 Ip-

176 1538 260 1561 sum
292 1531 419 1561 autem
451 1525 542 1560 illud
572 1524 720 1560 nullis
752 1524 789 1560 in
823 1524 945 1561 altera
975 1525 1127 1560 demum
1159 1525 1326 1562 editione
1356 1527 1603 1563 Frobeniana

175 1604 306 1633 natum
338 1602 415 1640 est3
447 1595 665 1643 Mognntini
696 1595 895 1631 ediderant
924 1595 969 1631 in
1001 1595 1125 1640 illis,
1158 1596 1262 1644 quod
1292 1609 1505 1645 pronomen
1521 1610 1602 1633 om-

176 1667 279 1710 nino,
321 1679 397 1714 quo
429 1665 639 1709 reseratur,
683 1667 917 1702 nonhabet.
995 1668 1173 1714 Apparet
1217 1666 1393 1712 Livium,
1434 1668 1601 1704 hostium

176 1749 361 1774 caesornrn
394 1743 671 1784 captorumque
702 1749 860 1772 numero
892 1737 1019 1785 posito
1051 1749 1135 1773 cum
1171 1737 1279 1785 equis
1319 1746 1353 1773 et
1385 1738 1503 1787 signis
1534 1739 1601 1774 nii-

176 1808 363 1851 litaribus,
395 1806 599 1843 addidisse.
631 1807 828 1842 Romanos
859 1807 923 1843 illo
955 1807 1016 1843 die
1046 1808 1214 1843 hostium
1237 1808 1373 1844 castris
1405 1809 1602 1853 mansisse,

175 1879 247 1915 hoe
279 1885 359 1916 est,
388 1890 433 1913 ea
470 1877 615 1925 cepisse
642 1884 677 1913 et
708 1877 762 1912 sie
793 1890 864 1914 sua
895 1885 1023 1914 eastra
1054 1878 1247 1914 muniendi
1279 1879 1413 1915 labore
1451 1879 1601 1915 levatos

176 1961 281 1996 esse;
312 1960 471 1996 prorsus
502 1948 599 1983 enim
633 1948 793 1984 eundem
824 1948 950 1985 locum
998 1950 1036 1985 in
1067 1949 1300 1985 narrat-ionis
1343 1949 1475 1985 ordine
1522 1951 1601 1988 haec

176 2019 296 2055 verba
326 2019 524 2063 obtinent,
571 2031 708 2066 quem,
758 2025 797 2055 nt
827 2021 900 2056 hoe
937 2020 1114 2068 exemplo
1146 2026 1255 2062 utar,
1306 2020 1385 2056 haec
1425 2020 1463 2056 in
1502 2021 1600 2058 libro

176 2089 387 2133 XXXIX,
420 2091 496 2133 21,
529 2091 572 2125 9:
617 2090 689 2126 Ad
720 2090 820 2126 XII
858 2089 998 2126 milia
1027 2090 1273 2128 hominum
1305 2103 1448 2136 caesa,
1494 2091 1600 2140 plns

175 2159 265 2195 duo
311 2165 456 2207 capta
494 2166 536 2195 et
576 2160 754 2196 castris
786 2161 1029 2196 Romanus
1071 2161 1273 2209 potitus.
1339 2163 1478 2210 Itaque
1508 2163 1601 2199 latet-

174 2229 331 2277 aliquid,
363 2242 438 2277 quo
469 2230 634 2266 hostium
677 2237 804 2266 castra
834 2231 1104 2278 significentur.
1178 2232 1275 2269 Mihi
1314 2233 1466 2281 quidem
1498 2246 1599 2282 pro-.

175 2300 302 2337 babile
332 2300 502 2341 videtur,
536 2301 685 2336 Livium
729 2301 946 2348 scripsisse:
1003 2331 1040 2340 ..
1094 2303 1230 2351 equis
1276 2317 1432 2353 prope
1464 2306 1599 2342 mille

174 2371 499 2411 Celtibericis
531 2371 711 2406 eastris
743 2384 794 2407 eo
826 2371 903 2407 die
934 2371 1094 2408 victor
1126 2374 1378 2410 exercitus
1410 2375 1598 2410 mansit.

175 2441 381 2478 Adiectivo
425 2441 497 2477 hoc
544 2439 912 2490 (Celtibericus)
948 2443 1080 2479 Livius
1125 2456 1217 2480 usus
1262 2452 1319 2481 est
1349 2445 1501 2489 XXII,
1534 2446 1598 2489 22,

175 2512 322 2555 XLII,
355 2513 389 2548 3.
460 2512 603 2561 Aptius
634 2512 772 2548 dicitur
801 2525 954 2561 prope
986 2514 1118 2550 mille
1150 2527 1291 2563 quam„
1322 2527 1481 2552 numero
1514 2516 1598 2552 dili-

174 2582 324 2630 gentius
355 2589 590 2631 computatO,
619 2595 772 2632 prope
803 2583 933 2620 mille
964 2591 1165 2625 centum.
1225 2585 1302 2623 Sed
1329 2586 1425 2622 alius
1468 2587 1598 2622 subest

175 2659 361 2700 praeterea
391 2665 507 2689 error.
598 2652 864 2690 Certissimum
897 2654 994 2691 enim
1028 2663 1107 2700 est,
1140 2656 1292 2692 Livium
1327 2669 1403 2692 non
1434 2657 1506 2693 hoe
1536 2670 1597 2692 or-
