1811 2925
799 168 871 203 241
1278 165 1352 197 Lib.
1379 165 1494 197 xxn.

133 290 328 334 militibus„
360 289 546 327 Romanis
577 289 765 334 dicuntur,
795 296 834 325 ut
866 295 970 325 totus
1005 289 1099 324 ordo
1132 295 1169 325 et
1198 300 1318 337 genus
1341 289 1452 326 unius
1474 291 1543 327 ho-

134 361 245 398 minis
277 361 404 410 specie
434 360 563 396 animo
595 360 852 408 concipiatur.
897 359 1000 408 quod
1039 366 1161 396 totum
1193 360 1339 397 tollitur
1369 367 1406 397 et
1435 374 1543 398 ever-

134 431 225 468 titur
265 431 394 468 addito
439 431 558 467 verbo
588 431 737 480 plurali.
798 431 980 477 (Prorsus
1010 430 1243 466 contrarium
1274 431 1346 467 hoc
1381 438 1437 467 est
1466 431 1543 468 col-

134 502 358 540 lectivorum
387 501 485 545 usui,
521 514 597 549 quo
635 515 704 550 pro
737 514 812 538 una
856 501 1096 537 multitudine
1138 501 1389 539 subiiciuntur
1416 503 1544 552 plures

136 573 325 614 homines:
370 573 440 609 etsi
482 573 518 609 in
564 585 609 609 eo
652 585 804 621 quoque
834 572 1061 621 gravissime
1090 572 1280 609 interdum
1313 581 1474 618 erratur„
1504 580 1546 610 ut

137 643 350 693 significavi
381 644 431 680 ad
460 644 534 685 IV,
568 645 616 680 58
647 656 684 692 p.
722 642 824 691 108.)

248 714 344 763 Cap.
376 715 440 755 20,
477 717 490 751 1
529 727 605 751 non
635 721 729 764 puto
761 714 912 750 Livium
945 714 984 750 in
1014 721 1148 762 aperta
1183 714 1462 763 significatione
1491 716 1546 752 rei

136 785 287 834 longius
322 786 487 834 spatium
519 785 724 822 obtinentis
754 785 913 821 dixisse:
945 784 1094 821 aciem
1125 791 1231 822 toto
1261 792 1545 834 praetentam

138 856 181 892 in
214 856 380 897 litore,
422 857 494 893 hoc
524 855 733 905 praesertim
764 857 969 892 verborum
1001 855 1157 899 ordine,
1188 856 1255 892 sed
1292 863 1395 893 toto
1425 869 1546 906 prae-

139 935 324 964 tentam
353 927 512 964 litore.
543 927 930 976 praepositionemque
961 934 1086 964 ortam
1118 939 1201 963 esse
1229 940 1276 964 ex
1307 928 1433 965 littera
1461 925 1547 977 m.¹)

250 997 378 1047 *Cap
412 999 485 1040 22,
518 1000 564 1035 13
613 997 695 1044 (ubi
725 997 882 1034 Abelux
913 998 1068 1034 Bostari
1099 998 1260 1043 suadet,
1292 1006 1333 1035 ut
1361 999 1547 1048 Hispanis

141 1069 292 1106 obsides
322 1069 491 1116 reddat):
538 1068 592 1105 Id
636 1074 681 1104 et
721 1068 957 1117 privatim
991 1070 1310 1118 parentibus,
1349 1082 1547 1118 quorum

140 1139 395 1177 maximum
427 1151 594 1175 nomen
624 1139 668 1174 in
699 1139 990 1176 civitatibus
1021 1147 1093 1176 est
1124 1141 1243 1184 suis,
1282 1146 1326 1176 et
1354 1140 1548 1189 publice

140 1211 335 1261 populis
365 1217 550 1260 gratum
582 1210 686 1248 erit.
744 1210 791 1246 In
827 1209 1023 1247 obsidibus
1056 1211 1249 1260 capiendis
1278 1225 1356 1248 non
1384 1211 1548 1248 nominis

141 1282 247 1319 fama
275 1289 481 1331 spectatur,
511 1289 552 1318 ut
583 1294 714 1318 eorum
745 1288 894 1318 tantum
924 1281 1034 1318 liberi
1065 1283 1307 1332 deligantur,
1340 1283 1405 1331 qui
1436 1282 1549 1319 factis

141 1360 178 1390 et
215 1354 329 1390 rebus
359 1353 475 1402 gestis
516 1352 681 1388 illustres
723 1352 817 1395 sint,
854 1352 920 1388 sed
962 1365 1094 1390 eorum
1125 1354 1326 1403 capiuntur
1355 1355 1443 1400 fflii,
1485 1354 1550 1402 qui

142 1424 360 1468 natalibus‚
397 1424 561 1467 divitiis,
601 1423 894 1472 cognationibus
934 1424 1094 1460 multum
1124 1424 1223 1461 inter
1255 1437 1345 1462 suos
1374 1432 1548 1475 possunt.

142 1494 188 1531 In
204 1494 382 1531 barbaris
401 1494 553 1542 quidem
568 1494 744 1543 gentibus
763 1494 877 1530 etiam
896 1495 1062 1544 ineptior
1079 1505 1135 1532 est
1157 1496 1237 1532 haec
1258 1497 1421 1533 nominis
1443 1509 1550 1545 mag-

144 1566 182 1602 ni
215 1565 369 1602 mentio.
449 1565 606 1602 Abelux
635 1565 792 1601 Bostari
819 1573 1022 1614 parentum
1057 1567 1209 1604 illorum
1239 1568 1277 1604 in
1311 1568 1389 1604 suis
1420 1568 1552 1605 civita-

144 1637 245 1673 tibus
274 1637 375 1672 vires
406 1642 443 1672 et
473 1636 738 1672 auctoritatem
771 1639 1024 1686 proponebat,
1056 1651 1126 1686 pro
1170 1637 1552 1687 Carthaginiensibus

145 1713 331 1743 staturam
363 1707 436 1744 hoc
466 1714 624 1756 accepto
656 1707 831 1744 obsidum
871 1709 1118 1745 remissorum
1150 1709 1347 1746 beneficio.
1415 1711 1554 1758 Itaque

146 1790 222 1813 non
253 1789 416 1821 nomen,
445 1777 511 1814 sed
556 1785 850 1814 momentum
881 1778 1092 1827 agebatur,
1124 1778 1240 1827 idque
1269 1781 1500 1818 vocabulum
1532 1794 1555 1818 a

147 1846 259 1884 Livio
289 1847 455 1896 positum
486 1847 603 1884 fuisse
631 1860 753 1897 prope
783 1856 927 1885 eertum
959 1844 1075 1894 est.‘2)

173 2022 204 2065 ¹)
243 2026 372 2057 Eodem
400 2026 509 2067 eapite
535 2026 597 2066 ξ’ἵ,
625 2027 682 2058 ubi
710 2027 741 2057 in
765 2027 939 2059 codicibus
960 2026 1003 2068 (P
1022 2028 1208 2067 ceterisque
1228 2028 1343 2069 bonis)
1373 2035 1441 2060 est:
1467 2040 1555 2071 per-

241 2089 382 2120 iectas
429 2098 528 2119 oras
564 2088 655 2128 (sed
686 2089 724 2119 in
760 2088 954 2120 Ebusum
988 2089 1178 2120 insulan]
1213 2090 1555 2133 transmissum),

241 2150 362 2182 vellem
386 2149 684 2181 Weissenbornius
710 2151 876 2182 tenuisset
902 2161 976 2182 eam
1004 2151 1233 2182 coniecturam
1249 2175 1256 2189 ,
1291 2152 1325 2182 in
1353 2162 1453 2193 quam
1481 2161 1558 2185 ante

242 2213 406 2243 inciderat
431 2220 597 2252 quamque
623 2220 689 2252 ego
715 2221 849 2254 quoque
875 2211 1038 2244 feceram:
1075 2222 1151 2244 nec
1180 2214 1452 2246 continentis
1477 2225 1556 2246 mo-

243 2275 293 2306 do
318 2273 571 2316 praelectast
595 2283 680 2310 ora,
707 2274 770 2305 etsi
795 2275 829 2305 id
858 2275 1082 2316 compositum
1114 2285 1204 2306 nunc
1229 2275 1387 2307 Tacitum
1412 2277 1556 2318 primum

243 2335 348 2366 habet
373 2340 505 2368 testem.
561 2335 705 2366 Passim
730 2337 891 2368 orationis
916 2336 1025 2368 forma
1049 2337 1157 2368 multo
1183 2343 1235 2369 est
1259 2338 1390 2371 rectior.

175 2391 209 2435 ³)
251 2396 396 2428 Mirifica
419 2396 571 2429 facinora
596 2397 680 2429 fiunt
706 2398 739 2428 in
765 2407 799 2429 re
826 2399 950 2429 critica.
1002 2397 1040 2436 C,
1067 2401 1122 2436 22,
1151 2402 1191 2430 18
1218 2409 1321 2440 quum
1347 2400 1381 2431 in
1406 2400 1459 2432 his
1483 2409 1558 2431 ver-

246 2458 316 2490 bis:
341 2468 418 2500 per
442 2460 625 2491 eundem
652 2461 855 2497 ordinem,
883 2470 977 2501 quo,
1005 2461 1177 2492 omissaut
1200 2461 1338 2494 infinitis
1363 2462 1447 2494 locis
1475 2462 1559 2503 (vid.

247 2521 287 2551 ad
312 2519 445 2560 XXIII,
472 2525 504 2560 3,
532 2521 569 2562 3)
593 2521 730 2559 lineola,
759 2521 887 2553 sactum
914 2528 1003 2553 esset
1028 2523 1190 2560 ordine,
1215 2523 1249 2554 id
1275 2524 1317 2555 ab
1342 2523 1558 2556 Alschefskio

247 2581 283 2612 in
302 2581 389 2613 Livii
415 2583 600 2614 orationem
634 2583 810 2615 inductum
835 2583 1134 2616 Weissenbornius
1184 2584 1232 2615 ita
1256 2592 1389 2625 tuetur,
1427 2592 1464 2617 ut
1487 2586 1558 2628 ipse

249 2643 438 2684 suspicetur
461 2645 626 2677 excidisse
652 2645 817 2684 eodem3
843 2645 928 2676 adeo
955 2645 1123 2677 sentiebat
1148 2647 1326 2678 eundem
1362 2647 1557 2678 ordinem

250 2705 444 2746 significari.
499 2706 553 2738 De
579 2706 717 2738 homine
743 2707 826 2738 nihil
851 2707 991 2738 omnino
1016 2707 1147 2747 agitur;
1184 2717 1236 2739 res
1260 2707 1335 2749 ipsa
1360 2709 1480 2741 eodem
1505 2719 1560 2740 or-

231 2775 372 2801 mnvmu
390 2777 596 2802 Eunu-‚lun
1254 2788 1293 2816 15
