1811 2925
224 138 300 169 Lib.
328 138 440 168 xxx.
891 140 969 176 346

224 275 299 298 non
330 260 475 298 fefellit.
548 260 625 297 Sed
669 260 773 309 quod
810 260 979 309 priorem
1026 262 1212 310 apodosin
1251 275 1298 299 ex
1331 263 1632 311 praecedentibus

224 332 301 380 peti
338 344 452 380 posse
484 337 612 380 putat,
653 331 691 367 id
730 330 768 366 in
798 332 871 368 hac
904 331 1088 368 orationis
1118 332 1243 369 forma
1275 333 1378 382 (post
1405 334 1630 383 proinde)

223 409 260 439 et
304 402 570 439 condicionum
615 401 868 438 disiunctione
914 402 996 438 fieri
1036 402 1185 450 nequit3
1232 417 1279 440 ne
1319 405 1420 453 apud
1473 405 1631 442 Graecos

224 473 375 522 quidem
406 473 444 509 in
470 472 671 509 referenda
697 472 852 520 oblique
882 472 1057 508 oratione
1078 485 1124 509 ea
1145 473 1285 522 ellipsis
1306 475 1432 512 locum
1461 476 1631 521 haberet,

224 558 299 593 qua
317 550 406 593 post
426 544 464 582 εἰ
494 540 579 595 μέν
611 543 842 579 audiendum
873 543 1099 591 relinquitur
1129 536 1180 582 εὖ
1210 539 1296 598 ἔχει
1328 546 1497 582 simileve
1528 547 1631 595 quid,

222 621 404 663 sequente
435 613 474 653 εἰ
506 611 562 652 δέ.
636 614 777 662 Itaque
815 619 958 649 certum
1004 626 1087 650 esse
1116 622 1222 664 puto,
1262 623 1351 665 post
1388 617 1631 653 sententia

221 686 407 722 excidisse
449 684 593 733 aliquid
640 685 761 731 (velut
803 697 902 721 eam
933 687 1196 733 promeret)
1245 699 1407 735 eamque
1453 688 1630 724 lacunam

221 757 429 793 notandam
462 768 555 792 esse.

332 827 427 876 Cap.
462 830 497 873 6,
530 830 551 863 5
587 827 649 871 (de
679 827 855 863 incendio
882 835 1095 864 castrorum
1117 827 1386 873 Punicorum:
1418 828 1631 877 ignibus-

222 899 384 947 quein
412 899 636 947 proxima
667 903 800 934 tecta
838 899 1077 935 coniectis
1122 897 1282 934 effusa
1318 897 1511 934 flamma
1540 899 1633 947 pri-

220 983 289 1006 mo
321 970 455 1006 velut
484 981 660 1017 sparsa
687 968 915 1017 pluribus
946 970 1068 1006 locis
1098 968 1305 1015 reluxit⁷
1350 969 1521 1006 deinde
1549 982 1633 1019 per

220 1040 452 1077 continua
519 1052 719 1088 serpens
779 1053 870 1077 uno
931 1046 1130 1090 repente
1198 1040 1354 1076 omnia
1406 1040 1631 1077 incendio

220 1111 391 1147 hausit.
457 1110 674 1147 Obscurum
705 1116 785 1155 est,
829 1124 904 1159 quo
935 1112 1124 1160 pertineat
1152 1111 1244 1147 illud
1274 1111 1418 1155 velut,
1450 1110 1631 1158 quoniam

220 1195 295 1218 non
327 1181 589 1230 comparando
607 1181 673 1216 sed
690 1193 847 1229 prorsus
879 1183 927 1218 ad
958 1182 1159 1218 veritatem
1191 1194 1327 1231 sparsa
1355 1183 1511 1217 flamma
1541 1181 1630 1217 dici-

218 1259 290 1296 tur,
318 1265 401 1300 quae.
430 1252 603 1300 pluribus
633 1251 726 1287 locis
765 1253 919 1290 relucet.
989 1255 1146 1301 Augent
1186 1252 1440 1301 suspicionem
1482 1251 1631 1288 codices

217 1324 311 1370 (PM
342 1322 453 1359 Cant.
487 1321 668 1371 aliique),
709 1323 773 1370 qui
814 1336 988 1372 sparso
1020 1323 1174 1367 habent,
1218 1323 1266 1358 ad
1298 1323 1401 1370 quod
1431 1322 1555 1358 audiri
1585 1335 1631 1357 ex

218 1394 396 1443 proxima
425 1394 612 1430 sententia
642 1394 867 1430 incendio
900 1392 1023 1444 (quod
1062 1394 1263 1430 Gronovio
1294 1393 1473 1442 placuit),
1508 1406 1632 1441 neque

219 1465 404 1501 sermonis
436 1472 575 1501 natura
604 1465 748 1513 patitur
779 1472 814 1501 et
846 1465 964 1501 nihilo
1003 1464 1128 1513 aptius
1158 1465 1229 1500 erit
1258 1464 1403 1500 velut.
1478 1464 1633 1500 Excidit

219 1536 501 1573 substantivum
535 1537 657 1572 neutri
684 1536 856 1584 generis;
887 1536 1017 1572 Livius
1036 1536 1233 1584 scripsisse
1266 1536 1434 1572 videtur:
1466 1535 1632 1584 primo,

219 1607 351 1643 velut
390 1619 562 1655 sparso
600 1607 800 1649 semine,
839 1607 1065 1655 pluribus
1106 1606 1228 1643 locis
1267 1607 1463 1645 reluxit.
1528 1606 1632 1653 (Hoc

220 1678 302 1726 ipso
334 1678 459 1726 capite
489 1681 506 1722 ξ
531 1680 551 1714 3
585 1690 673 1726 pro:
707 1677 880 1725 quibus
911 1677 1031 1713 nihil
1062 1678 1237 1714 hostile
1269 1679 1302 1715 P
1330 1684 1366 1713 et
1397 1676 1460 1713 alii
1490 1677 1633 1713 habent

220 1754 385 1784 tanturn:
417 1749 591 1796 quibus
622 1749 833 1797 hostile).
908 1750 1128 1796 sequuntur
1170 1749 1249 1785 haee
1282 1752 1321 1793 (ς’
1359 1750 1420 1793 6):
1460 1747 1631 1784 Ambu-

219 1819 278 1855 sti
310 1819 530 1855 homines
560 1819 878 1867 iumentaque
908 1820 1052 1856 foeda
1080 1820 1279 1868 primum
1301 1818 1427 1867 fuga,
1459 1817 1631 1854 deinde

219 1897 381 1939 strage
413 1891 684 1926 obruebant
717 1891 895 1927 itinera
934 1896 1196 1939 portarum.
1271 1889 1518 1933 Obruuntur,
1548 1901 1632 1936 quae

220 1968 371 1997 exstare
402 1961 649 2010 conspicique
680 1962 837 2003 debent;
868 1961 1005 1996 itinera
1036 1960 1183 2008 viaeque
1213 1974 1289 1996 non
1311 1961 1534 2004 obruuntur,
1565 1960 1631 1995 sed

219 2033 466 2076 clauduntur,
525 2032 756 2080 saepiuntur,
802 2032 1069 2075 obstruuntur;
1125 2032 1364 2068 scribendum
1417 2031 1631 2066 obstrue—

219 2105 343 2140 bana

331 2175 426 2223 Cap.
459 2176 494 2218 8,
529 2176 569 2210 6:
621 2172 817 2221 Syphax
861 2179 906 2208 et
947 2172 1227 2208 Hasdrubal
1271 2171 1404 2215 (aciem
1448 2171 1631 2207 adversus

219 2245 438 2294 Scipionem
475 2243 748 2289 instruentes),
808 2243 1081 2280 Numidicis
1124 2243 1361 2278 adversus
1403 2241 1630 2278 Italicum

221 2314 509 2362 equitatum,
562 2314 1043 2363 Carthaginiensium
1093 2319 1264 2349 contra
1294 2312 1628 2348 Massinissam

222 2384 418 2429 locatis,
457 2383 738 2422 Celtiberos
769 2384 969 2421 mediam
1001 2384 1148 2420 aciem
1182 2383 1226 2418 in
1258 2383 1465 2419 adversa
1495 2383 1632 2431 signa

220 2455 458 2503 legionum
493 2468 736 2505 accepere.
809 2456 946 2503 Neque
984 2453 1254 2490 Numidicis
1296 2466 1366 2502 pro
1409 2453 1630 2489 Numidis

220 2526 309 2562 ferri
340 2532 468 2574 potest
509 2527 736 2575 (praesertim
776 2539 853 2562 non
893 2525 1023 2561 addito
1067 2524 1332 2572 equitibuS,
1377 2523 1447 2559 etsi
1487 2524 1547 2560 vel
1578 2524 1632 2560 sic

220 2609 376 2646 prorsus
406 2596 585 2633 inusitate
618 2597 825 2640 diceretur)
858 2608 982 2643 neque
1011 2595 1060 2631 ad
1090 2595 1296 2643 genitivum
1324 2593 1471 2631 Carth
1483 2593 1631 2642 agini-

221 2668 401 2703 ensium
435 2667 558 2703 audiri
600 2667 677 2703 ullo
718 2667 833 2703 modo
874 2672 1001 2715 potest
1037 2665 1259 2713 equitatu
1289 2677 1336 2701 ex
1367 2664 1442 2700 alio
1473 2676 1563 2701 casu
1594 2664 1631 2699 in
