1811 2925
828 145 905 181 329
1309 145 1386 179 Lib.
1402 145 1552 177 xxvn.

272 263 366 314 Cap.
400 268 463 310 50,
501 269 539 302 1:
576 266 705 302 Nero
745 276 798 300 ea
828 271 991 310 nocte,
1030 279 1129 314 quae
1160 274 1330 304 secuta
1364 275 1435 305 est
1463 281 1577 318 pug-

161 348 280 380 nam,
314 336 562 380 citatiore,
581 348 718 383 quam
742 335 854 371 inde
874 343 1095 375 venerat.
1127 337 1314 385 agmine
1345 338 1417 375 die
1438 346 1577 376 sexto

161 406 217 442 ad
247 406 434 442 stativa
467 419 551 443 sua
595 413 738 455 atque
768 406 958 442 hostem
988 406 1231 454 pervenit.
1297 408 1442 446 Omnes
1472 410 1579 446 taciti

159 483 402 524 praetereunt.
462 477 511 514 Et
542 483 669 513 tamen
701 477 791 524 quid
823 476 1027 513 absurdius
1059 478 1295 525 nugaciusve
1336 479 1409 516 dici
1440 481 1578 528 potuit,

161 558 277 594 quam
307 547 504 584 Neronem
550 559 605 582 ea
648 555 791 584 nocte
931 554 1071 584 sexto
1119 547 1191 584 die
1236 549 1285 584 ad
1330 550 1472 587 stativa
1508 563 1578 587 sua

160 617 408 665 pervenisse?
472 616 720 654 Manifestum
755 624 831 661 est,
878 617 1065 654 excidisse
1107 618 1350 667 participium
1384 627 1420 657 et
1448 621 1578 658 huius·

161 687 265 723 modi
294 686 412 724 fuisse
441 700 571 724 veram
605 688 790 724 orationis
819 687 1004 724 formam:
1035 688 1163 725 Nero
1196 702 1249 726 ea
1278 698 1439 733 nocte,
1473 704 1577 739 quae

160 762 329 794 secuta
359 765 428 794 est
457 770 679 807 pugnam,
704 756 993 806 [regressus]
1015 758 1265 805 citatiore,
1302 773 1438 808 quam
1468 762 1577 799 inde

161 835 386 874 venerat,
418 829 624 878 agmine,
656 828 730 864 die
760 835 900 864 sexto
939 825 1064 875 cet.¹)

273 899 370 948 Cap.
418 903 481 943 51,
535 902 601 935 10:
660 898 849 935 Statum
896 910 1085 946 quoque
1134 900 1359 937 civitatis
1405 914 1458 937 ea
1511 901 1577 951 (ad

161 968 380 1006 Metaurum
401 970 558 1015 flumen)
580 966 812 1017 victori[a
842 967 1069 1004 firmavit*
1099 970 1161 1016 ut]
1193 970 1284 1006 iam
1314 970 1424 1007 inde
1454 972 1578 1008 haud

160 1050 298 1074 secus
345 1051 485 1086 quam
531 1039 578 1075 in
623 1051 739 1087 pace
781 1050 861 1074 res
904 1038 1038 1074 inter
1068 1051 1116 1075 se
1148 1041 1441 1077 contrahere
1471 1054 1578 1078 ven-

160 1109 334 1147 dendo.
365 1116 615 1158 argentum
647 1107 883 1145 creditum
915 1107 1152 1145 solvendo
1184 1111 1430 1147 auderent.
1490 1111 1577 1147 Tri-

160 1179 229 1215 bus
264 1179 460 1215 minimum
492 1192 620 1216 rerum
651 1185 937 1215 contractarum
983 1180 1170 1228 exemplis
1212 1181 1418 1218 nominatis
1454 1189 1577 1218 totum

158 1262 278 1298 genus
308 1250 442 1286 Livius
473 1249 722 1297 significavit.
768 1260 844 1284 non
878 1247 938 1284 his
969 1248 1119 1285 duobus
1151 1256 1230 1286 tam
1261 1251 1438 1288 diiunctis
1470 1254 1577 1294 (nam

159 1320 360 1356 coniuncta
392 1327 478 1356 sunt
512 1319 737 1361 vendere..
787 1320 979 1364 emere)q
1027 1326 1105 1355 tam
1149 1320 1389 1368 inaequaliter
1439 1322 1577 1359 (altero

158 1403 247 1435 una„
280 1391 400 1428 altero
431 1391 552 1426 tribus
587 1389 760 1437 vocibus)
793 1398 830 1425 et
847 1381 1099 1434 ιῖσννδὲτως
1127 1392 1363 1439 compositis.
1407 1392 1483 1430 Sed
1512 1393 1576 1440 qui

161 1459 304 1497 factum
337 1461 475 1497 dicam.
505 1468 547 1496 ut
578 1472 710 1496 omnes
738 1460 903 1496 editores
934 1467 1087 1497 taceant
1118 1461 1164 1497 de
1195 1470 1394 1510 argento
1425 1463 1578 1499 credi-

160 1537 207 1567 to
237 1544 310 1579 pro
340 1531 502 1579 pecunia
541 1530 686 1566 credita
727 1531 829 1566 dicto
862 1538 996 1566 contra
1036 1531 1207 1567 onmium
1238 1532 1376 1568 Latine
1408 1532 1579 1569 scriben-

161 1600 254 1635 tium
285 1612 409 1643 usum*
453 1601 525 1636 nisi
567 1601 670 1648 quod
701 1601 906 1637 Terentius
942 1601 981 1637 in
1012 1600 1160 1638 Graecis
1190 1603 1384 1638 vertendis
1415 1615 1578 1651 argen-

161 1677 255 1705 tum
287 1663 538 1723 (ιῖργύριον)
584 1671 784 1719 aliquoties
829 1684 900 1720 pro
945 1671 1109 1720 pecunia
1155 1671 1252 1708 dixit
1297 1671 1578 1721 Sallustiusque

162 1753 186 1775 a
217 1740 364 1777 Seneca
395 1740 520 1789 (epist.
546 1743 638 1787 114)
661 1741 869 1778 adnotatur
890 1742 1052 1779 dixisse:
1085 1742 1345 1798 exercitum
1377 1750 1578 1791 argento

160 1809 303 1846 fecit?
369 1811 571 1857 (Extrema
593 1817 704 1847 aetate
736 1812 790 1847 sic
822 1812 895 1848 dici
927 1812 965 1848 in
997 1812 1223 1860 quotidiano
1255 1824 1430 1849 sermone
1461 1826 1578 1862 eoep-

160 1888 239 1917 tuni
271 1881 437 1917 ostendit
466 1882 718 1918 recentiorum
759 1882 976 1931 linguarum
1017 1896 1037 1917 e
1081 1883 1223 1918 Latina
1254 1890 1426 1919 ortarum
1458 1884 1577 1932 usus.)

160 1951 299 1999 Itaque
347 1952 591 1988 manifestum
637 1953 815 1988 mendum
861 1960 932 1996 est,
979 1952 1197 1989 emendatio
1241 1952 1403 1996 incerta;
1448 1954 1578 1990 audax

186 2157 213 2199 ¹)
249 2161 309 2191 Bis
334 2161 367 2191 in
394 2161 458 2191 hoc
485 2161 593 2200 capite
619 2160 919 2192 Weissenbornius
953 2159 1132 2191 manifesta
1171 2161 1295 2190 menda
1329 2161 1457 2192 codicis
1484 2171 1578 2192 secu-

254 2228 308 2252 tus
334 2228 394 2258 cst,
421 2224 444 2259 ἓ
471 2225 501 2257 5,
529 2222 585 2251 ubi
614 2221 842 2262 supplices
868 2221 1074 2262 votisque
1100 2221 1296 2262 fatigare
1324 2222 1428 2252 deos
1452 2222 1577 2262 posuit,

255 2292 328 2323 quae
356 2282 505 2323 copulari
533 2290 694 2322 tanquam
719 2283 814 2322 paria
841 2289 1025 2323 nequeunt,
1060 2290 1091 2313 ct
1116 2283 1184 2322 §Q
1210 2283 1279 2314 ubi.
1306 2283 1370 2314 nisi
1397 2284 1578 2323 typothetae

255 2352 348 2373 error
373 2350 432 2379 est,
462 2344 594 2384 scripsit
621 2344 802 2384 (tanquam
832 2352 848 2372 e
875 2342 936 2382 P):
961 2342 1126 2374 litterae
1152 2344 1307 2374 deinde
1334 2344 1380 2374 de
1406 2344 1443 2374 L.
1463 2343 1578 2374 Man-

254 2404 316 2435 lio
353 2405 548 2435 Acidino
574 2406 714 2436 missae
751 2414 800 2435 cx
835 2405 991 2435 castris
1026 2403 1298 2435 adseruntur.
1356 2405 1412 2435 Ab
1446 2405 1578 2436 Manlio

254 2466 329 2497 illas
354 2467 483 2497 litteras
510 2466 631 2497 allatas
659 2476 748 2498 esse.
781 2465 862 2496 satis
894 2471 1007 2506 patet;
1045 2466 1086 2496 de
1112 2466 1245 2496 Manlio
1271 2465 1354 2496 nihil
1381 2473 1462 2503 crat,
1489 2467 1578 2506 quod

255 2527 474 2566 scriberetur3
499 2537 608 2567 ncquc
634 2528 815 2558 litteras
834 2528 881 2558 de
907 2527 1059 2567 aliquo
1085 2538 1146 2568 pro
1173 2528 1221 2558 ab
1249 2526 1401 2567 aliquo
1428 2529 1578 2559 missas

255 2588 434 2628 quisquam
475 2590 570 2621 dixit.
638 2588 744 2620 Error
778 2588 823 2628 (si
860 2589 987 2620 codicis
1020 2589 1084 2628 est)
1120 2595 1213 2620 ortus
1258 2595 1310 2620 est
1351 2589 1578 2629 geminatione

256 2656 481 2680 extremarum
507 2650 695 2681 litterarum
723 2650 814 2680 vocis
840 2650 1009 2680 deinde.
