1811 2925
842 165 921 202 273
1328 161 1404 194 Lib.
1420 162 1555 196 XXIV.

171 288 809 341 praet61·fluebatAEsar11s;
841 288 1013 337 procul
1052 287 1143 332 eis,
1179 298 1277 334 quae
1308 286 1595 323 habitaban-

172 368 248 399 tur
298 363 365 410 (—
412 360 622 397 sedecim
667 359 801 396 milia
849 360 1020 396 aberat
1060 363 1133 402 ——)
1189 358 1233 394 in
1281 358 1395 394 urbe
1439 357 1596 394 nobili

173 432 399 481 templum
441 431 546 480 ipsa
586 433 701 468 urbe
745 437 854 468 erat
880 429 1098 468 nobilius
1148 429 1359 465 Laciniae
1391 428 1594 464 Iunonis

173 509 243 539 cet.
307 503 437 541 Unum
461 503 598 551 aliquis
621 503 753 539 mirari
773 502 905 551 possit,
937 501 1040 550 quod
1070 499 1116 535 in
1150 500 1266 536 urbe
1297 499 1448 536 dicat-ur
1478 499 1596 536 fuisse

174 574 357 623 templum
405 580 485 610 tam
524 581 727 611 remotum.
811 573 887 611 Sed
932 579 1081 609 veteres
1123 583 1225 620 saepe
1272 571 1392 607 multo
1438 570 1596 607 latiores

175 659 291 694 quam
323 658 393 683 nos
425 646 575 682 urbium
600 646 694 681 fines
726 644 854 681 animo
887 643 1277 693 comprehendebant,
1309 655 1394 690 quae
1423 642 1461 678 in
1493 642 1595 690 agris

174 717 326 753 urbium
366 723 473 753 erant
514 716 670 765 publica
714 728 904 763 sacraque
937 714 1110 758 aedificia,
1153 713 1312 750 urbibus
1342 713 1436 762 ipsis
1472 713 1596 749 adnu-

175 794 379 824 merantes.
441 787 579 834 Itaque
611 787 714 835 quod
749 778 800 825 ἐν
833 784 887 839 τῇ
924 778 1252 836 Κροτωνιάτιδι
1286 792 1369 821 erat
1400 783 1596 834 templur'n,

177 859 322 904 Livius,
353 860 477 907 figura
508 858 692 894 orationis
724 858 911 894 invitante
959 857 1019 904 (in
1063 858 1179 893 urbe
1210 857 1313 892 nob.
1344 856 1452 904 ipsa
1482 856 1598 892 urbe

177 929 417 975 nobilius)
449 930 486 965 in
517 929 611 965 urbe
642 929 761 965 fuisse
791 929 898 966 dixit.
962 930 1106 964 Arcem
1132 928 1263 964 Livius
1294 933 1382 976 post
1412 926 1597 975 templum

177 1001 329 1036 demum
375 1000 555 1037 describit
601 998 635 1051 (ξ
679 1001 732 1047 8).
812 999 937 1036 Paulo
982 1006 1068 1048 post
1117 1001 1159 1044 (ξ
1194 997 1238 1047 5)
1285 998 1428 1034 omisso
1477 998 1596 1034 verbo

176 1071 362 1119 egressi
407 1072 529 1119 (quod
566 1071 597 1107 si
639 1084 769 1108 verum
803 1078 922 1116 esset,
963 1070 1182 1107 necessario
1219 1069 1473 1106 adiiciendum
1516 1075 1598 1104 erat

177 1140 342 1190 mane),
371 1155 390 1177 e
412 1142 553 1178 codicis
574 1143 747 1191 vestigiis
778 1142 1159 1191 (separatimque
1190 1140 1413 1190 egressui
1445 1140 1597 1176 cuius-

177 1224 265 1259 que
295 1213 384 1259 cet.)
415 1212 675 1250 efficiendum:
706 1214 1074 1262 separatimque
1112 1225 1290 1262 greges
1329 1212 1401 1248 sui
1444 1211 1597 1247 cuius-

177 1295 266 1331 que
296 1284 489 1332 generis
519 1291 661 1321 nocte
691 1286 976 1322 remeabant
1008 1292 1078 1321 cet.
1145 1285 1246 1320 Tum
1280 1287 1298 1328 ξ
1331 1286 1350 1319 7
1386 1283 1423 1318 in
1455 1282 1598 1319 codicis

177 1354 210 1390 P
240 1353 366 1402 prima
385 1355 592 1404 scriptura:
626 1356 765 1392 cuius
796 1356 1008 1392 cinerem
1039 1355 1173 1391 nullo
1204 1367 1412 1402 unquam
1444 1367 1598 1391 mone-

177 1426 533 1463 uentosedaros
572 1434 642 1465 cet.
687 1433 851 1476 apparet
886 1427 1012 1463 inesse
1044 1426 1137 1462 illud
1167 1426 1317 1475 ipsum,
1352 1425 1456 1473 quod
1493 1425 1598 1462 Gro-

176 1495 314 1532 novius
354 1497 537 1534 restituit:
581 1498 713 1534 nullo
752 1510 958 1546 unquam
1002 1495 1230 1547 inove[ri]
1273 1502 1428 1533 vento.
1500 1496 1598 1534 Sed

176 1578 262 1602 arx
289 1572 384 1612 cen,
414 1580 503 1611 non,
537 1569 641 1616 quod
671 1581 793 1618 nuper
824 1576 1048 1605 revocatum
1081 1577 1155 1604 est:
1197 1568 1359 1605 nullus
1392 1580 1598 1616 unquam

177 1644 368 1673 moveat
397 1645 581 1677 ventus,
649 1639 744 1676 Sed
776 1653 864 1676 arx
895 1645 965 1676 cet.
1031 1640 1237 1676 Postremo
1284 1642 1302 1684 ξ
1340 1642 1385 1675 15
1431 1639 1599 1675 scriben-

178 1707 267 1744 dum
301 1714 374 1744 est:
405 1709 526 1746 Nam
557 1711 643 1759 (pro
675 1711 782 1757 iam)
814 1712 903 1748 hoe
934 1716 981 1746 ut
1012 1710 1105 1746 sibi
1136 1710 1330 1755 liceret,
1373 1710 1599 1758 impetra-

177 1786 354 1815 verant
384 1780 424 1816 ei
457 1781 701 1828 (Locrenses,
735 1795 805 1831 pro
838 1781 899 1831 et)
941 1783 997 1818 ab
1030 1781 1310 1818 Hannibale
1351 1781 1512 1818 missis
1545 1781 1599 1816 ad

178 1850 266 1886 hoc
305 1849 462 1899 ipsum
504 1852 698 1901 legatis.
790 1854 909 1896 (Iam
949 1853 1075 1889 locum
1116 1853 1277 1889 haberet
1324 1853 1499 1889 oratione
1547 1852 1601 1888 sic

178 1918 439 1958 conformata:
470 1923 587 1959 Nam
618 1924 705 1960 hoe
738 1924 829 1960 iam
861 1930 971 1960 ante
1009 1923 1098 1971 cet.)
1112 1920 1152 1971 ¹)

290 1990 386 2041 Cap.
423 1995 458 2039 5,
494 1996 532 2030 1:
578 1994 672 2031 Vix
714 1995 904 2043 quidem
946 1995 1033 2031 ulli
1075 1996 1204 2032 bono
1248 1994 1602 2042 moderatoque

206 2212 238 2255 ¹)
275 2215 358 2257 Cup.
386 2221 416 2255 4,
446 2221 463 2248 5
487 2217 544 2249 W.
573 2219 696 2249 cdidit:
722 2218 926 2249 iuvenem
953 2218 1046 2249 suis
1072 2217 1354 2259 potissimum
1386 2217 1602 2257 vestigiis

274 2279 485 2310 insistere
512 2279 681 2311 vellent
716 2280 972 2321 disciplinae
1009 2280 1068 2320 (P,
1101 2280 1206 2320 vulgo
1234 2280 1602 2321 disciplinaeque),

275 2340 317 2370 in
350 2349 431 2380 qua
465 2341 650 2372 eductus
686 2348 813 2374 esset.
866 2342 1066 2382 Asyndeton
1099 2342 1133 2372 in
1157 2342 1220 2372 hae
1249 2341 1366 2372 sedata
1393 2342 1545 2372 oratione
1571 2348 1605 2371 et

275 2401 309 2432 in
336 2403 575 2433 coniunctione
614 2403 844 2434 membrorum
882 2404 1102 2443 inaequalium
1136 2403 1237 2434 verbo
1274 2403 1472 2444 interposito
1507 2412 1605 2443 sepa-

275 2471 424 2495 ratorum
451 2470 570 2495 contra
596 2465 761 2496 sermonis
788 2472 944 2496 naturam
972 2471 1095 2496 temere
1120 2465 1276 2506 fingitur-3
1303 2465 1429 2496 excidit
1462 2471 1503 2496 et
1528 2470 1605 2505 post

274 2531 317 2556 nt
344 2526 423 2566 (vid.
450 2527 492 2557 ad
517 2526 562 2564 X,
593 2529 647 2564 21,
667 2527 720 2566 6).
776 2527 854 2559 Non
880 2528 997 2569 paucis
1030 2527 1114 2558 locis
1141 2527 1307 2567 asyndeta
1332 2527 1544 2557 incredibilia
1570 2527 1603 2557 in

276 2587 360 2618 Livii
387 2588 576 2618 orationem
603 2588 700 2619 illata
725 2596 802 2620 sunt
834 2595 971 2631 propter
997 2599 1126 2620 errores
1153 2589 1299 2627 codicis,
1340 2588 1397 2629 qui
1431 2589 1510 2619 alibi
1543 2598 1602 2619 ne-

278 2650 425 2680 cessario
454 2650 686 2690 corriguntur3
716 2651 914 2691 conquirere
937 2661 976 2682 ea
1002 2651 1228 2691 supersedeo,
1266 2649 1424 2690 exemplo
1450 2660 1518 2681 rem
1545 2660 1605 2680 no-

278 2711 413 2742 tandam
442 2712 568 2753 put-avi.

258 2781 399 2806 mmvmn
418 2783 624 2807 Enzxnnstun.
1296 2790 1336 2818 18
