1811 2925
805 170 883 205 513
1352 167 1429 199 Lib.
1446 169 1559 200 XLII.

241 288 336 339 Cap.
378 292 446 336 10,
499 292 520 326 5
565 289 630 337 (Q.
661 291 823 327 Fulvius
853 290 1019 327 Flaccus
1054 293 1205 338 censor)
1262 291 1405 328 aedem
1437 292 1559 328 For-

129 366 253 396 tunae
282 360 551 408 Equestris
696 374 848 398 annos
882 374 964 398 sex
994 368 1123 410 post,
1163 374 1306 409 quam
1338 371 1558 407 voverat,

129 430 402 469 dedicavit.
462 431 586 468 Miror
616 432 774 469 tacitum
808 433 882 469 hoc
913 431 1129 481 praeteriri3
1161 444 1251 468 nam
1284 438 1324 467 ut
1352 432 1559 478 dubitetur,

129 514 179 539 an
209 501 348 538 Latine
382 501 498 538 etiam
542 509 656 551 post
704 515 790 539 sex
827 502 967 539 annis
999 501 1073 538 dici
1116 501 1266 551 possit,
1314 514 1393 539 non
1434 504 1557 540 solum

129 579 239 621 post
269 585 351 609 sex
382 586 553 618 annos,
584 574 631 610 de
663 586 739 622 quo
771 572 973 621 quaesitum
1001 578 1060 609 est
1091 573 1142 609 ad
1158 573 1248 617 XL,
1273 574 1320 608 52
1338 586 1377 622 p.
1397 576 1489 619 474,
1519 575 1558 610 id

130 643 284 692 quidem
317 651 495 682 constare
526 645 651 691 debet,
671 656 866 692 nunquam
883 643 922 679 in
954 643 1027 679 hae
1057 643 1249 681 intervalli
1279 657 1461 682 mensura
1495 659 1556 683 ac-

128 714 345 752 cusativum
377 716 534 764 adiungi
564 715 750 752 adverbio
768 714 937 762 (utrique
957 715 1149 751 vocabulo
1181 715 1428 764 postposito).
1476 717 1556 753 Ita-

128 799 204 834 que
237 787 375 823 annis
406 799 494 823 sex
524 793 637 835 post
666 785 922 824 scribendum.
981 785 1134 822 Deinde
1166 786 1284 834 paulo
1316 786 1418 823 infra
1437 790 1473 833 (g
1498 790 1556 833 10,

134 859 198 904 11)
230 857 356 894 oratio
388 857 442 894 sic
470 857 777 906 interpungenda
807 862 880 892 est:
928 855 1178 905 Popillius
1223 864 1267 893 et
1315 857 1556 906 collegam

129 935 173 964 et
203 934 420 965 senatum
452 941 536 977 pro
567 934 711 976 patre
742 927 1128 975 deprecabatur,
1166 940 1268 976 prae
1301 940 1349 964 se
1378 927 1556 974 ferens,

128 999 167 1034 si
203 999 317 1047 quid
349 999 690 1042 decernerent,
720 997 1126 1034 intercessurum.
1189 999 1556 1042 (Haecdenuntiatio

129 1070 178 1106 ad
209 1076 394 1118 utrosque
423 1069 625 1118 pertinet.)
698 1066 951 1116 Collegam
983 1067 1246 1113 deterruit3
1288 1076 1460 1118 patres
1504 1084 1555 1107 eo

128 1140 300 1188 magis,
335 1140 534 1187 utrique
580 1139 774 1188 pariter
804 1138 995 1175 consuli
1024 1138 1234 1186 infensi,
1279 1140 1327 1176 in
1357 1140 1554 1190 incepto

126 1211 433 1259 perstabant.
496 1210 559 1247 Sic
592 1210 691 1245 enim
724 1209 953 1257 (consuli)
987 1209 1241 1258 explendum,
1287 1212 1389 1259 quod
1422 1212 1460 1247 in
1492 1225 1555 1248 co-

127 1279 210 1316 dice
241 1292 372 1317 cons.
401 1280 598 1327 scribitur,
629 1293 730 1326 non,
763 1287 805 1316 ut
835 1280 1002 1317 editores
1034 1280 1226 1327 fecerunt,
1275 1282 1555 1326 consulu1n3

127 1362 251 1398 neque
279 1351 378 1387 enim
409 1351 513 1400 apud
534 1351 687 1388 Livium
719 1351 809 1388 alibi
841 1358 1045 1399 uterque
1076 1364 1161 1388 curn
1187 1352 1357 1401 genitivo
1376 1353 1554 1388 substan-

125 1421 196 1457 tivi
224 1417 435 1469 ponitur.¹)

251 1490 346 1539 Cap.
384 1492 454 1537 12,
489 1493 509 1527 3
561 1491 614 1534 (in
648 1491 833 1528 Eumenis
867 1492 914 1528 de
949 1493 1095 1528 Perseo
1135 1493 1174 1528 in
1208 1501 1343 1529 senatu
1374 1495 1553 1530 Romano

128 1562 319 1610 oratione)
352 1561 444 1598 olim
475 1561 680 1601 edebatur:
718 1564 856 1599 Inter
897 1562 1035 1611 ipsos
1079 1576 1271 1611 quoque
1307 1576 1447 1612 reges
1479 1564 1554 1600 in—

127 1639 319 1681 gentem
372 1631 702 1677 auctoritate3
745 1631 946 1668 Seleuci
997 1632 1158 1670 filiam
1206 1635 1407 1671 duxisse
1453 1647 1553 1670 eum

129 1708 212 1746 cet.,
258 1703 324 1739 ubi
355 1708 488 1751 aperte
518 1702 813 1739 desiderabatur
858 1715 982 1747 esse3
1029 1716 1130 1740 nunc
1163 1704 1275 1741 video
1307 1705 1385 1741 edi:
1417 1707 1556 1742 Inter

130 1772 269 1821 ipsos
319 1786 356 1821 q.
399 1786 429 1809 r.
473 1772 720 1821 ingentem
765 1772 1098 1819 auctoritate,
1145 1774 1345 1813 Seleuci
1395 1776 1555 1812 filiam

129 1843 328 1880 duxisse
362 1856 461 1879 eum
480 1850 564 1889 cet„
595 1843 661 1879 ubi
692 1856 840 1888 vereor,
871 1856 918 1879 ne
951 1844 1090 1881 vitiose
1119 1845 1306 1882 redundet
1338 1859 1451 1887 euni,
1484 1846 1554 1883 Vi-

223 2027 291 2057 quo
318 2024 386 2050 est:
413 2021 591 2052 eandem
619 2023 668 2053 ad
696 2032 779 2052 non
804 2024 1044 2063 parendum
1071 2024 1160 2054 fuit
1184 2023 1361 2054 senatui
1390 2023 1554 2054 habuit.

222 2079 451 2119 abstinuisset,
479 2083 608 2122 opinor,
636 2082 935 2116 Weissenbornius
953 2095 973 2116 a
999 2086 1163 2116 mutando
1191 2096 1242 2123 eo,
1264 2086 1353 2126 quod
1376 2084 1554 2126 Grynaeus,

222 2141 357 2172 sublato
381 2141 476 2181 fuit,
503 2145 619 2175 edidit.

153 2197 185 2241 1)
225 2201 306 2243 Cap.
341 2207 398 2241 ll,
434 2207 451 2234 5
489 2206 684 2237 adverbium
712 2208 902 2249 iamiam,
949 2209 1040 2248 quod
1076 2208 1181 2239 futuri
1224 2210 1384 2249 temporis
1427 2218 1460 2240 et
1506 2212 1551 2241 rei

222 2265 388 2305 proximae
414 2267 700 2306 significationem
726 2269 831 2300 habet
856 2269 943 2310 (vid.
970 2271 1012 2300 ad
1039 2270 1174 2309 XXVI,
1201 2273 1256 2308 33,
1284 2274 1302 2301 3
1325 2282 1358 2311 p.
1386 2273 1482 2311 314),
1511 2272 1553 2302 ab

224 2326 255 2356 h.
283 2326 307 2357 l.
333 2327 479 2357 alienum
508 2334 574 2366 est,
617 2338 679 2359 nce
705 2330 771 2361 dici
799 2332 936 2362 omnino
977 2331 1151 2362 iamiam
1196 2333 1383 2373 primum
1425 2341 1553 2374 potest;

223 2397 284 2419 nee
311 2390 421 2429 magis
447 2390 607 2420 convenit
632 2390 711 2421 iam
740 2392 931 2433 primum,
959 2393 1050 2433 quod
1068 2394 1203 2424 transiri
1230 2394 1398 2434 significat
1422 2396 1462 2425 ad
1484 2406 1553 2426 rem

222 2459 282 2490 per
305 2456 418 2490 partes
445 2451 702 2491 exponendam3
728 2463 790 2484 nce
827 2454 948 2485 alere
975 2464 1021 2485 ac
1048 2453 1191 2485 fovere
1225 2457 1424 2488 omnibus
1459 2468 1553 2488 con-

223 2510 341 2541 siliis
367 2517 457 2542 recte
483 2517 647 2553 tanquam
672 2515 818 2554 primurn
859 2516 905 2553 (in
933 2516 1038 2557 partis
1064 2515 1156 2556 loco)
1185 2519 1390 2548 contrarium
1418 2519 1555 2559 ponitur

223 2572 282 2610 eis,
310 2580 384 2612 quae
409 2583 470 2614 per
492 2581 710 2615 praeterea
735 2577 978 2617 adiunguntur.
1054 2577 1242 2618 Scripsitne
1278 2579 1414 2610 Livius:
1459 2587 1554 2610 tan—

224 2643 351 2673 quam
379 2635 567 2676 (omnium)
601 2638 784 2677 primum
823 2639 948 2670 alere
983 2640 1073 2670 cet.'?
1124 2640 1190 2671 Sed
1217 2640 1365 2671 sufficiat
1391 2643 1553 2672 mendum

222 2702 371 2726 notasse.

203 2766 345 2789 nlAm'lGH
364 2767 570 2792 Enim-„lun
1241 2780 1284 2808 33
