1811 2925
831 135 905 170 337
1311 132 1388 164 Lib.
1403 132 1572 164 XXVIII.

166 262 383 305 rogaretur:
432 263 477 292 et
521 256 767 304 egregiam
805 256 950 292 istam
997 255 1202 304 palmam
1243 286 1278 293 ..
1318 256 1448 300 inde,
1493 257 1574 293 ubi

167 334 249 372 est,
279 327 430 375 petis?
489 326 635 362 Verum
673 325 758 374 ipsa
800 327 867 363 illa
904 325 1104 375 superiora
1143 325 1175 361 si
1210 326 1368 374 propius
1397 327 1573 375 inspexe-

167 398 230 443 ris,
262 397 394 434 vitium
417 397 692 446 deprehendas.
752 399 869 435 Recte
885 396 1222 433 Weissenbornius
1251 409 1331 434 nec
1363 397 1572 434 dissolven—

166 468 254 504 dum
290 480 372 504 esse
403 468 456 504 ait
487 467 625 517 (Quin
783 467 1065 517 accingeris
1109 473 1153 503 et
1202 480 1293 503 non
1328 481 1414 517 per
1450 469 1572 505 istos

165 538 401 575 circuitus
425 537 672 586 ...potius
704 551 844 586 quam
890 545 1022 575 recto
1061 538 1169 574 hinc
1198 538 1375 575 itinere
1392 569 1401 577 .
1420 569 1429 578 .
1449 570 1456 576 .
1476 569 1485 576 .
1503 539 1572 575 in-

165 608 386 658 tendis?).
470 608 546 645 Sed
593 609 642 644 ad
691 610 789 646 hanc
837 609 1201 657 interrogationem:
1243 609 1370 657 Quin
1520 623 1571 646 eo

165 678 343 716 bellum
374 678 617 716 intendis?
647 680 931 716 accommodari
963 679 1055 716 illud
1095 692 1184 716 non
1215 693 1298 729 per
1326 681 1449 718 istos
1480 682 1572 718 cir-

165 750 319 787 cuitus
356 749 460 786 nullo
502 751 617 787 modo
647 757 794 799 potest,
825 751 1004 799 quoniam
1036 751 1121 800 ipsa
1148 750 1421 798 interrogatio,
1452 749 1572 787 direc-

164 828 242 857 tam
274 821 374 857 viam
405 820 648 869 significanS,
682 821 859 858 circuitus
899 821 1076 858 excludit.
1134 821 1234 857 Duae
1270 820 1343 857 illae
1372 821 1573 857 contrariae

167 905 244 928 rem
275 892 512 941 propositam
544 891 681 939 agendi
713 892 806 933 viae,
847 905 930 940 quae
970 892 1023 928 ita.
1053 898 1349 940 comparantur,
1380 899 1422 928 ut
1453 892 1572 928 altera

166 963 247 999 sola
278 964 461 1012 probetur
492 963 597 1011 (non
621 990 631 1000 .
650 991 659 999 .
690 962 852 1010 potius
883 968 1048 1009 quani),
1078 962 1115 998 in
1146 962 1418 1009 interrogando
1436 963 1572 998 adiun-

164 1034 202 1081 gi
233 1034 417 1070 eiusmodi
447 1034 565 1069 verbo
596 1033 755 1075 debent,
795 1033 833 1068 in
864 1045 940 1080 quo
976 1033 1061 1081 ipso
1095 1045 1172 1069 non
1209 1033 1302 1069 recti
1331 1032 1475 1069 itineris
1506 1034 1572 1069 sed

164 1110 310 1140 tantum
340 1105 394 1140 rei
424 1103 630 1152 propositae
659 1103 885 1152 significatio
916 1104 1014 1140 insit.
1073 1104 1136 1140 Ea
1164 1110 1291 1140 autem
1321 1103 1571 1153 interrogatio

163 1173 229 1209 illa
257 1174 342 1222 ipsa
373 1181 440 1219 est,
471 1187 555 1223 quae
585 1180 756 1211 extremo
786 1174 872 1211 loco
903 1174 1086 1224 ponitur:
1130 1175 1286 1224 (Quin)
1327 1175 1571 1224 egregiam

165 1245 305 1281 istam
335 1245 538 1294 palmam
562 1276 569 1282 .
589 1275 598 1282 .
618 1275 626 1281 .
647 1244 804 1293 petis?
870 1246 965 1293 Quae
983 1246 1215 1294 praecedunt.
1245 1246 1433 1295 duplicem
1468 1247 1569 1283 viam

163 1328 206 1352 ac
235 1315 424 1352 rationem
455 1315 657 1352 continent.
722 1316 861 1364 Itaque
891 1316 945 1353 sic
977 1317 1199 1353 scribendus
1230 1323 1332 1353 totus
1359 1317 1466 1354 locus
1495 1325 1568 1354 est:

163 1385 285 1432 Quin
316 1386 590 1435 accingeris
621 1398 704 1422 nec
734 1386 788 1432 (id
818 1395 892 1423 est:
923 1394 978 1427 et.
1010 1394 1114 1430 non)
1144 1400 1230 1436 per
1261 1388 1385 1424 istos
1402 1389 1570 1425 circui-

164 1463 238 1493 tus
379 1457 540 1505 potius
575 1469 714 1505 quam
749 1467 882 1494 recto
916 1459 1023 1495 hinc
1052 1458 1253 1498 itinere,
1284 1458 1363 1494 ubi
1392 1459 1570 1495 Hanni-

163 1527 242 1563 bal
272 1534 368 1571 est,
399 1540 452 1563 eo
482 1527 660 1563 bellum
693 1528 973 1568 intendens.
1020 1529 1262 1578 egregiam
1293 1530 1438 1566 istam
1466 1530 1570 1578 pal-

164 1610 282 1633 mam
313 1598 431 1634 belli
461 1597 634 1634 Punici
663 1599 851 1646 patrati
879 1598 1032 1648 petis?
1079 1600 1163 1636 Iam
1204 1599 1333 1636 omnia
1363 1607 1456 1648 apta
1489 1600 1572 1636 duae

164 1667 298 1704 litterae
322 1675 478 1704 mutatae
508 1668 704 1714 feceruut,
744 1669 780 1705 in
813 1670 949 1718 quibus
993 1677 1057 1706 aut
1088 1670 1321 1719 negligentia
1351 1672 1571 1708 aberratum

164 1746 219 1775 est
251 1747 327 1775 aut.
358 1739 553 1776 sententiae
586 1739 711 1776 forma
742 1747 777 1777 et
808 1740 1093 1777 continuatione
1122 1753 1198 1777 non
1231 1741 1434 1787 intellecta.
1468 1742 1571 1778 mala

163 1810 408 1848 correctione.
478 1810 582 1846 Inter
624 1822 663 1846 se
702 1811 934 1859 respondent
971 1824 1054 1859 per
1098 1811 1334 1849 circuitus
1374 1820 1411 1849 et.
1439 1820 1569 1850 recto

163 1879 354 1923 itinere3
387 1880 478 1916 illud
495 1880 711 1917 declaratur
741 1881 898 1918 adiectis
924 1882 1001 1918 his:
1032 1888 1091 1918 ut.
1124 1895 1260 1930 quum
1291 1883 1570 1920 inAtrieam

169 1979 177 1987 .
198 1980 206 1986 .
225 1980 233 1987 .
253 1977 283 1994 .,
310 1962 450 1998 spere
462 1962 491 1995 S,
524 1951 597 1987 hoc
626 1951 867 2000 appositione
896 1952 1089 2001 participii
1125 1953 1391 1991 intendens.

271 2018 366 2069 Cap.
403 2022 478 2066 42,
515 2022 558 2058 3:
599 2022 869 2070 Expositos
900 2023 1082 2059 milites
1123 2037 1207 2072 per
1236 2025 1484 2061 tutissima
1514 2026 1570 2062 ad

161 2090 320 2126 socios
359 2097 403 2127 et
444 2091 628 2128 amicos
669 2093 842 2141 populi
882 2094 962 2130 Ro.
1002 2094 1331 2132 Tarraconem
1372 2096 1570 2133 duxisti.

162 2160 224 2199 Sic
237 2161 399 2205 codices,
415 2174 511 2210 quos
530 2162 594 2210 qui
609 2175 732 2211 nuper
753 2171 904 2200 secutus
937 2166 1126 2210 est.(nam
1142 2172 1255 2202 antea
1276 2166 1460 2203 edebatur
1488 2180 1570 2215 per

159 2232 409 2268 tutissima
439 2233 624 2280 omnia‚)
656 2233 737 2282 ipse
771 2236 932 2271 omnia
963 2247 1033 2271 usu
1074 2235 1255 2284 loquendi
1284 2237 1450 2286 flagitari
1479 2250 1569 2285 pro-

159 2314 206 2350 pe
237 2303 427 2344 concedit:
457 2316 546 2339 nam
581 2305 683 2352 quod
714 2304 875 2349 XXIX„
908 2308 943 2354 2,
981 2309 1027 2343 10
1062 2307 1227 2344 advocat
1257 2313 1380 2350 (tuta
1411 2310 1468 2346 ab
1498 2310 1568 2345 lae-

160 2384 216 2408 vo
247 2375 380 2419 esse),
410 2373 532 2410 simile
562 2387 637 2410 non
669 2381 743 2419 est3
774 2388 862 2412 nam
896 2377 987 2425 quid
1018 2377 1067 2414 sit
1096 2378 1179 2423 tuti,
1214 2379 1451 2427 significatur
1482 2393 1567 2416 ver-

158 2442 217 2479 bis
247 2444 302 2479 ab
332 2443 451 2480 laevo
483 2446 559 2491 (res
592 2444 630 2481 in
660 2445 756 2482 laevo
790 2458 908 2483 cornu
938 2453 1041 2485 tutas
1071 2450 1184 2496 esse).
1245 2450 1321 2487 Sed
1351 2463 1427 2486 non
1446 2451 1568 2486 minus

159 2513 208 2549 ab
238 2525 309 2550 usu
338 2513 519 2562 loquendi
564 2516 746 2552 abhorret-
783 2517 1050 2566 superlativus.
1130 2521 1268 2569 Itaque
1298 2519 1422 2556 diviso
1452 2532 1568 2557 voca—

161 2583 273 2625 bulo,
319 2585 420 2632 quod
451 2598 498 2622 ex
529 2587 678 2623 duobus
711 2587 876 2632 coaluit,
914 2589 1177 2626 scribendum:
1207 2603 1292 2639 per
1337 2597 1441 2627 tuta
1472 2604 1566 2628 om—

197 2733 338 2756 nAuthn
360 2735 485 2757 Euam.
509 2736 581 2759 Liu-
1257 2751 1297 2777 22
