1811 2925
817 154 886 189 131
1348 150 1423 181 Lib.
1450 149 1512 180 VI.

145 278 264 314 habet
302 277 400 313 enirn
437 277 499 312 vel
535 276 731 312 minimam
762 275 951 324 speciem,
984 273 1210 318 Camillum,
1251 285 1367 321 quum
1398 285 1560 321 praeser·

144 348 213 384 tim
245 353 423 383 accurate
453 347 671 395 dispertiat,
708 346 799 394 quid
834 345 1001 394 pupulo,
1034 344 1125 393 qnid
1155 343 1327 388 senatui,
1359 343 1450 391 quid
1481 343 1559 380 col-

145 418 241 467 legis
274 419 424 461 debeat,
455 429 494 453 se
521 423 698 464 quartum
732 429 754 452 a
785 416 929 464 populo
960 416 1187 452 dictatorem
1218 421 1389 450 creatum
1422 414 1560 457 dicere,

146 497 187 526 ut
217 490 404 538 significet
434 489 498 534 (at
529 500 643 534 quam
674 487 893 530 modestel)
941 498 1005 530 se,
1045 486 1077 522 si
1118 498 1194 522 non
1231 484 1404 528 nomine,
1450 489 1489 520 at
1520 498 1560 521 re

146 559 370 596 dictatorem
413 570 506 596 esse.
594 557 846 601 (Niebuhrius
887 557 988 593 Hist.
1026 557 1139 593 Rom.
1187 556 1228 592 II
1265 569 1301 604 p.
1346 555 1420 591 684
1470 554 1561 602 quid

146 630 317 675 senserit,
346 629 556 677 intelligere
586 632 766 676 nequeO.)
834 626 1014 664 Ceterum
1057 627 1202 663 nullam
1241 625 1396 662 omnino
1428 625 1562 662 Livius

146 701 337 749 significat
382 700 613 736 mentionem
644 699 786 735 factam
833 698 898 734 illo
941 705 1113 746 tempore
1152 696 1350 733 dictatoris
1387 695 1561 734 creandi:

145 772 219 808 hoc
249 778 394 815 narrat,
425 771 474 806 ad
508 769 726 817 Camillum,
760 769 835 816 qni,
867 769 899 805 si
928 769 1102 817 privatus
1132 768 1267 805 fuisset
1286 766 1343 814 (ut
1373 766 1448 802 alio
1480 778 1562 802 mo-

149 841 198 877 do
229 841 448 890 respublica
493 853 611 889 opera
659 840 738 876 eius
780 840 833 875 uti
865 852 942 875 non
972 839 1140 888 posset),
1185 838 1350 874 dictator
1380 836 1561 873 dicendus

146 912 292 956 fuisset,
323 911 502 959 collegas,
533 911 714 958 quoniam
745 910 799 946 ita
815 909 1017 946 commode
1039 908 1240 952 acciderit,
1268 913 1310 943 ut
1339 907 1377 943 in
1411 919 1562 943 summo

147 982 376 1030 magistratu
407 980 619 1021 (tribunatu
650 980 827 1027 militum)
861 985 972 1024 esset,
1004 979 1104 1015 bello
1134 979 1355 1015 imminente
1372 989 1560 1013 summam

148 1052 296 1089 consilii
327 1051 519 1088 detulisse.
601 1051 849 1087 Manifestum
896 1057 953 1086 est
980 1050 1117 1097 igitur,
1163 1049 1315 1085 Livium
1347 1048 1564 1096 scripsisse:

149 1123 233 1171 qui
264 1134 311 1158 se
340 1122 433 1158 iam
466 1127 686 1168 quartum
719 1128 939 1159 creasset
980 1120 1189 1167 (tribunum
1220 1120 1428 1165 nimirum),
1462 1119 1564 1154 dic-

147 1199 354 1229 tatorem
373 1191 543 1227 additum
561 1203 644 1227 esse
675 1193 724 1228 ab
757 1192 899 1240 aliquo,
921 1191 985 1239 qui
1016 1191 1264 1239 magistratus
1294 1203 1434 1227 nomen
1465 1190 1564 1226 (lesi-

148 1263 312 1306 deraret,
355 1262 394 1298 in
425 1274 469 1298 eo
501 1268 627 1298 autem
658 1262 742 1311 ipso
775 1263 985 1298 aberraret.
1070 1261 1122 1297 Et
1173 1266 1256 1297 erat
1290 1259 1476 1297 Camillus
1519 1273 1564 1296 eo

149 1345 250 1369 anno
282 1338 458 1380 quartum
490 1332 664 1368 tribunus
702 1345 750 1369 ex
780 1332 882 1369 Livii
911 1331 1149 1376 rationibus,
1196 1331 1261 1379 qui
1291 1343 1378 1367 eum
1408 1332 1481 1377 VI,
1518 1333 1564 1369 18

149 1403 344 1452 quintum7
375 1403 458 1447 VI,
501 1403 550 1438 22
583 1409 735 1439 sextum
766 1410 935 1440 creatum
966 1401 1122 1443 scribit,
1159 1413 1237 1437 non
1267 1408 1469 1439 numerato
1500 1402 1565 1439 illo

149 1474 357 1517 tribunatu,
390 1485 501 1521 quem
533 1486 662 1509 errore
693 1473 727 1509 ei
755 1485 826 1521 pro
858 1484 1020 1509 censura
1051 1471 1262 1519 assignavit
1294 1472 1342 1517 V,
1382 1475 1411 1510 l.

262 1543 359 1592 Cap.
407 1546 474 1587 11,
514 1544 535 1579 3
575 1543 648 1591 (M.
689 1543 859 1580 Manlius
900 1542 1156 1590 Capitolinus)
1198 1554 1318 1590 aegre
1354 1542 1567 1584 ferebat,

151 1614 303 1651 solum
335 1627 436 1651 eum
470 1612 708 1661 (Camillum)
739 1613 784 1649 in
814 1613 1211 1661 magistratibus,
1249 1613 1402 1649 solum
1443 1614 1569 1662 apud

152 1684 399 1721 exercitus
429 1696 552 1727 esse,
583 1690 768 1720 tantum
799 1684 892 1720 iam
925 1683 1154 1727 eminere„
1197 1689 1244 1718 ut
1277 1683 1459 1719 eisdem
1493 1696 1568 1720 au·

152 1755 325 1804 spiciis
356 1760 548 1791 creatos
578 1766 669 1790 non
699 1767 785 1802 pro
829 1753 1065 1801 collegis,
1096 1753 1179 1790 sed
1210 1766 1295 1802 pro
1324 1754 1568 1791 ministris

151 1826 343 1862 habeat.
406 1824 509 1872 Quid
538 1825 611 1861 hoc
641 1831 710 1869 est,
741 1836 885 1872 quaeso,
915 1823 1039 1860 solum
1071 1823 1276 1861 Camillum
1292 1823 1331 1859 in
1361 1825 1567 1872 magistra-

152 1896 254 1931 tibus
286 1907 381 1939 esse,
413 1907 529 1942 quum
560 1901 637 1931 tres
668 1895 836 1943 collegas
865 1895 1028 1937 habeat,
1058 1894 1183 1930 solum
1213 1893 1317 1942 apud
1352 1893 1569 1930 exercitus?

153 1965 506 2014 Exaggerationem
524 1965 662 2013 aliquis
674 1965 773 2001 hanc
793 1977 877 2001 esse
906 1965 1071 2001 forsitan
1093 1963 1208 2000 dicat.
1256 1964 1378 2011 Atqui
1401 1976 1568 2012 exagge-

152 2037 252 2073 ratio
269 2037 328 2077 iis,
349 2048 433 2084 quae
458 2041 558 2079 sunt,
579 2035 709 2071 adiicit
739 2048 797 2081 ea,
815 2048 899 2083 quae
911 2034 1004 2083 fingi
1022 2041 1059 2070 et
1089 2035 1138 2070 ab
1172 2034 1413 2070 audientibus
1445 2035 1567 2083 accipi

154 2106 322 2155 possint;
369 2106 500 2154 itaque
529 2105 583 2149 is,
633 2105 699 2153 qui
727 2118 848 2154 saepe,
893 2104 1028 2141 ceteris
1059 2104 1233 2149 deiectis,
1273 2116 1370 2140 unus
1402 2105 1568 2153 aliquem

154 2176 422 2225 magistratum
453 2176 575 2224 capit,
605 2175 709 2211 solus
740 2189 826 2212 eum
857 2188 996 2224 capere
1029 2174 1103 2210 dici
1131 2180 1279 2222 pot-est3
1324 2175 1390 2223 qui
1419 2188 1572 2224 semper

153 2253 283 2282 ternos
328 2245 497 2294 collegas
535 2246 674 2290 habet,
723 2245 827 2281 solus
870 2245 945 2280 dici
988 2244 1137 2292 nequit;
1184 2257 1274 2280 nam
1305 2246 1429 2281 solum
1461 2259 1573 2282 vere

155 2316 422 2364 magistratum
454 2328 558 2357 esse,
603 2316 707 2352 aliud
737 2322 794 2351 est
823 2327 892 2352 nee
923 2315 1066 2351 omisso
1095 2315 1161 2351 illo
1191 2316 1382 2353 vocabulo
1412 2317 1573 2366 intelligi

155 2392 301 2435 potest3
330 2398 455 2434 neque
485 2386 633 2434 magis,
664 2385 786 2422 solum
819 2385 923 2434 apud
953 2385 1143 2422 exercitus
1174 2397 1269 2422 esse.
1337 2388 1419 2423 Aut
1455 2386 1571 2424 fallor

157 2463 225 2494 aut
254 2457 388 2493 Livius
417 2469 492 2492 uno
526 2457 646 2492 verbo
676 2456 799 2492 minus
831 2456 1000 2505 scripsit:
1040 2456 1193 2493 solum
1224 2469 1323 2493 eum
1354 2457 1399 2493 in
1430 2458 1573 2506 magi-

157 2527 418 2572 stratibus,
466 2526 621 2562 solum
665 2527 792 2575 apud
833 2526 1080 2562 exercitus
1119 2532 1302 2563 tantum
1332 2527 1423 2564 iam
1455 2528 1575 2564 emi-

157 2611 287 2642 nere,
319 2604 367 2634 ut
397 2604 468 2636 eet.
