1811 2925
870 114 945 149 379
1374 112 1448 146 Lib.
1466 113 1619 143 XXXII.

203 235 300 272 rium
346 235 494 271 animos
545 236 617 272 sibi
665 233 868 271 conciliare
920 235 1129 282 studenti):
1172 236 1230 272 Et
1275 249 1378 273 cum
1421 238 1620 273 Achaeis

205 306 395 354 quidem
425 318 508 353 per
538 305 635 341 haec
669 306 954 343 societatem
984 305 1231 344 firmabat.
1291 308 1616 344 Macedonum

206 376 392 412 animos
445 388 543 412 cum
586 376 897 413 Heracliden
941 377 1142 413 amicum
1186 379 1391 414 maxime
1423 378 1621 415 invidiae

204 447 302 483 sibi
333 458 437 482 esse
467 452 709 493 cerneret,
750 448 914 484 multis
960 447 1251 484 criminibus
1290 455 1536 485 oneratum
1569 450 1617 485 in

203 517 368 554 vincla
408 518 639 562 coniecit,
687 518 879 567 ingenti
924 518 1244 567 popularium
1287 520 1478 568 gaudio.
1556 521 1622 558 Sic

206 589 287 625 sine
328 588 406 624 ulla
437 588 551 625 litura
595 590 770 638 spatiove
806 602 929 626 vacuo
960 590 997 626 in
1028 590 1062 626 B
1094 589 1283 634 scribitur,
1315 604 1362 627 ex
1393 604 1469 639 qua
1499 591 1618 640 scrip-

206 664 292 695 tura
323 672 437 707 quam
468 660 572 696 facili
603 666 639 695 ct
670 666 774 696 certa
805 659 1072 696 emendatione
1102 673 1235 696 verum
1268 668 1461 706 oreretur,
1512 662 1618 698 ouius

205 731 368 779 vestigia
398 731 434 767 in
467 732 600 768 ceteris
632 731 826 768 codicibus
866 731 962 767 mira
1006 731 1263 780 interpolandi
1295 732 1449 769 licentia
1480 734 1616 769 obscu-

206 807 291 838 rata
322 810 450 847 erant,
482 803 561 838 dixi
590 802 667 838 iam
699 815 732 839 a.
772 804 891 847 18293
940 802 1034 843 (vid.
1067 801 1210 850 Opusc.
1245 804 1370 841 Acad.
1404 805 1444 840 ΙΙ
1470 817 1506 852 p.
1540 806 1616 840 :⁴363

206 875 322 920 sqq.).
388 874 492 909 Nam
525 873 727 921 geminatis
761 873 910 909 duabus
940 873 1121 909 extremis
1152 874 1286 910 litteris
1317 875 1425 911 verbi
1456 875 1618 911 firma-

205 944 297 988 bat,
336 945 397 980 fit:
440 945 501 980 At
541 944 630 990 (hoc
661 950 734 979 cst:
777 944 850 991 ad)
892 943 1208 980 Macedonum
1248 944 1432 981 animos
1477 958 1618 993 quum

205 1014 507 1050 Heracliden
547 1015 748 1051 amicum
779 1014 985 1049 maxime
1024 1013 1220 1050 invidiae
1250 1015 1341 1051 sibi
1374 1028 1480 1052 esse
1515 1029 1619 1052 cer-

205 1092 361 1129 neret,
404 1098 454 1122 m.
486 1086 611 1122 crim.
646 1098 772 1121 ouer.
812 1085 857 1120 in
888 1085 1049 1121 vincla
1080 1085 1320 1132 coniecit,
1352 1094 1421 1123 cet.
1485 1087 1619 1135 Aptis-

204 1154 298 1191 sime
323 1155 457 1191 Livius
497 1156 550 1192 sic
591 1156 639 1192 ab
670 1156 824 1192 Achaeis
865 1155 913 1191 ad
946 1155 1180 1193 Macedones
1210 1157 1369 1203 transit,
1413 1164 1479 1202 ut,
1530 1157 1619 1205 quid

204 1226 289 1262 illos
320 1227 488 1263 maxime
517 1227 556 1262 in
587 1226 768 1274 Philippo
800 1225 1023 1274 offenderit,
1063 1227 1190 1274 dicat,
1237 1229 1374 1265 deinde
1404 1229 1441 1265 id
1474 1229 1619 1277 Philip-

203 1310 294 1345 pum
326 1298 523 1334 sustulisse
552 1303 694 1333 narret.
762 1297 814 1333 Et
842 1297 886 1333 in
899 1298 1037 1334 vidiae
1068 1299 1219 1347 quidem
1253 1300 1402 1336 alicui
1442 1312 1524 1335 esse
1556 1308 1621 1336 aut

205 1369 414 1405 invisum
447 1381 551 1405 esse
581 1368 650 1413 ad,
681 1369 753 1404 hoc
784 1373 859 1413 est,
893 1369 1018 1417 apud
1063 1370 1280 1419 aliquem
1323 1383 1438 1419 quam
1481 1370 1620 1406 usitate

205 1439 368 1484 dicatur,
398 1440 597 1476 declarant
626 1439 745 1488 ipsius
777 1439 876 1475 Livii
907 1440 1084 1489 exempla
1107 1441 1197 1477 olim
1230 1454 1252 1477 a
1282 1454 1342 1477 me
1372 1442 1512 1490 posita,
1543 1442 1618 1485 ΙΙΙ,

206 1511 250 1545 31
292 1510 504 1557 (invidiae
541 1516 702 1546 tamen
731 1522 807 1546 res
850 1510 908 1545 ad
940 1513 1210 1549 exercitum
1242 1513 1350 1560 fuit.)
1394 1521 1430 1548 et
1460 1513 1619 1555 XXIV,

208 1581 255 1616 32
277 1581 351 1628 (ad
377 1581 588 1617 militare
617 1593 765 1629 genus
797 1593 935 1617 omne
964 1590 1251 1632 partemque
1281 1597 1498 1633 magnam
1523 1584 1620 1633 ple-

205 1651 277 1688 bis
317 1651 526 1688 invisum
571 1664 675 1688 esse
716 1664 889 1687 nomen
921 1653 1204 1700 Romanum)
1251 1660 1286 1690 et
1320 1654 1517 1692 Ciceronis
1549 1656 1620 1705 (ad

206 1722 325 1759 Attio.
361 1723 478 1768 VIII,
511 1725 551 1759 3:
582 1723 882 1759 invidiosum
914 1723 970 1758 ad
1002 1725 1195 1772 bonos),
1236 1733 1278 1761 ut
1314 1726 1408 1761 nihil
1447 1740 1542 1774 opus
1573 1727 1621 1763 sit

206 1794 487 1842 praepositionis
517 1794 576 1830 ad
606 1794 738 1830 eodem
773 1793 989 1841 significatu
1023 1794 1126 1843 apud
1157 1794 1295 1831 similia
1320 1798 1440 1833 verba
1460 1798 1622 1834 locutio—

206 1877 323 1900 nesve
353 1865 488 1913 positae
505 1865 683 1914 exempla
715 1864 879 1901 Liviana
901 1864 1042 1900 addere
1075 1865 1195 1911 (velut
1225 1866 1276 1907 V,
1295 1869 1330 1911 6,
1365 1870 1410 1903 6:
1442 1867 1619 1905 famam

207 1935 263 1972 ad
294 1942 483 1972 ceteros
513 1936 722 1985 populos
759 1948 984 1984 quaerere,
1016 1937 1179 1981 XXIX,
1216 1940 1276 1982 11,
1310 1941 1354 1973 4:
1386 1945 1530 1985 terra,
1563 1941 1620 1976 ad

207 2018 324 2055 quas
365 2007 677 2043 concilianda
720 2007 955 2043 maiestas
1002 2008 1180 2044 nomini
1219 2009 1436 2045 Romano
1477 2002 1621 2056 esset,

205 2078 282 2114 ibd.
314 2078 378 2119 22,
411 2079 447 2123 8,
478 2078 682 2122 XXXVI,
706 2078 742 2121 8,
775 2081 816 2114 4:
849 2078 1085 2126 quaerenti
1116 2078 1216 2115 sibi
1247 2080 1621 2117 commendatio-

205 2161 306 2184 nem
337 2148 394 2184 ad
424 2148 739 2185 Macedonum
771 2154 960 2196 gentem
994 2156 1036 2185 et
1074 2149 1310 2185 invidiam
1347 2151 1470 2198 regi,
1512 2157 1549 2187 et
1581 2155 1624 2188 5:

205 2218 390 2254 nullam
431 2218 637 2266 gratiam
675 2218 731 2254 ad
773 2219 1084 2264 Macedones,
1140 2219 1298 2255 odium
1345 2221 1516 2270 ingens
1566 2223 1622 2259 ad

206 2289 485 2338 Philippum
536 2289 716 2335 movit).
798 2289 913 2336 Quod
969 2297 1095 2326 autem
1142 2291 1479 2328 Weissenbornius
1522 2294 1623 2330 hanc

207 2360 511 2396 emendationem
542 2360 786 2408 probandam
816 2360 937 2396 videri
967 2362 1137 2409 potuisse
1166 2362 1331 2407 iudicat,
1374 2363 1405 2399 si
1436 2369 1536 2399 esset
1566 2364 1622 2399 ad

206 2431 516 2476 Macedones,
548 2443 594 2467 ea
623 2444 716 2467 vero
739 2431 931 2467 distinctio
952 2431 1059 2467 nulla
1080 2438 1148 2478 est,
1183 2433 1366 2481 quoniam
1387 2445 1464 2468 non
1497 2433 1622 2469 minus

206 2501 355 2538 animos
384 2502 580 2538 hominum
599 2500 827 2538 offendimus
845 2514 960 2550 quam
975 2503 1080 2551 ipsos
1093 2503 1267 2540 homines
1283 2515 1353 2539 nec
1383 2504 1506 2539 minus
1520 2504 1623 2552 apud

207 2573 356 2609 animos
392 2572 506 2609 invisi
538 2585 669 2609 sumus
700 2585 816 2620 quam
860 2574 963 2622 apud
993 2574 1184 2619 homines3
1224 2574 1360 2610 maluit
1400 2580 1526 2610 autem
1570 2574 1623 2611 sic

208 2643 340 2680 Livius
370 2644 558 2683 scribere,
600 2644 703 2692 quod
735 2644 784 2680 ab
814 2644 921 2680 initio
952 2645 1159 2691 sententiae,
1198 2645 1367 2682 nondum
1397 2646 1524 2694 posito
1557 2646 1622 2681 illo
