1811 2925
832 135 910 171 579
1363 135 1438 166 Lib.
1453 136 1582 168 XLIV.

161 258 285 295 minus
316 263 397 294 erat
428 256 784 306 reprehendendus;
822 269 891 293 nec
920 255 1144 304 intelligitur
1173 255 1471 305 significaturve,
1515 271 1584 296 cur

160 341 273 365 nemo
304 340 420 364 ausus
450 328 499 364 sit
529 327 741 365 consulenti
763 327 945 372 suadere3
975 325 1113 362 saltem
1141 338 1256 363 vera
1286 328 1491 366 suadere
1523 329 1583 366 di-

161 398 323 435 cendum
355 404 454 442 erat3
501 398 567 434 sed
610 398 691 446 ipse
723 397 857 434 Livius
898 397 1113 446 (superiore
1151 397 1276 446 capite
1308 401 1326 443 ξ
1365 400 1427 446 12)
1459 412 1581 449 appa-

160 467 280 504 ruisse
311 467 457 504 Perseo
489 467 597 513 dixit,
638 468 730 516 quid
760 480 906 514 omnes,
947 467 980 504 si
1012 468 1241 513 consuleret,
1271 470 1424 506 suasuri
1456 477 1582 507 essent

159 538 238 586 (ut,
280 538 383 586 quod
421 538 596 583 nolebat,
633 539 799 586 pecunia
837 539 931 575 data
971 537 1177 577 Gallorum
1217 551 1337 588 opera
1378 545 1581 587 uteretur).

158 609 297 657 Itaque
328 609 540 645 consulenti
570 609 651 658 regi
681 615 717 645 et
748 609 911 647 suadere
943 616 981 646 et·
1009 622 1104 645 vera
1126 610 1290 646 suadere
1311 611 1438 659 parati
1457 618 1579 650 erant.

158 678 374 728 Scripserat
406 679 556 715 Livius:
588 692 728 728 quum
759 681 973 718 suadere
1004 693 1096 720 non
1128 681 1412 718 consulenti
1442 694 1580 718 nemo

158 750 371 786 auderet.
431 750 518 786 Hoc
548 750 672 799 ipsum
704 751 807 797 dicit,
829 752 988 797 Persea,
1020 764 1138 800 quum
1169 752 1294 797 sciret,
1326 764 1459 788 omnes
1489 764 1582 789 con-

157 819 318 856 trarium
349 820 407 863 ei,
454 821 557 869 quod
602 828 774 870 optaret,
816 834 1000 859 suasuros
1035 834 1139 867 esse,
1183 830 1415 872 exprompta
1453 823 1579 872 ipsum

158 890 334 927 oratione
376 890 422 927 de
463 890 668 928 Gallorum
711 893 876 941 perfidia
920 899 958 929 et
1005 892 1171 938 feritate,
1219 907 1296 930 non
1341 893 1576 931 consulendo

157 968 293 998 contra
323 961 473 998 dicendi
502 962 628 999 locum
674 975 751 998 non
781 963 945 999 dedisse.
1030 964 1136 1000 Non
1177 971 1266 1001 ante
1315 976 1403 1000 con
1448 964 1580 1001 omissi

156 1044 234 1068 non
262 1044 353 1068 rara
384 1033 562 1081 exempla
592 1041 681 1070 sunt
711 1038 748 1069 et
776 1033 815 1069 in
837 1033 1001 1070 aliorum
1026 1035 1222 1072 codicibus
1259 1042 1295 1071 et
1325 1035 1364 1070 in
1396 1035 1509 1080 Livii,
1539 1041 1579 1072 ut

155 1102 211 1146 Π,
244 1104 307 1146 45,
341 1104 360 1137 4
393 1102 432 1137 in
463 1103 582 1149 Med„
611 1104 651 1140 in
682 1103 851 1141 vindob.
885 1105 1019 1151 XLII,
1055 1108 1115 1152 14,
1149 1103 1230 1151 8.¹)
1291 1107 1353 1143 De
1384 1107 1579 1143 contrario

156 1185 288 1208 errore
318 1172 399 1208 dixi
429 1174 478 1210 ad
499 1174 572 1219 IV,
596 1177 631 1219 4,
654 1176 676 1211 9
698 1187 736 1223 p.
761 1175 827 1213 90.
890 1175 1080 1213 Extremo
1113 1177 1240 1226 capite
1271 1180 1289 1222 ξ
1326 1178 1371 1214 12
1403 1183 1467 1223 (-
1488 1190 1580 1214 nam

156 1245 174 1287 ξ
206 1243 228 1279 9
262 1242 340 1279 iam
383 1242 608 1281 Gronovius
648 1245 781 1281 misit
820 1258 892 1294 pro
923 1247 1073 1284 missa
1105 1248 1222 1284 scribi
1252 1247 1362 1284 iussit
1396 1248 1464 1296 -)
1497 1249 1578 1285 haec

154 1313 339 1350 eduntur:
370 1314 472 1352 Hoc
504 1315 673 1352 audito
704 1316 932 1363 Perseus,
960 1317 1274 1354 contraxisse
1312 1331 1413 1355 euin
1455 1318 1578 1365 (Gen—

155 1385 264 1429 tium)
294 1385 620 1421 necessitates
650 1392 786 1422 ratus
820 1388 878 1423 ad
922 1388 1099 1424 bellum
1134 1388 1301 1436 utique
1345 1401 1446 1425 cum
1492 1390 1578 1426 Ro-

157 1456 330 1504 manis,
387 1455 442 1491 ad
489 1457 835 1504 revocandum,
894 1459 972 1507 qui
1021 1459 1273 1507 pecuniam
1320 1459 1578 1508 portabat,

155 1526 302 1571 misit.
348 1538 433 1574 quae
478 1526 597 1562 tacita
635 1528 895 1575 praetermissa
926 1529 1068 1574 miror,
1112 1529 1187 1566 nisi
1225 1530 1329 1578 quod
1359 1530 1577 1566 dubitatum

154 1604 225 1641 est,
257 1610 305 1633 an
336 1596 451 1633 scribi
483 1603 695 1645 oporteret:
742 1599 798 1635 ad
828 1599 1156 1645 revocandos,
1203 1600 1283 1648 qui
1322 1600 1579 1649 pecuniam

154 1668 440 1716 portabant.
500 1668 604 1704 Nam
625 1680 750 1716 neque
782 1670 1109 1707 necessitates
1138 1670 1279 1718 plurali
1312 1683 1472 1708 numero
1494 1671 1579 1710 h.l.

180 1864 213 1909 ²)
239 1869 279 1900 In
306 1867 481 1902 Ciceronis
509 1870 713 1903 Cluentiana
741 1882 770 1905 e.
797 1876 853 1911 45,
879 1874 941 1904 127
981 1874 1153 1906 verissime
1189 1875 1377 1907 Lambinus
1412 1876 1576 1907 restituit:

249 1932 336 1963 Aut
362 1932 478 1963 illud
505 1932 720 1974 afferant,
757 1933 925 1974 aliquid
953 1945 1066 1973 sese,
1100 1937 1213 1977 quod
1240 1937 1286 1967 de
1312 1937 1380 1968 his
1407 1937 1576 1969 duobus

250 1993 490 2026 habuerint
516 2002 799 2036 compertum,
829 1997 876 2027 de
902 1998 1063 2028 ceteris
1089 2007 1174 2028 non
1201 1999 1473 2039 comperisse,
1498 2009 1578 2041 pro:
1608 2002 1612 2007 ’

249 2056 296 2086 de
325 2056 488 2087 ceteris
515 2058 786 2097 comperisse.
835 2058 995 2089 Postulat
1013 2057 1144 2097 Cicero,
1171 2064 1207 2090 ut
1225 2060 1434 2098 ostendatur,
1461 2069 1579 2101 reapse

251 2126 407 2149 censores
441 2118 571 2158 aliquid
608 2119 782 2159 singulare
815 2120 849 2149 in
885 2120 1018 2151 duobus
1043 2120 1109 2152 illis
1144 2121 1330 2158 iudicibus,
1373 2131 1458 2162 quos
1485 2122 1578 2153 solos

249 2180 450 2216 notaverint,
485 2179 707 2219 comperisse3
745 2180 898 2221 alioquin
931 2191 967 2212 se
1001 2182 1249 2213 affirmaturum
1287 2182 1467 2222 significat,
1494 2183 1579 2214 nihil

249 2239 360 2270 valere
395 2240 488 2271 illam
523 2240 651 2271 incerto
683 2251 818 2273 rumore
847 2252 1041 2283 expressam
1076 2245 1297 2276 notationem.
1347 2244 1576 2282 Negationem

250 2301 440 2332 addendam
468 2311 554 2339 esse,
582 2302 637 2333 vel
669 2302 777 2334 solum
803 2313 996 2344 pronomen
1019 2305 1190 2346 aliquid
1216 2306 1383 2344 ostendit,
1421 2316 1483 2348 pro
1510 2316 1578 2348 quo

251 2362 403 2402 alioquin
432 2363 540 2394 idem
567 2364 750 2396 dicendum
776 2371 859 2396 erat.
918 2365 985 2398 Sed
1011 2377 1152 2408 prorsus
1178 2368 1360 2399 ridiculum
1386 2373 1437 2398 est
1460 2374 1580 2409 postu-

250 2424 332 2462 lare,
359 2430 396 2455 ut
422 2433 579 2456 censores
612 2425 772 2465 afferant,
809 2437 844 2459 se
876 2428 964 2459 idem
1001 2429 1206 2469 comperisse
1232 2429 1273 2459 de
1299 2429 1350 2466 iis,
1385 2430 1426 2460 de
1456 2430 1580 2470 quibus

251 2485 316 2525 ipsi
352 2487 523 2518 contraria
557 2488 744 2518 statuerint.
805 2489 913 2529 Apud
938 2490 1106 2521 Senecam
1131 2490 1234 2521 Rhet.
1272 2489 1434 2522 Controv.
1460 2490 1508 2529 11,
1538 2495 1577 2522 12

251 2556 284 2587 p.
315 2549 378 2578 173
409 2547 484 2588 Bip.
534 2548 770 2581 scribendum:
805 2549 855 2580 In
886 2550 966 2582 hac
992 2549 1300 2582 controversia
1325 2551 1456 2583 Latro
1483 2562 1580 2584 con-

252 2609 434 2639 trariam
467 2618 550 2640 rem
583 2619 668 2641 non
701 2613 1018 2643 controversiae
1055 2613 1100 2653 (v.
1129 2621 1214 2642 rem
1243 2613 1576 2654 controversiae)

251 2669 386 2708 dixit,
413 2670 485 2702 sed
511 2670 605 2702 sibi.

1249 2748 1314 2782 37*
