1811 2925
831 138 908 173 493
1387 138 1461 170 Lib.
1487 138 1581 169 XLI.

165 257 358 305 Grynaeus
389 257 561 305 plurimis
602 257 696 294 locis
728 257 914 301 adhibuit,
952 258 1256 294 emendationem
1288 260 1512 307 prudentem
1545 267 1581 296 et

165 334 330 370 cautam,
365 339 440 363 non
470 327 664 371 timidam,
707 328 900 364 sententiae
942 334 978 364 et
1009 328 1193 364 orationis
1233 329 1405 377 pondera
1436 329 1581 365 exami-

164 403 317 433 nantem
351 404 388 433 et
420 397 565 433 librarii
596 397 908 433 consuetudinem
939 397 1264 442 considerantem,
1305 411 1381 434 non
1411 399 1582 447 singulas

165 467 310 502 litteras
341 467 453 504 nimis
485 467 689 504 artificiose
719 474 754 503 et
795 473 968 503 contorte
1009 474 1230 505 sectantem.
1305 469 1584 516 Relinquentur

165 536 218 572 sic
242 548 395 584 quoque
416 537 548 581 multa,
571 549 654 584 quae
669 537 924 586 suspicionem
946 537 1115 572 habeant
1130 537 1283 583 iustam,
1306 539 1581 575 correctionem

165 611 307 641 certam
339 611 405 641 aut
434 608 674 655 probabilem
704 620 779 643 non
812 606 1008 655 recipiant.

731 899 834 946 Lib.
883 899 1015 946 XLI.

277 1024 403 1060 Huius
435 1023 519 1060 libri
554 1036 691 1060 novem
725 1024 851 1072 prima
881 1024 1021 1072 capita,
1055 1030 1094 1059 ut
1125 1023 1217 1067 dixi,
1248 1023 1302 1060 ita
1324 1023 1480 1073 Grynaei
1508 1025 1582 1061 fide

165 1094 347 1137 nituntur,
388 1101 441 1135 ut,
484 1094 575 1142 quid
605 1094 668 1130 ille
702 1094 740 1130 in
771 1094 912 1131 codicis
954 1094 1143 1142 scriptura
1174 1094 1342 1137 mutarit,
1375 1095 1578 1131 nesciatur.

165 1165 303 1212 ltaque
333 1164 371 1200 in
402 1164 447 1199 iis
468 1164 576 1210 locis,
606 1164 644 1199 in
674 1164 811 1212 quibus
833 1165 1000 1212 suspicio
1028 1164 1160 1208 oritur,
1194 1176 1329 1211 neque,
1362 1163 1582 1200 codicemne

165 1247 213 1270 an
245 1234 454 1282 (ernaeum
487 1247 640 1282 arguas,
671 1234 770 1270 scias
800 1247 924 1282 neque
954 1234 1066 1270 certis
1098 1234 1246 1270 indiciis
1277 1234 1581 1269 emendationem

164 1304 319 1352 dirigas.
399 1304 462 1339 Ita
493 1304 645 1340 difficile
687 1311 743 1340 est
774 1304 898 1352 ipsum
933 1304 1161 1340 correctioni
1191 1304 1394 1348 confidere,
1429 1303 1583 1340 difficile

165 1374 247 1409 aliis
286 1373 400 1409 fidem
443 1373 588 1418 faeere3
631 1386 756 1421 neque
794 1380 922 1409 tamen
961 1375 1170 1410 omittenda
1207 1382 1313 1419 sunt,
1359 1387 1443 1422 quae
1481 1374 1583 1410 veris

161 1444 300 1480 similia
329 1443 518 1483 videntur,
550 1450 587 1479 et
619 1443 752 1479 saltem
786 1444 924 1479 menda
954 1445 1136 1482 notanda.

273 1512 368 1561 Cap.
406 1515 439 1557 1,
472 1515 493 1549 6
523 1513 605 1560 (ubi
636 1513 903 1550 describuntur
933 1514 1116 1550 stationes
1148 1515 1195 1549 ab
1227 1514 1277 1549 A.
1309 1514 1455 1549 Manlio
1488 1526 1577 1550 con-

159 1583 253 1628 sule,
285 1583 440 1619 Istriam
472 1583 659 1631 ingresso,
692 1584 740 1619 ab
772 1584 949 1620 omnibus
972 1591 1185 1620 castrorum
1208 1584 1383 1632 partibus
1416 1584 1577 1620 circum-

159 1652 292 1701 datae):
341 1653 385 1688 in
434 1653 635 1688 Isti-iam
681 1665 872 1689 versum
920 1658 955 1695 (e
1001 1654 1122 1690 Gron.
1157 1654 1342 1697 coniect.,
1388 1653 1444 1689 ed.
1482 1656 1496 1689 l
1532 1654 1576 1689 in

158 1723 455 1770 Istriamque
505 1728 655 1762 suum)
702 1723 979 1770 praesidium
1029 1724 1260 1759 stativum
1320 1723 1577 1771 repentina

158 1793 331 1829 cohors
378 1792 675 1828 Placentina
720 1793 945 1840 opposita
982 1793 1111 1829 inter
1159 1806 1288 1829 mare
1326 1801 1373 1828 et
1411 1800 1576 1829 castra

157 1870 220 1907 et,
276 1869 328 1898 ut
380 1862 500 1898 idem
540 1862 867 1909 aquatoribus
906 1863 962 1898 ad
1001 1862 1211 1899 fluvium
1253 1870 1379 1898 esset
1417 1864 1575 1911 praesi-

157 1932 305 1975 dium,
335 1933 390 1969 M.
422 1932 655 1969 AEbutius
695 1932 804 1970 trib.
837 1932 925 1969 mil.
964 1933 1183 1968 secundae
1216 1932 1427 1980 legionis
1458 1933 1575 1968 duos

158 2001 434 2050 manipulos
473 2001 677 2037 militum
725 2002 943 2038 adiicere
983 2002 1147 2037 iussus
1187 2008 1269 2039 est.
1346 2003 1438 2038 Non
1474 2002 1574 2038 idem

158 2072 230 2107 hoc
261 2071 478 2119 praesidium
510 2072 627 2108 fuisse
659 2071 767 2107 unius
798 2072 884 2116 loci,
914 2071 981 2106 sed
1012 2072 1086 2107 duo
1119 2072 1283 2116 diversa„
1305 2078 1342 2107 et
1363 2084 1423 2107 res
1446 2078 1575 2108 osten-

157 2142 211 2177 dit
265 2142 472 2189 additaque
522 2141 693 2177 locorum
749 2141 889 2177 mentio
941 2148 977 2176 et
1023 2142 1263 2189 apertissime
1312 2142 1444 2178 Livius
1493 2142 1574 2190 ipse

157 2211 248 2248 dicit
273 2211 452 2260 proximo
483 2211 608 2258 capite
640 2211 673 2257 (ἓ
709 2210 767 2258 3):
799 2211 888 2246 duo
921 2211 1060 2246 simul
1089 2211 1342 2259 praesidia,
1374 2211 1573 2248 Placen-

157 2281 267 2316 tinae
316 2281 531 2316 cohortis
581 2287 625 2315 et
671 2280 1028 2328 manipulorum
1071 2282 1291 2318 secundae
1342 2281 1573 2329 legionis,

156 2350 514 2398 aggrediuntur
558 2350 642 2397 (cl'r.
687 2362 716 2386 c.
750 2353 793 2394 7,
832 2352 854 2385 9
887 2351 933 2386 de
965 2352 1097 2387 eadem
1130 2356 1208 2398 re);
1252 2352 1383 2398 itaque
1412 2353 1572 2388 verbum

157 2419 371 2455 adiicere
421 2419 601 2455 inusitate
645 2420 811 2467 positum
860 2422 1139 2469 reprehendere
1183 2422 1329 2458 omitto.
1394 2423 1574 2470 Apparet

157 2489 269 2531 enim,
302 2489 450 2537 opinor,
484 2489 634 2525 Livium
667 2490 720 2525 sic
750 2490 830 2526 fere
861 2491 1076 2539 scripsisse:
1108 2499 1171 2537 et,
1205 2499 1252 2528 ut
1282 2493 1393 2531 item
1425 2504 1513 2539 aqu
1528 2505 1572 2527 a-

159 2559 347 2595 toribus
378 2559 434 2595 ad
464 2558 664 2595 fluvium
698 2565 826 2595 esset
855 2560 1152 2608 praesidium„
1184 2562 1238 2597 M.
1270 2562 1497 2598 AEbutius
1528 2591 1563 2599 ..

158 2627 276 2663 duos
314 2628 589 2676 manipulos
628 2628 833 2665 militum
885 2642 938 2669 eo
982 2629 1160 2670 ducere
1194 2631 1355 2667 iussus
1392 2639 1485 2675 est3
1526 2632 1572 2667 de
