1811 2925
863 121 935 157 571
1384 119 1457 151 Lib.
1484 120 1613 153 XLIV.

192 253 309 288 quum
342 240 428 288 quis
461 240 594 277 consul
626 239 890 277 consalutatur
920 246 957 275 ct
988 253 1063 289 quo
1095 241 1155 278 die
1178 242 1315 290 aliquis
1345 242 1613 291 magistratum

193 309 273 348 init.
344 309 480 347 Codex
507 312 644 348 habet:
676 322 814 359 quam
846 321 947 346 cum
973 317 1054 347 aut
1085 312 1352 360 conpulsus
1390 314 1615 350 consula-

190 387 292 429 tus,
339 380 376 416 in
422 393 498 429 quo
530 382 731 431 perspicue
769 379 1024 428 significatur:
1065 394 1163 418 cum
1203 389 1284 419 aut
1314 384 1484 420 consul
1514 396 1612 425 sum

189 451 556 496 consalutatus;
598 452 729 500 itaque
767 451 881 487 etiam
928 453 1278 500 magistratum
1317 454 1403 490 inii
1441 455 1609 492 scriben-

188 520 278 557 dum
311 527 386 566 est:
434 522 504 558 etsi
547 523 685 559 mirum
732 528 786 559 est
830 521 868 557 id
907 522 943 558 in
975 522 1189 560 inissent
1233 525 1303 571 (sic
1335 525 1437 571 cod.)
1472 527 1612 563 mutari

189 591 372 641 potuisse.
439 592 570 640 (Quod
602 592 916 629 Weissenbornio
959 593 996 628 in
1035 600 1199 630 mentem
1231 595 1334 631 venit
1366 608 1413 632 ex
1441 596 1515 632 illis
1545 609 1611 633 ve-

187 662 311 711 stigiis
342 662 512 699 efficere:
556 663 842 712 compulsus
892 676 1044 700 essem
1090 665 1147 701 ad
1177 666 1471 714 petitionem
1505 679 1611 703 con-

188 733 407 779 sulatus,
455 746 540 783 quae
570 739 723 782 poterat
766 733 804 769 in
836 746 881 770 eo
914 746 997 770 esse
1027 734 1133 783 vulgi
1174 736 1371 773 hominum
1401 737 1611 785 gratulatio

191 809 228 839 et
258 804 362 851 quod
389 812 473 841 erat
501 805 539 841 id
572 818 688 841 unum
720 811 870 853 tempus
882 803 913 851 ?)
1038 806 1084 842 In
1117 806 1249 843 eadem
1282 808 1455 844 oratione
1490 809 1607 857 paulo

187 873 289 911 infra
320 876 354 921 (ξ
390 876 429 916 4)
463 875 660 911 scribitur:
691 875 823 911 Illud
868 875 1125 913 affirmare
1164 890 1249 926 pro
1281 885 1418 915 certo
1444 880 1608 916 habeo

187 946 454 994 audeoque
483 958 551 982 me
583 946 709 982 omni
739 958 826 995 ope
859 946 1143 983 adnisurum
1179 960 1304 994 esse,
1337 956 1406 988 cet.
1474 949 1607 987 Offen-

186 1016 241 1052 dit
271 1023 308 1053 et
338 1017 463 1053 inanis
494 1017 606 1065 copia
636 1018 856 1059 verborum,
891 1029 1006 1064 quum
1041 1018 1231 1066 superiori
1273 1031 1473 1068 sperare
1502 1033 1606 1070 pos-

186 1097 288 1122 sum
331 1087 425 1123 satis
462 1087 695 1135 respondeat
737 1087 1001 1124 affirmare
1032 1101 1068 1137 p.
1101 1102 1132 1126 c.
1166 1090 1343 1135 audeo,
1378 1098 1414 1128 et
1442 1105 1607 1141 pravum

184 1155 367 1204 loquendi
410 1169 530 1205 genus
563 1170 650 1206 pro
683 1163 814 1194 certo
844 1159 1001 1195 habeo
1033 1159 1312 1209 affirmare,
1356 1175 1471 1211 quum
1504 1163 1608 1199 aliud

184 1225 233 1261 sit
253 1239 339 1274 pro
371 1234 502 1264 certo
533 1228 717 1265 habere
746 1241 816 1265 nec
858 1241 943 1265 cum
986 1230 1149 1278 simplici
1179 1231 1366 1268 infinitivo
1397 1233 1607 1282 coniunga-

184 1303 256 1332 tur.
320 1298 367 1333 In
403 1299 534 1336 codice
564 1299 742 1336 scribitur
770 1300 927 1336 habeo
959 1300 1116 1337 audeo
1148 1301 1229 1338 sine
1250 1303 1400 1351 copula.
1465 1305 1608 1341 Libra-

184 1366 277 1415 rius,
310 1379 427 1415 quum
458 1370 625 1406 scribere
659 1370 832 1407 deberet:
864 1370 1121 1407 affirmare
1151 1385 1235 1420 pro
1268 1380 1406 1410 certo
1439 1375 1606 1421 audeo,

185 1437 372 1486 primum,
410 1440 551 1476 oblitus
582 1453 668 1489 pro
700 1447 833 1477 certo
874 1453 959 1477 cum
1001 1439 1221 1478 affirmandi
1252 1445 1371 1480 verbo
1403 1446 1606 1491 cohaerere,

185 1508 334 1556 posuit:
356 1521 444 1557 pro
475 1516 607 1547 certo
634 1511 808 1557 habeo7
840 1511 977 1548 deinde
1007 1525 1140 1549 verum
1172 1514 1368 1565 (audeo)
1399 1517 1606 1558 substituit.

183 1577 349 1623 Deinde,
382 1581 564 1627 quoniam
594 1582 634 1618 in
665 1586 683 1628 ξ
717 1584 738 1619 6
771 1583 910 1619 vulnus
940 1590 1088 1619 tantum
1121 1584 1270 1632 aperire
1299 1597 1482 1633 possum,
1526 1600 1604 1624 non

183 1661 322 1686 sanare
338 1646 391 1698 1),
435 1650 474 1687 in
509 1655 527 1696 ξ
564 1655 609 1689 10
652 1653 831 1702 pusillum
863 1654 1043 1689 mendum
1072 1654 1218 1691 tollam.
1296 1656 1437 1693 Editur
1484 1658 1605 1694 euim:

183 1732 336 1768 neque
368 1721 489 1758 enim
523 1735 688 1760 omnes
718 1730 815 1760 tam
846 1724 977 1760 firmi
1008 1730 1053 1760 et
1081 1726 1603 1770 constantis(cod.con-

181 1791 350 1839 tactis)
394 1793 540 1829 animi
580 1803 758 1831 contra
796 1795 1055 1830 adversum
1087 1808 1330 1832 rumorem
1362 1809 1467 1833 esse
1497 1811 1603 1847 pos-

205 2025 236 2069 ¹)
269 2029 308 2060 In
335 2031 409 2062 cod.
437 2031 485 2062 sic
512 2031 685 2063 scribitur:
714 2031 810 2069 Vos,
839 2042 927 2073 quae
953 2034 1189 2074 scripsero
1222 2035 1395 2065 senatui
1430 2041 1502 2066 aut
1537 2047 1599 2068 vo-

272 2092 340 2124 bis
380 2102 522 2124 mores
561 2093 856 2125 crudelitatis
889 2099 1066 2126 vestrae
1093 2095 1274 2133 adlatis,
1313 2105 1490 2136 quorum
1534 2105 1600 2132 cet.

273 2152 599 2185 credulitatem
641 2160 730 2185 recte
770 2154 938 2196 Grynaeus
975 2156 1170 2195 substituit3
1207 2158 1266 2188 sed
1307 2168 1417 2198 neque
1451 2162 1598 2198 credo,

273 2223 361 2255 quae
388 2215 558 2252 scribis,
586 2216 745 2247 Latinum
772 2226 843 2247 esse
861 2227 922 2258 pro
947 2227 998 2256 eo,
1026 2219 1115 2257 quod
1143 2221 1350 2251 est:cred0
1368 2231 1468 2252 vera
1494 2231 1598 2259 esse,

273 2286 362 2316 quae
390 2287 479 2315 scra,
506 2282 579 2307 aut:
607 2278 734 2308 credo
760 2278 928 2309 litteris
956 2279 1143 2317 tuis‚hinc
1161 2280 1390 2321 confirmatur,
1413 2293 1522 2324 neque
1549 2293 1599 2314 ne

271 2338 408 2369 alatis
442 2349 503 2380 pro
536 2348 577 2370 ne
605 2339 814 2370 aluei-itis
847 2340 881 2370 in
906 2340 1118 2381 prohibendo
1146 2343 1222 2374 diei.
1285 2344 1413 2376 Forma
1439 2346 1598 2376 universa

271 2399 435 2431 orationis
462 2401 534 2432 haec
562 2400 691 2432 suerat:
719 2401 818 2439 Vos,
847 2411 935 2442 quae
962 2404 1182 2445 scripsero
1209 2407 1389 2437 senatui
1424 2412 1498 2438 aut
1523 2417 1598 2438 vo-

271 2460 350 2499 bis,
369 2460 432 2502 [ea
458 2472 561 2493 vera
585 2472 679 2494 csse
706 2464 918 2501 credatis,
942 2474 1176 2505 rogo,neve
1204 2466 1423 2508 ru]mores
1450 2469 1597 2499 credu-

271 2522 404 2554 litate
432 2529 578 2555 vestra
602 2524 757 2563 alatis,
784 2533 959 2564 quorum
987 2533 1051 2557 cet.
1109 2527 1219 2559 Paulo
1245 2534 1323 2569 post
1356 2530 1391 2570 (ξ
1418 2529 1453 2570 8)
1481 2530 1516 2560 in
1539 2540 1597 2562 co·

270 2585 344 2616 dice
371 2585 545 2616 scribitur:
572 2585 612 2616 in
638 2587 878 2618 convisunt
914 2587 986 2628 qui
1025 2590 1245 2622 exereitus
1278 2591 1324 2622 in
1350 2592 1596 2623 macemdu-

271 2651 382 2684 cent,
409 2656 484 2687 quae
512 2647 676 2688 Grynaeus
701 2653 790 2679 recte
815 2649 1016 2680 emendasse
1040 2650 1185 2683 videtur.
