1811 2925
810 134 888 170 373
1325 132 1400 166 Lib.
1431 132 1563 164 XXXI.

145 264 182 295 et
211 264 298 295 octo
330 257 503 295 locorum
537 255 724 305 exemplis
753 258 1020 303 confirmavit,
1069 256 1208 305 quibus
1243 257 1332 293 addi
1362 256 1439 293 alia
1469 269 1561 305 pos-

145 335 243 375 sunt,
277 334 317 365 ut
346 328 532 373 XXXII,
566 328 630 364 25.
706 327 783 366 Sed
813 328 916 364 aliud
957 334 1014 365 est
1047 333 1085 364 et
1113 328 1237 364 maius
1267 327 1401 364 vitium
1432 327 1471 363 in
1501 340 1558 373 eo,

146 400 249 448 quod
283 412 422 449 reapse
467 411 543 435 non
574 398 704 435 finitur
734 399 808 436 hoc
838 399 922 436 loco
953 412 1085 436 rerum
1120 412 1166 436 ea
1205 404 1336 435 aestate
1365 403 1560 447 gestarum

145 471 337 516 narratio3
380 483 469 508 nam
500 468 687 518 proximis
718 470 845 506 verbis
891 467 943 519 (c.
976 474 1040 515 44,
1079 473 1117 507 1:
1164 469 1355 507 Classis
1387 481 1410 505 a
1441 467 1563 506 Cor-

146 554 263 591 cyra
300 543 394 590 cet.)
437 540 574 578 transit
614 540 747 577 Livius
794 540 844 577 ad
886 553 946 577 res
987 541 1084 578 mari
1130 541 1262 578 eodem
1304 552 1403 576 anno
1434 544 1562 588 gestas

147 624 288 660 easque
320 613 368 649 ad
400 625 430 651 c.
468 615 516 649 47
550 611 717 647 medium
747 618 969 660 persecutus
1000 612 1053 649 ibi
1083 613 1235 649 demum
1267 617 1369 648 recte
1391 610 1563 648 subiicit:

146 684 256 721 Haec
295 697 349 721 ea
393 689 564 720 aestate
595 688 727 718 terra
757 682 977 731 marique
1009 684 1248 720 adversus
1282 682 1560 732 Philippum

155 783 192 793 ..
231 756 286 792 ab
320 755 520 792 consule
550 754 811 801 legatoque
840 755 1076 791 Romanis
1107 761 1258 804 gesta.
1319 753 1421 801 Quid
1447 753 1562 802 igitur

147 826 234 862 fiet?
276 826 469 863 Vitiosum
499 824 593 861 illud
624 830 761 860 erant
793 825 847 862 sic
881 826 1129 874 corrigemus,
1160 830 1201 861 ut
1231 825 1343 861 simul
1369 824 1564 861 sententiae

148 897 282 933 vitium
315 897 489 933 tollatur:
520 896 630 932 Haec
659 907 713 930 ea
743 901 910 932 aestate
953 897 1008 933 ab
1040 896 1270 933 Romanis
1303 896 1564 944 Philippo—

150 980 236 1015 que
273 974 413 1016 gesta
442 972 589 1010 terra.
649 964 838 1003 Classis
869 980 893 1003 a
924 966 1138 1016 Corcyra
1168 973 1238 1003 cet.
1302 967 1393 1016 Ipse
1425 978 1559 1002 narra-

149 1039 261 1076 tionis
305 1039 487 1076 transitus
530 1047 690 1089 paratur
734 1044 770 1074 et
818 1043 975 1074 notatur
1024 1050 1213 1074 concursu
1250 1038 1315 1074 illo
1356 1038 1562 1074 verborum

147 1117 282 1146 terra
311 1117 348 1146 et
378 1108 564 1147 classis.

261 1178 356 1228 Cap.
388 1183 452 1226 47,
486 1184 527 1219 6:
559 1183 602 1220 L.
634 1182 831 1227 Furius,
862 1180 1005 1217 simul
1036 1179 1168 1228 quod
1198 1179 1243 1214 in
1274 1179 1473 1217 Etruria
1503 1178 1566 1214 ni-

149 1250 215 1287 hil
248 1258 353 1287 erat
382 1252 468 1298 rei,
501 1253 624 1301 quod
653 1258 870 1302 gereret,
914 1251 1055 1287 simul
1087 1250 1283 1288 Gallico
1319 1249 1565 1297 triumpho

149 1321 411 1367 imminens,
443 1337 583 1372 quem
615 1325 820 1361 absente
850 1322 1049 1360 consule
1080 1322 1209 1358 irato
1254 1328 1398 1369 atque
1441 1319 1567 1355 invi-

150 1391 289 1428 dente
319 1392 521 1431 facilius
565 1393 820 1444 impetrari
849 1405 995 1442 posse
1024 1400 1193 1437 ratus,
1235 1393 1430 1429 Romam
1463 1390 1567 1426 ino-

148 1462 318 1510 pinato
373 1476 509 1512 quum
554 1466 802 1509 venisset,
861 1469 1080 1500 senatum
1126 1463 1171 1498 in
1214 1462 1307 1499 aede
1352 1461 1566 1498 Bellonae

149 1533 333 1571 habuit..
425 1535 666 1573 structuram
712 1535 896 1573 orationis
941 1534 1089 1570 turbari
1141 1533 1368 1582 pronomine
1415 1545 1565 1580 quem.

151 1601 376 1641 Gronovius
407 1607 700 1653 animadvertit,
742 1619 812 1643 nec
844 1605 1049 1654 quiequam
1094 1605 1127 1641 ei
1166 1605 1221 1641 rei
1251 1604 1410 1641 remedii
1442 1604 1566 1640 attulit

153 1674 489 1714 Weissenbornius
534 1679 590 1722 (in
623 1679 682 1717 ed.
714 1678 896 1724 Teubn.),
947 1676 1012 1724 qui
1047 1683 1114 1712 aut
1161 1682 1296 1712 ratus
1327 1688 1398 1725 pro
1431 1681 1568 1711 ratus

153 1750 223 1780 est
252 1746 420 1794 positum
457 1761 540 1786 esse
570 1750 691 1795 dixit,
743 1748 845 1796 quod
882 1748 1007 1796 ipsum
1051 1747 1089 1783 in
1131 1759 1250 1796 prosa
1282 1746 1455 1783 oratione
1486 1746 1566 1782 fieri

153 1816 295 1864 nequit,
342 1824 383 1853 ut
426 1819 479 1855 sic
524 1820 561 1855 in
595 1819 783 1856 sententia
816 1818 979 1855 relativa
1013 1819 1211 1855 omittatur
1252 1814 1393 1862 estl),
1432 1816 1569 1853 deinde

179 2001 207 2046 ¹)
245 2005 323 2036 Non
349 2006 486 2045 ignoro,
515 2014 617 2034 unum
645 2009 679 2035 et
704 2004 846 2035 alterum
873 2013 946 2035 esse
986 2004 1019 2033 in
1048 2003 1253 2034 contrariam
1295 2008 1426 2044 partem
1453 2013 1569 2034 exem-

247 2067 353 2108 plum,
381 2067 502 2098 extrito
530 2071 568 2098 st
597 2071 655 2097 aut
681 2071 792 2104 sunt,
818 2066 909 2097 velut
933 2065 977 2103 X,
1006 2069 1061 2103 30,
1091 2069 1111 2095 4
1138 2071 1170 2096 et
1196 2069 1260 2103 33,
1287 2068 1317 2095 6.
1367 2065 1476 2096 Paulo
1504 2066 1569 2096 alia

247 2140 363 2161 eorum
404 2130 554 2160 locorum
596 2128 681 2159 ratio
725 2137 797 2159 csse
831 2128 981 2166 videtur,
1022 2127 1079 2157 ubi
1118 2136 1185 2157 non
1230 2127 1455 2168 interponitur
1482 2127 1570 2169 peri-

249 2192 314 2222 odo
349 2191 516 2222 sententia
554 2190 714 2227 relativa,
760 2191 818 2221 sed
854 2195 1007 2221 extremo
1039 2189 1116 2219 loco
1151 2194 1309 2230 tanquam
1342 2189 1569 2227 continuatur,

247 2254 339 2284 velut
364 2253 408 2290 X,
440 2255 494 2290 27,
522 2255 552 2282 4.
603 2251 637 2282 Si
661 2260 837 2283 censuram
863 2252 1046 2283 scriberem
1072 2257 1104 2282 et
1130 2251 1271 2282 aliorum
1298 2251 1432 2282 inventa
1457 2261 1574 2293 perse—

249 2325 379 2357 querer,
408 2315 442 2345 in
469 2325 499 2348 c.
527 2317 569 2345 46
598 2323 754 2354 quererer
777 2314 921 2354 primum
949 2315 967 2354 ξ
998 2318 1037 2345 10
1064 2315 1201 2345 retineri
1229 2313 1409 2345 manifesto
1435 2323 1572 2355 perver-

250 2387 322 2408 sam
350 2377 547 2414 orationem,
572 2385 673 2416 quam
700 2385 769 2406 una
793 2376 906 2407 littera
927 2381 1056 2407 mutata
1083 2376 1183 2417 (fpro
1198 2377 1224 2417 i)
1254 2382 1286 2407 et
1311 2375 1449 2406 meliore
1469 2375 1574 2405 inter-

251 2438 436 2479 punctione
461 2438 679 2479 Kreyssigius
715 2438 797 2479 (sive
830 2438 904 2479 quis
933 2438 1019 2470 alius
1045 2443 1163 2470 auctor
1197 2438 1264 2478 est)
1299 2438 1443 2468 sanavit:
1480 2437 1572 2468 tela

249 2501 505 2540 ingerentes
532 2506 568 2531 et
596 2499 785 2541 pondere
806 2500 1113 2539 ingentisaxa.
1141 2500 1432 2532 Faciebantet
1458 2499 1576 2530 cuni—

253 2563 376 2594 culos
403 2567 442 2593 et
476 2561 690 2603 quicquid
722 2561 845 2592 aliud
882 2562 1028 2602 priore
1055 2563 1387 2603 oppugnatione
1420 2570 1575 2602 exper-

252 2629 336 2655 tum
362 2623 601 2665 profuerat.
660 2624 795 2655 Deinde
830 2633 897 2654 non
924 2624 1034 2655 minus
1063 2624 1221 2662 mirarer,
1255 2624 1288 2654 in
1323 2624 1340 2663 ξ
1371 2627 1407 2655 11
1438 2624 1573 2655 retineri

251 2695 327 2716 eam
355 2685 566 2727 scripturam,
592 2686 627 2716 in
653 2695 729 2727 qua,
759 2685 826 2716 nisi
851 2685 917 2716 vim
946 2685 1064 2722 facias,
1091 2684 1300 2716 Macedones
1322 2684 1447 2717 Oreum
1474 2687 1575 2717 tutati
