1811 2925
203 154 279 186 Lib.
308 154 350 185 X.
834 152 904 188 192

164 282 210 317 18
242 286 288 316 et
315 285 536 325 tempore
579 275 870 324 improvisa,
911 287 984 324 pro
1018 286 1094 322 quo
1124 274 1163 310 in
1194 274 1228 310 P
1262 280 1345 309 erat
1381 278 1425 308 et
1454 279 1579 308 tem-

159 363 276 400 pore
300 349 346 385 in
377 360 423 384 se
453 347 573 391 uisa,
603 346 642 382 in
674 346 739 385 Kl.
771 352 815 382 et
845 351 1065 394 tempore
1096 358 1151 382 ex
1184 358 1232 382 se
1265 345 1382 389 visa,
1413 343 1580 380 fortasse

162 427 284 458 ortum
318 425 375 456 est
409 432 474 455 ex:
506 425 550 455 et
588 417 857 467 improviso
888 416 1018 461 visa,
1046 416 1241 465 geminato
1275 420 1290 456 t
1320 421 1357 452 et
1386 428 1471 452 cum
1501 413 1581 463 pri-

161 493 232 529 mis
262 491 396 528 litteris
425 491 612 539 proximae
649 489 757 526 vocis
787 488 1054 535 coalescente.)

284 561 380 612 Cap.
418 564 484 607 18,
526 565 565 598 7:
596 562 819 598 Litteras
864 559 936 610 (ab
966 561 1073 608 App.
1105 557 1288 601 Claudio)
1330 558 1386 595 ad
1429 557 1582 595 colle-

163 646 265 683 gam
298 635 360 679 (L.
392 633 662 678 Volumnium)
702 631 1045 668 accersendum
1077 642 1133 666 ex
1163 630 1362 668 Samnio
1392 630 1584 674 missas,

163 707 209 743 in
253 706 397 743 trinis
444 704 716 742 annalibus
767 702 986 747 invenio3
1022 702 1156 751 piget
1197 709 1356 739 tamen
1404 707 1584 739 certum

164 790 362 828 ponere,
407 789 546 825 quum
588 788 645 812 ea
681 774 788 824 ipsa
829 773 956 810 inter
998 773 1228 810 consules
1258 773 1426 823 populi
1456 774 1501 811 R.
1533 795 1584 798 —

167 848 470 897 discrepatio
502 846 662 891 fuerit,
694 846 856 895 Appio
891 846 1132 882 abnuente
1162 843 1355 890 missas,
1393 844 1587 881 Volum-

167 920 244 956 nio
278 918 592 963 affirmante,
623 915 778 966 Appii
809 928 857 952 se
887 915 1073 952 lit-teris
1105 916 1325 952 accitum.
1395 915 1587 953 Restituto

169 990 340 1029 Creverii
372 990 592 1026 coniectura
633 994 818 1025 certum
860 1000 1039 1036 ponere
1070 987 1156 1037 (pro
1187 988 1446 1033 incertum,
1486 985 1590 1035 quod

169 1076 217 1099 ex
248 1062 389 1098 ultimis
420 1061 555 1098 litteris
597 1060 705 1096 vocis
738 1067 898 1096 tamen
929 1065 1060 1095 natum
1097 1066 1170 1103 est3
1210 1059 1278 1096 cfr.
1310 1064 1490 1096 eertum
1521 1057 1590 1094 af-

170 1132 369 1170 firmare
400 1132 482 1177 III,
515 1133 617 1179 23),
660 1137 833 1180 superest
880 1130 983 1166 aliud
1026 1131 1219 1167 mendum.
1279 1130 1384 1167 Nam
1415 1130 1591 1166 discre-

170 1204 309 1254 patio
339 1216 466 1251 neque
497 1203 678 1239 Latinum
711 1208 768 1239 est
797 1202 1029 1238 vocabulum
1058 1214 1183 1250 neque
1205 1201 1341 1238 Latine
1371 1202 1501 1237 fictum
1517 1204 1588 1245 (—

173 1275 388 1324 crepitus
423 1274 521 1310 enim
554 1284 634 1318 est,
665 1287 741 1310 non
773 1279 1005 1322 crepat-us
1047 1273 1136 1319 ——),
1177 1285 1301 1321 neque
1340 1271 1595 1321 discrepuisse

172 1354 321 1384 tantum
348 1346 446 1382 inter
476 1346 664 1390 consules,
695 1345 761 1381 sed
787 1345 917 1394 palam
950 1357 1035 1381 eam
1064 1357 1145 1381 rem
1178 1344 1360 1381 iactatam
1390 1350 1595 1391 actamque

175 1419 309 1456 Livius
340 1418 540 1467 significat.
599 1417 745 1452 Verum
779 1415 945 1453 ostendit
975 1417 1042 1461 M,
1084 1416 1122 1452 in
1165 1429 1240 1464 quo
1274 1429 1297 1452 a
1322 1416 1449 1465 prima
1478 1428 1595 1452 manu

176 1496 232 1527 est
262 1489 553 1538 discepatio,
584 1489 657 1525 hoc
689 1494 747 1524 est
777 1487 1094 1536 disceptatio3
1137 1489 1240 1536 quod
1280 1488 1406 1537 ipsum
1440 1487 1493 1524 ibi
1519 1487 1596 1536 legi

174 1560 518 1599 Drakenborchius
558 1560 732 1596 narravit
771 1565 809 1595 et
844 1559 882 1595 in
914 1559 1081 1607 antiquis
1112 1559 1342 1596 editionibus
1373 1572 1457 1595 esse
1488 1558 1596 1603 vidit,

175 1646 299 1682 neque
329 1639 458 1669 tamen
490 1637 556 1668 aut
584 1631 669 1680 ipse
703 1631 904 1680 amplexus
936 1637 993 1667 est
1028 1637 1094 1667 aut
1123 1631 1327 1679 quisquam
1357 1626 1554 1679 postea.¹)

288 1702 384 1752 Cap.
421 1704 496 1747 21,
541 1705 562 1740 6
601 1704 826 1751 (postquam
864 1702 997 1739 Livius
1046 1708 1221 1738 senatum
1262 1708 1372 1751 parte
1415 1713 1514 1737 curae
1549 1712 1597 1736 ex

176 1774 368 1825 ingruenti
417 1773 588 1822 undique
629 1773 719 1809 belli
774 1780 920 1810 terrore
968 1781 1153 1823 susceptae
1203 1780 1455 1810 exonerat-um
1503 1771 1600 1808 dixit

177 1847 312 1884 litteris
346 1846 388 1884 L.
420 1844 622 1882 Volumnii
660 1844 849 1890 consulis,
901 1845 1038 1893 quibus
1070 1858 1188 1882 caesos
1221 1843 1445 1893 Campaniae
1474 1856 1598 1893 popu-

177 1919 321 1955 latores
352 1916 545 1966 cognituu]
578 1916 660 1962 sit):
703 1916 879 1965 Itaque
920 1923 964 1953 et
993 1915 1384 1965 supplicationes
1416 1915 1472 1950 ob
1503 1926 1599 1950 rem

179 1992 299 2027 bene
333 1996 518 2038 gestam
551 1987 774 2024 consulis
806 1988 996 2024 nomine
1028 1988 1310 2024 decernunt:
1353 1985 1600 2022 iustitium

182 2061 471 2105 remittitur,
504 2059 634 2108 quod
664 2058 831 2096 fuerat
860 2059 1163 2103 diesXVIII,
1194 2057 1602 2107 supplicat-ioque

180 2133 382 2183 perlaeta
412 2131 518 2169 fuit.
589 2131 641 2167 Et
678 2142 740 2166 res
770 2138 807 2167 et
837 2130 1022 2167 orationis
1061 2130 1189 2166 forma
1219 2129 1403 2175 declarat,
1436 2141 1459 2165 a
1488 2128 1601 2165 Livio

210 2325 238 2368 ¹)
277 2327 397 2360 senec.
425 2327 465 2357 de
490 2324 611 2357 Benes.
633 2325 694 2363 VI,
722 2328 777 2363 38,
806 2328 837 2363 3,
864 2324 921 2355 ubi
949 2325 1075 2356 editur:
1102 2323 1385 2363 Eloquentiae
1411 2322 1602 2364 pretium

279 2393 489 2430 exceptat
514 2388 661 2418 litium
689 2397 909 2421 numerus,
936 2387 1150 2417 scribendum
1178 2391 1230 2416 est
1255 2385 1483 2426 disceptat-
1509 2384 1603 2424 (tan-

280 2462 380 2493 quam
418 2451 630 2482 cxistimator
663 2455 696 2480 et
728 2449 856 2489 iudex).
931 2447 1014 2490 Cap.
1045 2452 1100 2485 19,
1149 2451 1187 2478 18
1233 2454 1310 2478 ante
1345 2447 1469 2478 multos
1495 2455 1603 2477 annos

281 2515 400 2545 codem
439 2514 541 2544 modo
577 2511 774 2548 emendavi,
819 2520 886 2551 quo
918 2520 1008 2541 nunc
1037 2521 1057 2540 a
1082 2510 1363 2542 Weissenbornio
1389 2508 1604 2539 emendatum

281 2577 376 2608 video
403 2578 457 2614 (et
483 2575 714 2606 exereitus
741 2574 945 2604 virtutem
975 2573 1166 2613 aequavit
1191 2572 1331 2602 ducis.
1395 2572 1447 2602 Et
1472 2571 1605 2601 duces

281 2638 571 2680 imperatoria
605 2646 737 2678 opera
773 2641 1077 2675 exsequuntur
1103 2640 1143 2665 et
1168 2633 1334 2665 milites
1360 2634 1454 2675 εει).
1514 2632 1603 2664 Fieri

283 2707 407 2743 potest,
433 2706 472 2731 ut
499 2700 661 2741 seriptum
690 2697 810 2729 fuerit:
835 2696 887 2728 Et
913 2707 1019 2728 coss.
1048 2696 1340 2737 imperatoria
1367 2701 1429 2728 cet.
