1811 2925
789 149 800 183 l
812 147 862 183 23
1338 145 1410 176 Lib.
1443 144 1485 175 V.

118 272 251 309 Gallia
281 272 423 314 veniat,
453 283 521 319 per
551 270 765 309 Taurinos,
810 269 873 317 qui
905 269 953 304 ab
981 269 1126 306 oriente
1157 269 1314 318 Alpium
1347 268 1537 313 habitant,

118 342 336 380 necessario
367 354 455 390 per
486 341 733 377 Taurinos
763 340 916 376 saltus
940 341 1206 389 coniungenda
1230 346 1331 376 sunt.
1398 340 1536 387 Itaque

118 413 307 451 excidisse
336 412 488 448 videtur
517 424 655 447 nomen
687 411 848 447 alterurn
881 418 968 447 ante
999 423 1098 459 que.
1167 411 1214 447 In
1238 410 1453 454 codicibus,
1471 409 1535 457 qui

119 492 356 522 momentum
389 482 546 527 faciunt,
579 489 634 524 (et
665 483 744 518 fere
775 482 910 519 ceteris
942 479 1115 530 quoque)
1146 481 1274 517 idest.
1305 481 1407 528 quod
1437 493 1538 528 prae-

118 555 265 604 scripsi,
298 554 371 590 nisi
402 554 505 601 quod
528 554 560 590 l'
595 553 710 589 habet
741 553 874 589 Iuliae
907 553 1004 589 alte
1038 553 1204 601 Alpis,
1235 552 1447 588 litterarum
1472 563 1537 600 ge-

118 625 328 662 minatione
359 631 507 669 ortum,
548 625 609 660 Hl
655 630 782 660 autem
813 624 947 660 iuriae
978 624 1137 672 Alpis,
1179 624 1218 660 in
1249 636 1324 671 quo
1359 623 1440 659 veri
1472 635 1539 658 ve-

119 697 272 746 stigium
304 702 499 732 servatum
531 707 614 731 esse
644 702 754 743 puto3
801 694 953 731 Livium
985 695 1084 731 enim
1115 694 1313 744 scripsisse
1344 693 1538 742 suspicor:

119 780 205 817 per
230 767 474 804 Taurinos
511 767 665 802 saltus
698 765 972 813 vallemque
1016 766 1178 801 Duriae
1213 764 1363 813 Alpes
1405 771 1537 800 tran-

121 838 430 876 scenderunt.
470 835 623 872 Vallem
651 835 841 883 siguificat
872 836 1003 872 Duriae
1033 836 1211 880 fluminis,
1241 848 1310 884 per
1341 848 1455 883 quam
1490 834 1539 870 ab

121 910 288 959 Alpibus
322 906 560 946 Centronicis
593 905 652 950 (le
682 912 811 941 mont
841 905 1002 953 Cenis)
1036 906 1085 941 ad
1102 906 1253 942 Padum
1287 906 1541 942 descenditur.

122 981 183 1017 Ea
213 988 341 1016 auten]
371 978 435 1014 via
466 976 605 1014 Gallos
635 982 896 1025 transgressos
929 989 1024 1021 esse,
1056 989 1188 1012 omnes
1220 976 1474 1013 consentiunt.

233 1050 330 1099 Cap.
368 1050 440 1091 36.
477 1051 543 1085 10:
588 1060 642 1083 ne
686 1060 830 1096 penes
867 1049 1003 1096 ipsos
1043 1047 1184 1096 culpa
1222 1055 1352 1083 esset.
1382 1045 1541 1082 cladis

121 1122 252 1159 forte
283 1120 484 1159 Gallico
515 1118 643 1156 bello
675 1125 904 1166 acceptae,
935 1119 1263 1167 cognitionem
1293 1118 1348 1154 de
1374 1122 1540 1166 postu-

122 1194 240 1230 latis
271 1192 527 1230 Gallorum
559 1190 615 1226 ad
647 1189 875 1238 populum
906 1190 1149 1226 reiiciunt.
1209 1187 1445 1236 Tanaquillo
1463 1187 1539 1223 Fa-

123 1265 193 1302 bro
225 1262 435 1306 dubitanti,
481 1268 633 1297 rectene
675 1268 880 1309 accepta
925 1260 1051 1297 clades
1092 1262 1138 1297 de
1176 1261 1307 1297 sutura
1338 1259 1541 1302 diceretur,

123 1334 302 1384 exempla
331 1333 523 1383 participii
564 1331 678 1368 simili
722 1331 912 1367 brevitate
943 1332 989 1368 de
1019 1332 1243 1369 condicione
1272 1329 1390 1380 positi
1419 1342 1541 1378 oppo-

122 1407 197 1444 suit
230 1404 596 1448 Drakenborchius,
634 1410 827 1451 praeeunte
856 1403 889 1439 I.
922 1403 968 1439 F.
1001 1403 1231 1446 Gronovio,
1275 1402 1324 1438 ad
1356 1402 1444 1446 IX,
1481 1402 1542 1447 18,

123 1480 162 1516 4.
203 1476 280 1514 Sed
315 1476 391 1512 alia
421 1482 477 1512 est
507 1474 692 1511 orationis
720 1473 924 1510 insolentia
955 1475 1126 1511 aFabro
1157 1487 1234 1511 non
1256 1473 1540 1516 animadversa,

122 1547 251 1584 forte
281 1560 351 1595 pro
382 1546 595 1583 fortasse
625 1545 812 1594 posituim
852 1558 940 1582 nam
983 1545 1144 1582 clades
1180 1544 1307 1581 forte
1341 1550 1543 1592 accepta

123 1618 215 1666 quid
246 1618 387 1654 Latino
428 1624 464 1654 et
505 1617 662 1664 antiquo
707 1615 854 1652 dicendi
886 1628 976 1659 usu,
1021 1628 1044 1652 a
1077 1628 1153 1663 quo
1185 1615 1319 1652 Livius
1350 1626 1539 1662 nusquam

123 1689 318 1732 discessit,
348 1688 555 1736 significet,
587 1687 744 1723 dubium
775 1699 851 1723 non
882 1693 950 1723 est.
1010 1687 1148 1734 Itaque
1178 1686 1210 1722 si
1241 1686 1324 1734 quis
1356 1697 1543 1721 exsensare

124 1760 248 1801 volet,
290 1760 418 1796 forte
444 1759 505 1795 hic
539 1758 612 1795 dici
643 1757 812 1806 potuisse
843 1757 1032 1803 defendet,
1064 1759 1166 1805 quod
1196 1758 1308 1807 plene
1338 1756 1540 1793 dicendum

125 1830 258 1867 fuerit:
307 1830 347 1866 si
395 1830 521 1867 forte
566 1829 896 1878 acciperetur.
976 1829 1098 1876 Atqui
1142 1829 1229 1865 hinc
1269 1828 1360 1864 alibi
1390 1830 1432 1863 fit
1465 1839 1542 1863 non

124 1902 253 1938 forte
285 1908 501 1950 accepta,
520 1901 586 1937 sed
618 1900 796 1945 clades,
823 1900 861 1936 si
892 1900 1030 1943 forte,
1063 1905 1264 1947 accepta
1295 1898 1352 1945 (id
1385 1906 1441 1934 est
1472 1910 1542 1934 ac—

125 1979 280 2021 cepta,
301 1973 341 2008 si
372 1972 418 2008 fo
432 1979 504 2009 rte
535 1969 875 2020 acciperetur),
910 1977 1002 2006 noto
1019 1969 1201 2018 loquendi
1217 1981 1368 2018 genere,
1401 1970 1446 2006 de
1466 1982 1543 2017 quo

126 2050 387 2091 exposuerunt
417 2042 654 2081 Garatonius
685 2042 734 2078 ad
765 2041 844 2079 Cic.
876 2055 946 2090 pro
978 2041 1058 2077 Mil.
1086 2041 1149 2084 38,
1180 2043 1251 2077 104
1286 2040 1338 2088 (p.
1373 2041 1450 2077 329
1483 2040 1542 2078 ed.

127 2112 214 2157 Or.)
247 2120 284 2150 et
300 2114 478 2150 Handius
509 2113 674 2153 Tursell.
707 2113 749 2150 II
779 2126 816 2162 p.
854 2114 951 2157 736,
977 2111 1041 2159 qui
1068 2110 1207 2147 iniuria
1234 2111 1273 2147 in
1302 2111 1345 2147 ΙΙ
1376 2111 1424 2147 de
1465 2110 1543 2148 Off.

128 2187 192 2224 20.
215 2188 262 2222 70
296 2185 466 2221 oblatam
498 2197 519 2220 a
551 2184 681 2221 codice
712 2196 731 2224 c
761 2196 893 2220 veram
924 2182 1155 2230 scripturam
1185 2181 1342 2231 sprevit.
1401 2182 1546 2219 Exem-

126 2257 199 2306 plis
229 2257 278 2293 ab
309 2257 382 2293 illis
412 2256 580 2293 collectis
611 2255 700 2292 addi
720 2261 848 2304 potest
866 2253 1032 2290 Lucretii
1061 2253 1099 2289 in
1128 2253 1227 2289 libro
1252 2253 1302 2298 V,
1320 2254 1411 2298 719,
1430 2266 1544 2301 quem

127 2329 253 2365 locum
286 2328 558 2364 Laclnnannus
605 2326 686 2362 sine
725 2326 805 2362 ulla
835 2337 953 2363 causa
986 2331 1023 2361 et
1053 2337 1139 2361 cum
1169 2324 1355 2361 orationis
1390 2330 1545 2360 senten-

128 2400 265 2448 tiaeque
315 2398 541 2435 detrimento
582 2398 758 2435 mutavit.
844 2398 970 2444 Quam
1020 2395 1134 2431 facile
1179 2395 1219 2432 si
1262 2401 1349 2444 post
1390 2394 1545 2432 cladis

129 2470 305 2507 excidere
334 2467 514 2517 potuerit,
543 2475 660 2517 patet.

253 2538 348 2588 Cap.
382 2540 445 2584 39,
470 2542 528 2577 11.
564 2540 738 2576 Parvum
769 2544 838 2583 est,
869 2537 972 2586 quod
1005 2536 1202 2573 adnotabo
1221 2564 1230 2581 ,
1260 2549 1330 2573 nee
1360 2538 1409 2574 ab
1441 2536 1546 2573 omni

131 2616 241 2659 parte
289 2616 447 2649 certum.
526 2610 666 2657 Quaero
711 2609 830 2654 enim,
887 2621 954 2645 cur
997 2607 1128 2644 Livius
1170 2605 1420 2644 flaminem
1464 2619 1542 2643 sa-

131 2680 453 2729 cerdotesque
485 2680 713 2717 Vestales
754 2692 894 2717 sacra
922 2678 1118 2728 publica
1148 2691 1172 2714 a
1201 2678 1328 2715 caede
1362 2697 1410 2704 -
1443 2689 1548 2726 pro-
