1811 2925
816 145 892 181 313
1296 141 1369 173 Lib.
1385 140 1516 172 XXVI.

148 269 314 312 cei-im,
344 268 389 304 in
420 266 822 314 disquisitionem
854 266 1002 311 venit,
1033 277 1167 317 quam
1199 264 1313 313 quid
1351 263 1433 300 isti
1462 264 1564 313 pati

150 339 418 376 debuerint.
501 336 692 374 Gronovii
741 337 969 375 coniecturae
1014 335 1136 373 adieci
1187 341 1283 371 tam
1324 333 1564 383 particulam,

149 422 269 458 quam
299 409 433 445 scribae
472 407 705 456 negligentia
742 408 924 444 omissam
970 419 1052 444 esse
1095 406 1273 442 arbitror.
1347 405 1450 442 Nam
1494 416 1564 453 pro

151 492 241 516 non
273 486 365 516 tam
399 500 449 505 —-
483 490 620 526 quam
666 478 703 514 in
734 478 917 515 facillima
967 483 1003 514 et
1051 475 1142 512 nulli
1186 474 1465 524 perturbationi
1498 476 1565 512 ob-

150 550 267 587 noxia
298 548 448 594 forma,
492 561 607 596 quum
639 548 774 585 millies
804 556 907 586 recte
928 547 1170 591 sciiberetur,
1201 546 1250 582 ab
1281 544 1414 582 eodem
1446 546 1564 594 scrip—

150 626 232 656 tore
265 631 340 656 uno
386 626 423 655 et
470 619 590 655 altero
635 619 720 655 loco
766 625 899 655 contra
944 616 1129 654 sermonis
1174 621 1351 652 naturam
1397 616 1562 664 positum

150 701 232 725 esse
262 702 350 726 non
387 710 432 716 -
468 702 628 738 quam,
674 700 749 725 non
791 687 903 725 facile
945 687 1037 724 mihi
1071 686 1325 736 persuadetur
1355 699 1429 723 uno
1460 687 1564 723 testi—

150 760 279 796 monio
325 773 373 797 ex
402 760 487 798 libr.
520 760 573 804 11„
608 772 638 795 c.
675 762 737 800 56,
770 760 791 794 9
838 760 943 807 (non
988 757 1139 795 facile
1185 757 1361 805 loquor
1407 770 1564 805 quam,

150 829 274 877 quod
305 830 498 867 locutus
530 842 580 866 su
594 842 652 873 m,
694 829 886 878 praesto)
906 856 915 871 ,
945 828 1066 865 altero
1097 829 1170 865 hoc
1200 828 1296 876 ipso,
1331 827 1433 875 quod
1465 834 1563 864 trac-

149 908 292 945 tamus;
356 913 444 937 nam
501 901 653 937 tertium
707 912 753 936 cx
803 899 913 935 huius
964 898 1049 935 libri
1099 911 1131 937 c.
1193 900 1263 943 18,
1330 900 1350 934 3
1407 910 1564 946 prorsus

150 970 291 1007 nnllam
322 971 438 1007 habet>
466 971 557 1015 vim,
590 969 770 1019 quoniam
802 981 851 1004 ex
881 980 971 1005 non
1003 975 1160 1005 tamen
1192 967 1372 1004 facillime
1403 969 1445 1004 fit
1473 980 1562 1004 non

149 1050 261 1085 tam,
302 1041 404 1090 quod
435 1041 510 1077 iam
542 1040 743 1078 Gronovio
774 1039 812 1075 in
845 1045 1010 1075 mentem
1041 1038 1159 1087 venit,
1198 1038 1419 1087 falliturque
1450 1039 1563 1075 vehe-

150 1116 295 1147 menter
324 1110 671 1155 W'eissenbornius,
702 1109 806 1158 quod
836 1115 993 1145 tamen
1024 1109 1280 1146 necessarium
1313 1116 1441 1158 putat3
1471 1121 1563 1145 con-

148 1182 319 1218 tinuatur
348 1182 447 1218 enim
479 1180 626 1225 oratio,
678 1180 789 1228 quasi
835 1179 1000 1216 dicatur:
1051 1191 1214 1228 eumque
1258 1179 1563 1216 extraordinaria

149 1263 241 1288 cura
271 1251 524 1299 deligendum.
603 1250 784 1298 Sequitur
813 1250 851 1286 in
884 1250 1058 1287 Marcelli
1089 1249 1264 1286 oratione
1294 1251 1371 1298 (3):
1404 1250 1493 1297 Qui
1523 1250 1562 1286 si

149 1335 239 1358 non
271 1322 469 1359 fuerunt
498 1322 684 1366 hostes,
725 1320 849 1357 nihil
886 1321 1111 1365 interest,
1155 1327 1308 1356 utrum
1358 1333 1479 1356 nune
1510 1333 1562 1357 an

148 1392 259 1427 vivo
291 1391 503 1428 Hierone
537 1391 811 1440 Syracusas
841 1391 1159 1436 violaverim3
1197 1390 1270 1426 sin
1302 1397 1458 1427 autem
1491 1391 1562 1427 de·

153 1462 400 1499 sciverunt
432 1468 601 1510 portas
632 1461 824 1510 legatos
856 1467 1054 1497 nostros
1083 1461 1215 1498 ferro
1247 1468 1390 1510 atque
1421 1462 1564 1498 armis

151 1533 419 1582 petierunt,
450 1533 610 1569 urbem
643 1545 694 1569 ac
725 1532 912 1568 moenia
935 1531 1217 1567 clauserunt
1246 1532 1564 1580 exercituque

153 1602 633 1651 Carthaginiensium
680 1603 914 1639 adversus
959 1613 1048 1637 nos
1091 1602 1240 1638 tutati
1288 1609 1414 1646 sunt,
1461 1601 1565 1649 quis

154 1686 326 1722 passos
374 1686 477 1709 esse
525 1673 748 1714 hostilia.¹
793 1685 932 1721 quum
982 1670 1209 1716 fecerint„
1258 1672 1565 1721 indignatur?

154 1743 218 1781 Sic
248 1744 346 1779 enim
379 1744 528 1780 codices
561 1745 622 1789 (P,
653 1750 732 1780 tum
766 1744 820 1788 Μ,
852 1744 982 1788 Voss„
1015 1742 1119 1786 alini
1163 1742 1306 1787 addita,
1338 1756 1420 1792 quae
1450 1743 1566 1792 vulgo

154 1814 412 1857 omittebatur.,
444 1826 538 1851 voce
568 1821 710 1863 porta
725 1826 754 1849 s.
830 1814 880 1851 Ut
925 1812 1116 1851 Gronovii
1147 1819 1183 1849 ct
1213 1814 1376 1850 Rubenii
1409 1819 1567 1850 conatus

154 1885 339 1929 omittam,
389 1885 745 1928 Weissenbornius,
795 1884 1066 1920 Boettcherum
1114 1890 1278 1929 secutus7
1326 1884 1450 1920 locum
1482 1890 1567 1920 tan-

155 1967 270 2003 quam
300 1955 524 1991 lacunosum
555 1955 609 1991 sic
639 1954 848 2003 supplevit:
887 1954 959 1990 sin
991 1960 1148 1990 autem
1182 1954 1495 1990 desciverunt
1527 1955 1567 2000 [a

154 2025 335 2074 populo
366 2026 599 2070 Romano,
630 2025 858 2062 hostibus
891 2028 1202 2073 aperuerunt]
1235 2031 1413 2073 portas,
1443 2024 1568 2073 lega·

155 2101 228 2131 tos
258 2101 454 2131 nostros
486 2102 580 2140 cet.7
623 2096 660 2131 in
707 2108 783 2144 quo
825 2095 1093 2144 supplemento
1124 2094 1222 2130 inter
1251 2094 1501 2132 defectionem
1533 2102 1569 2132 et

155 2166 303 2215 legatos
334 2167 531 2203 Romanos
561 2166 677 2202 armis
702 2166 843 2215 petitos
874 2164 1117 2201 incommode
1150 2164 1375 2202 interiit-itur
1403 2166 1568 2202 hostium

156 2237 298 2273 mentio
330 2243 366 2273 et>
409 2248 545 2285 parum
593 2242 681 2285 apte
729 2243 871 2285 apertae
915 2235 1089 2272 hostibus
1134 2241 1255 2283 portae
1304 2243 1391 2273 ante
1420 2236 1570 2273 moenia

156 2307 287 2343 clausa
331 2314 692 2351 commemorantur,
738 2314 930 2356 praecepto
980 2307 1070 2351 iam,
1116 2306 1220 2354 quod
1263 2312 1399 2355 postea
1443 2305 1569 2342 verbis

156 2377 379 2413 exercitu
435 2375 937 2425 Carthaginiensium
992 2376 1239 2425 significatur.
1320 2375 1569 2412 Scribendum

156 2447 329 2484 videtur:
372 2447 443 2483 sin
487 2453 641 2484 autem
684 2447 1000 2484 desciverunt
1049 2460 1072 2484 a
1101 2460 1139 2496 p.
1170 2447 1265 2490 Ro„
1310 2446 1348 2482 si
1381 2446 1571 2494 legatos

156 2524 352 2554 nostros
382 2516 513 2554 ferro
544 2523 688 2566 atque
719 2517 863 2554 armis
894 2518 1170 2566 petierunt,
1201 2523 1283 2557 cet,
1326 2523 1364 2553 ut
1396 2529 1444 2552 ex
1473 2516 1571 2552 litte-

156 2588 209 2624 ris
240 2600 326 2637 apr
339 2587 408 2625 osi
441 2594 565 2624 ortum
597 2587 690 2624 illud
719 2594 890 2636 portas
920 2585 1130 2637 putetur.¹)

183 2721 213 2765 ¹)
253 2725 317 2764 §4
353 2734 460 2759 rem.
504 2726 592 2766 quod
626 2729 716 2756 recte
753 2723 810 2758 W.
845 2724 1037 2764 requisivit,
1080 2725 1205 2756 excidit
1239 2730 1316 2766 post
1353 2724 1570 2755 crederem
