1811 2925
254 139 330 171 Lib.
363 139 478 170 XXII.
882 142 957 178 232

209 276 345 312 quam
377 262 529 311 magis
560 263 727 299 hostes
765 277 854 313 pro:
898 264 1028 301 cives
1067 266 1159 302 tibi
1191 266 1345 315 magis
1377 278 1516 314 quam
1546 265 1622 301 ho-

209 338 340 377 stes),
382 335 444 379 52,
481 336 492 370 1
545 335 766 376 (brachio
810 335 1013 372 flumine
1044 337 1238 374 obiecto
1280 336 1501 374 excludit
1531 348 1621 384 pro:

210 405 298 443 obi.
331 405 399 441 flu
411 408 489 449 111).
556 405 619 441 Ex
649 406 836 454 proximis
857 407 988 443 ⁴tribus
1010 407 1116 444 libris
1148 409 1226 444 haec
1258 421 1277 443 e
1307 408 1482 456 pluribus
1511 413 1620 443 nota-

208 478 263 513 vi:
295 477 459 522 XXIII,
500 479 556 519 16,
585 480 605 513 4
641 478 982 524 (Romanorum
1014 484 1208 526 coeptae,
1244 484 1426 527 sequente
1442 477 1621 515 Alschef-

209 548 322 594 skio),
356 549 419 592 32,
456 550 500 584 14
534 549 605 594 (ad
639 549 759 585 diem
787 548 1202 596 conveniendum),
1234 550 1392 595 XXIV,
1431 551 1495 595 28,
1532 551 1553 586 9
1587 555 1624 585 01

212 621 274 664 39,
308 621 328 655 9
362 619 423 661 (de
455 619 632 667 quoloco
667 616 826 668 dicam),
858 620 995 663 XXV,
1032 621 1091 664 13,
1125 621 1146 656 8
1179 621 1327 666 (circa
1366 622 1421 658 ad
1453 633 1623 658 consu-

209 691 281 727 les
312 690 583 727 Bovianum
623 703 713 739 pro:
756 691 811 727 ad
856 704 974 728 coss.
1016 692 1148 728 circa
1178 690 1255 740 R),
1302 695 1365 737 40,
1409 695 1421 729 1
1460 696 1624 734 (orna—

211 768 368 798 menta
399 762 534 809 signa
567 762 715 808 urbis)
762 769 798 799 et
841 764 862 799 8
908 761 1065 813 (quam
1106 762 1293 800 fiducia
1337 764 1491 812 magis
1530 776 1625 812 pro:

212 833 362 882 magis
396 846 532 882 quan-1
564 830 819 880 fidncia).¹)

323 903 450 953 *Cap
486 908 520 950 4,
553 908 594 941 4:
638 904 907 941 Flaminius
1086 905 1131 941 id
1166 911 1350 941 tantum
1387 905 1622 945 hostium,

214 976 336 1024 quod
368 988 423 1011 cx
454 977 661 1012 adverso
694 982 815 1020 erat,
846 976 1125 1025 conspexit3
1156 977 1210 1013 ab
1233 983 1369 1025 tergo
1401 988 1451 1012 ac
1482 988 1626 1024 super

213 1053 363 1096 caput
399 1047 612 1095 deceptae
651 1046 851 1085 insidiae.
928 1047 990 1085 Sic
1032 1048 1068 1084 in
1101 1047 1295 1084 codicibus
1326 1046 1515 1091 scribitur,
1559 1058 1625 1083 ex-

214 1126 324 1168 cepta
357 1118 466 1154 unius
509 1123 546 1154 01
586 1118 740 1154 alterius
774 1118 1025 1154 recentissimi
1054 1118 1129 1154 levi
1160 1117 1421 1159 aberrationez
1462 1130 1510 1153 ex
1549 1129 1624 1165 quo

215 1191 315 1239 quod
348 1189 501 1238 Lipsius
534 1188 624 1225 fecit
655 1190 906 1237 decepere,
948 1202 1071 1238 neque
1110 1189 1249 1226 erroris
1279 1188 1488 1236 probabilis
1516 1188 1624 1236 origo

215 1261 469 1297 demonstrari
499 1267 626 1309 potest
656 1274 778 1309 neque
809 1260 1033 1309 decipere
1062 1273 1229 1309 unquam
1256 1260 1294 1295 in
1312 1272 1429 1307 prosa
1453 1258 1626 1295 oratione

215 1338 272 1369 est
306 1332 503 1375 fallere,
545 1331 720 1377 latere,
762 1323 1026 1370 irwffic'svuv.
1087 1331 1291 1378 Quodnam
1323 1330 1442 1366 lateat
1471 1329 1626 1379 partici-

215 1404 339 1452 pium,
393 1403 431 1439 in
492 1415 567 1450 quo
622 1403 848 1451 significatio
894 1416 984 1439 non
1037 1403 1157 1439 anim
1171 1402 1482 1438 adversarum
1526 1401 1626 1445 insit,

216 1474 370 1511 difficile
416 1481 472 1511 est
523 1474 637 1510 dictu.
704 1475 808 1510 Nam
852 1475 1037 1511 relictae
1080 1473 1231 1522 longius
1277 1471 1367 1509 abit.
1446 1471 1629 1507 Fortasse

217 1545 397 1594 scriptum
431 1545 574 1581 fuerat:
621 1545 676 1581 ab
714 1551 851 1593 tergo
890 1553 933 1581 et
965 1558 1107 1594 super
1145 1550 1289 1593 caput
1320 1548 1527 1591 acceptae
1557 1542 1630 1578 in-

217 1617 372 1661 sidiae,
428 1623 467 1652 ut
510 1629 592 1652 cum
634 1616 808 1653 acumine
848 1616 1013 1663 quodam
1054 1615 1265 1652 Flaminius
1296 1614 1529 1663 significetur
1566 1625 1632 1649 eas

218 1689 365 1725 subisse
396 1694 432 1724 et
461 1688 499 1724 in
534 1700 598 1723 eas
630 1700 669 1723 se
705 1690 906 1735 (tanquam
938 1687 975 1723 in
1007 1690 1106 1729 rete]
1138 1682 1362 1730 induisse.‘·')

244 1880 276 1923 ¹)
314 1883 396 1924 Cap.
430 1886 460 1918 3,
498 1885 515 1912 9
544 1891 610 1911 non
638 1880 793 1921 expletur
824 1879 947 1909 lacuna
985 1889 1053 1909 uno
1093 1878 1195 1909 verbo
1231 1878 1450 1908 dedisset.
1513 1875 1631 1915 Neque

313 1946 398 1977 enim
426 1945 540 1975 Livius
566 1943 771 1973 Flaminium
799 1940 1005 1973 induxisset,
1048 1946 1228 1980 postquam
1255 1950 1288 1970 se
1317 1949 1359 1969 ex
1386 1936 1527 1967 consilio
1553 1946 1630 1976 pro-

313 2006 480 2046 ripuisset.
509 2005 597 2046 apud
628 2014 684 2035 cos
710 2004 875 2041 hominos,
904 2003 960 2044 qui
989 2002 1131 2034 consilio
1157 2011 1223 2032 non
1254 1999 1475 2031 interfuerant
1503 1997 1560 2038 (-
1575 1997 1631 2038 qui

314 2074 477 2109 praetcrca
493 2076 534 2097 nc
551 2067 653 2097 verbo
673 2066 808 2106 quidem
827 2065 1059 2105 significantur
1076 2066 1145 2100 —).
1173 2063 1358 2094 orationem
1378 2062 1419 2092 ab
1436 2061 1488 2091 his
1504 2060 1633 2090 verbis:

314 2131 394 2160 imo
421 2130 652 2160 sedeamus
686 2127 892 2163 ordientem,
924 2127 957 2157 in
984 2126 1104 2167 quibus
1138 2126 1238 2161 imo,
1276 2134 1341 2164 quo
1368 2122 1540 2158 referatur,
1567 2133 1633 2153 11οη

316 2192 427 2222 habet.

245 2251 278 2291 ἲ)
320 2254 358 2284 Ι11
386 2259 577 2284 transcursu
605 2253 726 2283 dicam.
754 2252 843 2292 apud
870 2250 1047 2290 Polybium
1068 2249 1132 2282 ΙΙΙ,
1153 2252 1205 2283 83,
1235 2252 1253 2278 4
1281 2248 1313 2278 111
1341 2248 1457 2278 harum
1486 2247 1632 2287 ipsarum

318 2316 511 2346 insidiarum
539 2315 775 2354 descriptione,
803 2323 863 2353 pro
889 2308 981 2344 κατὰ
1008 2307 1143 2352 ταύτην
1169 2305 1234 2351 τὴν
1259 2307 1403 2342 εἴσοδον
1436 2319 1453 2339 0
1480 2309 1634 2340 codicum

318 2378 427 2415 (DEF
464 2378 551 2417 apud
580 2376 789 2412 Bckkemm)
827 2374 976 2414 vestigiis
1013 2370 1091 2412 (καὶ
1115 2368 1266 2413 ταύτην)
1303 2371 1517 2402 scribendum
1547 2380 1637 2401 csse:

317 2436 393 2472 κατ’
421 2435 535 2482 αὐτὴν
563 2435 627 2481 τὴν
654 2437 805 2471 εἴσοδον.
861 2437 959 2476 Apud
988 2435 1120 2466 Livium
1149 2444 1176 2464 c.
1206 2435 1234 2464 Τ.
1262 2436 1293 2465 4.
1320 2433 1375 2463 ubi
1404 2442 1491 2463 nunc
1518 2433 1552 2463 in
1579 2431 1637 2463 PC

319 2508 485 2542 repertum
514 2506 580 2531 cst:
612 2500 723 2530 nihil
749 2504 920 2530 austum
942 2500 1024 2537 (non
1050 2497 1071 2526 11
1084 2494 1268 2534 austum)
1289 2504 1336 2524 cx
1362 2505 1471 2525 vano
1496 2493 1637 2525 velim.

320 2574 396 2594 vera
429 2570 477 2593 est
502 2562 647 2593 Walchii
676 2562 868 2591 coniectura
895 2565 1061 2590 auctum
1089 2557 1278 2589 scribentis.
1340 2555 1498 2586 Habebat
1531 2559 1563 2584 01
1590 2554 1638 2584 al-

322 2632 390 2656 tera
418 2625 528 2657 fama.
562 2634 628 2663 qua
661 2623 788 2653 numeri
822 2623 1049 2661 augebantur,
1094 2624 1267 2657 auctores3
1300 2618 1413 2658 itaque
1433 2616 1578 2653 Livius,
1613 2615 1639 2646 si

324 2698 396 2718 cam
423 2692 559 2718 secutus
587 2691 689 2721 essct,
717 2695 783 2715 non
812 2694 854 2714 ex
880 2693 967 2714 vano
992 2682 1160 2713 hausisset
1186 2680 1227 2722 (si
1242 2680 1380 2710 omnino
1406 2678 1527 2708 dicitur
1553 2681 1640 2708 recte
