1811 2925
874 154 949 189 557
1390 150 1465 181 Lib.
1492 150 1621 182 XLIII.

203 289 302 314 cum
344 305 380 315 ..
420 276 730 325 iungendam.
798 276 903 313 Male
934 288 994 312 me
1025 275 1168 311 habent
1198 273 1265 309 illa
1302 274 1489 311 aestatis
1528 275 1622 311 hie-

203 347 390 395 misque
421 354 529 384 acta
570 348 755 384 adversus
789 349 988 384 Romanos
1019 345 1320 393 Dardanosque,
1357 353 1539 394 separata
1573 346 1622 382 ab

202 418 364 455 hiberna
394 418 660 467 expeditione,
707 419 768 456 cui
807 418 948 455 rectius
991 416 1134 454 aestatis
1182 423 1270 453 acta
1308 416 1502 453 contraria
1531 418 1622 465 poni

202 489 390 526 videntur.
456 488 584 538 Supra
614 490 662 537 (c.
700 491 744 527 18
775 489 877 535 init.)
922 489 1054 525 Livius
1097 488 1238 524 diserte
1268 488 1420 537 posuit,
1465 489 1624 531 Persea,

201 560 389 610 principio
422 560 557 596 hiemis
587 561 820 597 Macedonia
849 573 926 597 non
958 572 1170 609 egressum,
1201 560 1271 596 sub
1293 560 1439 597 brumae
1470 560 1622 596 demum

202 638 353 680 tempus
403 632 688 680 expeditionem
740 645 826 669 eam
844 661 853 675 ,
908 645 1024 680 quam
1078 630 1139 666 hic
1187 629 1387 667 hibernam
1440 631 1623 680 appellat,

202 703 438 752 suscepisse,
467 703 677 740 Dardanos
710 703 786 740 iam
819 711 907 740 ante
939 704 1032 751 (ibd.
1066 705 1084 747 ξ
1116 699 1161 752 2)
1193 702 1406 747 domuerat,
1447 703 1521 739 hoc
1555 710 1624 746 est,

202 780 290 810 ante
320 774 551 823 principium
572 775 720 814 hiemis.
779 776 919 823 Itaque
949 773 1064 810 valde
1098 786 1247 817 vereor,
1279 786 1326 809 ne
1354 773 1624 822 hiemisque

202 858 226 882 a
256 846 360 881 mala
390 858 505 882 manu
537 846 584 882 sit
612 847 823 895 Liviusque
853 845 1069 894 scripserit:
1099 852 1407 892 exponerent
1439 845 1624 881 aestatis

203 917 304 953 eius
335 922 450 953 acta
480 929 564 953 sua
604 931 668 962 ..ς
691 917 964 954 adiicerent
993 916 1275 953 recentia..
1303 915 1517 952 hibernae
1548 929 1624 952 ex-

202 988 473 1037 peditionis
505 1001 666 1037 opera.
710 988 863 1025 Deinde
878 987 1059 1024 Latinum
1084 999 1161 1022 non
1184 999 1268 1023 esse
1290 993 1404 1035 puto:
1434 987 1625 1024 hortari

201 1061 246 1096 in
290 1059 477 1108 aliquid
515 1059 813 1102 faciendum,
856 1060 1069 1108 opinorque
1121 1065 1209 1094 ante
1247 1058 1516 1094 amicitiam
1559 1072 1624 1095 ex-

201 1131 339 1169 cidisse
370 1131 447 1175 ad,
488 1137 569 1167 tum
611 1131 784 1168 additum
816 1131 861 1167 in
893 1137 978 1175 aut,
1022 1142 1138 1178 quum
1170 1129 1220 1165 in
1252 1142 1300 1166 ex
1330 1144 1364 1170 m
1394 1130 1625 1179 praecedenti

201 1209 326 1239 ortum
359 1209 478 1246 esset,
505 1203 560 1239 ad
601 1203 795 1240 sublatum
829 1214 924 1239 esse.
987 1203 1022 1250 (ξ
1061 1204 1079 1238 7
1113 1201 1206 1237 nihil
1237 1208 1294 1237 est
1323 1202 1463 1238 mendi.
1512 1202 1627 1239 Redit

204 1274 336 1310 Livius
367 1286 390 1310 a
420 1273 658 1321 digressione
689 1274 739 1310 ad
771 1287 851 1310 rem
885 1272 1038 1309 narrari
1071 1272 1276 1321 coeptam.)

313 1343 410 1394 Cap.
447 1346 511 1390 20,
549 1348 584 1382 l:
631 1345 692 1382 Hi
742 1345 874 1395 (legati
918 1344 1053 1382 Persei
1100 1344 1149 1380 ad
1195 1344 1380 1382 Gentium
1411 1344 1539 1384 missi)
1580 1375 1588 1383 .

200 1429 285 1465 per
328 1416 523 1465 Illyrici
567 1416 881 1461 solitudines,
927 1428 1047 1464 quas
1094 1416 1147 1452 de
1189 1414 1439 1452 industria
1477 1428 1626 1464 popu-

201 1488 347 1524 lando
395 1487 688 1524 Macedones
743 1486 983 1531 fecerant,
1041 1500 1095 1523 ne
1142 1486 1383 1523 transitus
1444 1486 1626 1524 faciles

203 1559 458 1596 Dardanis
502 1559 547 1594 in
601 1558 860 1608 Illyricum
921 1566 1000 1596 aut
1050 1558 1391 1595 Macedoniam
1444 1565 1627 1601 essent,

203 1630 435 1668 Scodram
463 1659 501 1668 ..
531 1637 876 1678 pervenerunt.
920 1629 1074 1667 Codex:
1108 1641 1226 1677 quas
1246 1642 1330 1678 per
1359 1627 1627 1668 industria:

203 1701 452 1751 Kreyssigius
482 1713 568 1750 per
598 1713 646 1737 ex
676 1702 874 1749 superiore
903 1714 1017 1738 versu
1051 1703 1124 1738 huc
1156 1701 1328 1736 delatum
1359 1706 1488 1748 putat3
1534 1699 1627 1735 mihi

203 1772 358 1821 Polybii
402 1772 449 1808 de
495 1771 630 1808 eadem
670 1784 712 1807 re
754 1774 875 1809 verba
919 1773 1160 1821 comparanti
1204 1772 1426 1821 (XXVIII,
1472 1772 1518 1807 δε
1552 1763 1623 1809 ‹l‘ctcx

204 1841 283 1895 τῆς
317 1835 489 1895 ἐρήμου
521 1841 802 1897 καλουμένης
832 1836 1096 1896 Ἰλλυρίδος,
1136 1838 1194 1896 ’ἢν
1225 1836 1279 1882 ov'
1310 1841 1496 1886 πολλοῖς
1526 1835 1627 1895 χρό-

203 1928 299 1958 νοις
341 1906 569 1965 dvojzepov
612 1907 871 1954 α’νιὶστατον
914 1914 1133 1968 ἐποίησαν
1190 1908 1469 1963 Mamdo'mg)
1517 1927 1626 1963 paene

202 1985 442 2035 probabilius
475 1987 639 2032 videtur,
670 1987 824 2024 Livium
854 1988 1070 2036 scripsisse:
1117 1999 1234 2035 quas
1279 1998 1430 2038 nuper
1476 1986 1532 2022 de
1561 1985 1626 2021 in-

203 2057 394 2094 dustria
424 2064 495 2094 cet.
556 2058 740 2106 Sequitur
760 2059 939 2108 deinceps
975 2062 1010 2108 (ξ
1042 2060 1105 2105 ’2);
1137 2059 1268 2095 Lissi
1300 2070 1384 2094 rex
1416 2056 1627 2094 Gentius

203 2135 325 2173 erat3
358 2140 411 2164 eo
443 2129 593 2166 acciti
621 2129 792 2178 legati3
826 2130 1061 2166 mandata
1091 2136 1394 2178 exponentes
1414 2128 1628 2176 benigne

203 2199 359 2235 auditi
406 2207 539 2243 sunt,
587 2201 666 2248 qui
695 2213 985 2250 responsum
1021 2201 1126 2237 sine
1171 2200 1357 2236 effectu
1395 2198 1626 2236 tulerunt.

203 2269 410 2318 Pel-inepte
442 2271 523 2308 haec
553 2278 752 2320 postrema
796 2273 996 2317 sententia,
1038 2271 1228 2320 superiori
1268 2272 1463 2308 contraria
1501 2278 1539 2306 et
1572 2271 1626 2306 ef·

203 2339 345 2376 fectum
390 2341 445 2377 rei
491 2343 710 2388 continens,
755 2343 984 2392 pronomine
1027 2342 1191 2379 relativo
1238 2342 1472 2391 adiungitur.
1545 2344 1629 2378 Aut

203 2411 413 2448 tollendum
446 2418 503 2448 est
533 2413 613 2460 qui
644 2420 710 2450 aut
741 2420 830 2450 ante
860 2415 1091 2450 mandata
1120 2413 1462 2463 transponendum.

316 2481 413 2532 Cap.
446 2484 512 2528 23,
556 2484 597 2520 3:
655 2483 860 2520 Interim
910 2483 1111 2530 Cleuas,
1156 2485 1413 2533 adsumpto
1464 2483 1626 2520 Philo-

203 2560 382 2599 strato,
415 2553 832 2602 quiEpirotarum
862 2563 1051 2604 gentem
1076 2556 1177 2603 (cod.
1201 2555 1366 2604 gente)
1395 2555 1626 2599 habebat,

203 2624 248 2660 in
280 2637 447 2673 agrum
477 2625 873 2673 Antigonensem
904 2627 1227 2665 transcendit.
1294 2627 1385 2663 Non
1407 2626 1488 2662 sine
1509 2637 1628 2662 causa

204 2693 429 2732 Creverium
460 2693 620 2732 offendit
648 2696 730 2732 haec
759 2708 880 2744 gens
912 2697 1176 2746 Epirotarum,
1211 2710 1327 2746 quam
1348 2697 1624 2739 Philostratus,
