1811 2925
212 135 285 167 Lib.
307 136 475 167 XXXVI.
885 136 960 171 424

211 258 295 295 illa:
326 258 478 306 Atqui
509 270 600 293 non
630 262 812 292 tantum
845 257 1052 293 interest
1085 256 1293 301 translatis,
1320 257 1374 293 sie
1411 255 1534 292 oratio
1566 255 1630 291 de-

200 334 338 384 ⁸curret-
370 329 404 374 (ξ
438 329 473 371 8,
506 329 541 367 9,
578 328 663 373 10):
693 327 883 375 Ecquid
913 326 1067 365 vides.
1104 332 1148 363 te
1188 357 1222 365 ..
1263 327 1307 363 in
1337 327 1526 363 duabus
1559 338 1631 361 ur·

213 399 351 434 bibus
397 398 738 446 oppugnandis
783 403 977 446 tempus
1009 403 1171 433 terere
1210 425 1304 439 ...,
1349 396 1631 444 Philippum

214 477 370 506 autem
393 500 401 507 .
422 500 429 506 .
449 481 568 506 ‚non
598 468 750 505 solum
781 468 936 512 urbes,
967 467 1046 503 sed
1077 473 1147 504 tot
1172 467 1260 504 iam
1283 467 1632 515 genteS‚Atha-

215 540 440 577 maniam.
471 539 823 581 Perrhaebiam,
862 537 1214 585 Aperantiam,
1244 537 1504 585 Dolopiam
1540 536 1634 572 sibi

215 609 525 649 adiunxisse,
573 615 619 645 et
656 607 879 645 vietoriae
926 613 1014 643 tuae
1054 608 1294 656 praemium
1338 613 1384 643 te
1425 607 1632 644 milites-

216 695 303 730 que
334 687 441 717 tuos
472 680 676 716 nondum
709 679 826 715 duas
860 679 1015 718 urbes,
1047 678 1325 727 Philippum
1366 684 1437 715 tot
1465 684 1632 727 gentes

216 752 413 790 Graeciae
442 749 653 787 habere?
688 749 844 797 Atqui
874 761 967 784 non
998 754 1180 785 tantum
1222 749 1428 785 interest
1456 755 1635 790 nostra,

215 823 492 860 AEtolorum
524 832 641 869 opes
681 850 716 857 ..
756 819 926 862 minui,
975 824 1200 867 quantum
1232 832 1321 855 non
1353 830 1502 867 supra
1531 832 1631 855 mo-

217 895 320 930 dum
353 891 635 940 Philippum
661 902 901 928 creseere.

331 963 426 1012 Cap.
460 964 534 1006 35,
569 963 608 999 7:
651 959 725 996 Ibi
773 960 827 1006 (in
871 959 1031 997 concilio
1062 959 1316 1000 Achaeorum)
1348 959 1402 995 de
1432 958 1564 995 Eleis
1597 963 1639 993 et

219 1035 272 1071 de
312 1032 560 1070 exsulibus
591 1031 1069 1067 Lacedaemoniorum
1111 1028 1436 1064 restituendis
1479 1034 1636 1064 aetum

219 1110 311 1143 est:
342 1108 515 1139 neutra
546 1102 616 1148 (sie
641 1101 991 1146 1·eeteWeissenb.‚
1022 1105 1110 1136 ante
1140 1106 1240 1135 erat:
1273 1104 1431 1135 aetum
1466 1104 1509 1134 et
1529 1110 1636 1133 neu-

219 1174 311 1220 tra)
342 1173 570 1222 perfecta
600 1184 697 1215 res5
741 1172 852 1219 quia
897 1182 988 1207 suae
1028 1169 1195 1218 gratiae
1239 1168 1485 1205 reservari
1537 1180 1634 1203 eam

219 1244 407 1287 Achaei,
451 1243 557 1280 Elei
588 1255 673 1291 per
714 1255 763 1278 se
794 1241 889 1289 ipsi
919 1252 1055 1288 quam
1096 1253 1181 1288 per
1207 1241 1451 1276 Romanos
1484 1237 1637 1273 malu-

221 1320 359 1350 erunt
405 1313 625 1350 thaico
674 1311 919 1347 contribui
953 1309 1177 1346 coneilio.
1253 1308 1316 1346 Sic
1346 1308 1470 1344 editur
1501 1307 1588 1342 iude
1617 1320 1639 1342 a

221 1385 383 1421 Gelenio
429 1396 474 1419 ex
506 1384 548 1419 M
579 1389 615 1418 et
646 1381 834 1430 Spirensi3
867 1386 981 1416 antea
1019 1379 1221 1416 edebatur.
1253 1385 1291 1415 ut
1322 1379 1359 1414 iu
1391 1377 1642 1413 deterioribus

223 1455 418 1491 codicibus
450 1454 633 1502 seriptum
666 1458 742 1488 est:
784 1451 897 1499 quia
944 1462 1034 1485 suae
1080 1449 1249 1497 gratiae
1289 1448 1539 1484 reservari
1585 1460 1641 1483 ea

224 1525 384 1562 Aehaei
417 1537 499 1573 per
530 1536 579 1559 se
609 1523 703 1571 ipsi
737 1535 871 1570 quam
904 1527 973 1557 cet.
1036 1519 1178 1567 (Magis
1210 1519 1323 1555 etiam
1353 1519 1558 1555 lacuuosus
1589 1519 1642 1559 B„

222 1597 259 1632 in
292 1609 367 1644 quo
401 1602 477 1632 est:
513 1593 627 1642 quia
660 1605 751 1629 suae
782 1592 817 1629 G
832 1591 980 1628 raeeiae
1013 1590 1084 1636 [sic
1115 1602 1214 1637 saepe
1255 1589 1511 1637 corrumpitur
1540 1601 1642 1637 gra-

224 1665 315 1716 tiae]
362 1665 609 1702 reservari
654 1677 752 1700 eam
786 1662 949 1700 Achaei
993 1674 1077 1710 per
1123 1659 1399 1695 maluerunt
1429 1659 1643 1696 Achaico

225 1736 480 1774 contribui
525 1735 768 1775 coneilio,
823 1733 972 1769 omissis
1018 1743 1148 1767 errore
1196 1729 1309 1765 etiam
1339 1730 1416 1766 his:
1467 1742 1514 1765 se
1550 1729 1645 1778 ipsi

226 1821 361 1856 quam
392 1820 479 1856 per
508 1806 779 1851 Romanos).
853 1805 972 1840 Recte
1021 1809 1148 1838 tamen
1180 1800 1361 1835 Dukerus
1399 1800 1645 1836 animadver-

226 1878 280 1922 tit,
312 1877 349 1913 in
380 1876 631 1924 significanda
661 1876 790 1924 priore
821 1887 869 1910 ex
902 1873 1050 1909 duabus
1081 1871 1195 1906 rebus
1227 1876 1313 1906 aute
1332 1871 1536 1907 nominatis
1567 1883 1643 1906 nou

226 1960 340 1997 posse
372 1960 471 1983 eam
503 1960 573 1995 pro
605 1959 662 1989 eo,
694 1945 797 1993 quod
829 1950 884 1980 est
915 1943 1072 1985 illam,
1106 1941 1217 1989 poni,
1249 1939 1452 1976 Creverius
1486 1945 1643 1988 praeter-

227 2031 293 2058 ea,
333 2030 448 2065 quum
490 2016 742 2053 communiter
786 2020 873 2051 ante
914 2018 1091 2048 neutra
1128 2023 1202 2046 res
1249 2010 1443 2058 appellata
1473 2010 1540 2054 sit,
1571 2022 1648 2045 uon

227 2100 342 2137 posse
384 2087 606 2135 simpliciter
647 2086 938 2122 alteramutram
977 2088 1080 2118 certo
1127 2080 1352 2129 pronomine
1395 2080 1540 2128 (illam
1584 2086 1650 2115 aut

228 2160 363 2197 hanc)
398 2157 669 2199 demonstrari;
708 2156 839 2204 itaque
870 2155 1075 2190 alteram
1108 2151 1350 2199 requirebatq
1393 2149 1495 2197 quod
1525 2149 1649 2197 ipsum

230 2241 365 2277 parum
397 2228 646 2276 responderet
675 2227 797 2275 plenae
837 2233 871 2262 et
918 2224 1106 2260 distinctae
1148 2221 1304 2257 alterius
1344 2220 1398 2256 rei
1432 2219 1496 2266 (de
1527 2219 1650 2259 Eleis)

231 2299 430 2336 notationi.
493 2300 688 2346 Apparet,
720 2297 784 2333 ubi
813 2297 851 2333 iu
891 2294 1086 2332 codicibus
1117 2305 1215 2328 eam
1249 2292 1333 2337 (ea)
1366 2290 1551 2338 scriptum
1582 2296 1651 2331 est,

232 2370 387 2405 subesse
434 2369 632 2405 certiorem
669 2365 1049 2404 Lacedaemoniorum
1092 2362 1264 2398 exsulum
1305 2373 1429 2396 causae
1460 2359 1654 2408 significa—

232 2440 386 2481 tionem,
433 2438 673 2474 substantivo
704 2437 908 2481 iuelusam3
953 2447 1022 2471 nec
1070 2433 1107 2469 in
1149 2429 1215 2468 illo
1261 2444 1359 2468 eam
1407 2429 1510 2466 aliud
1560 2429 1654 2465 latet

233 2509 304 2545 nisi
355 2522 406 2545 ca
421 2521 570 2549 usam:
621 2508 687 2544 sed
729 2507 917 2543 excidisse
948 2504 1099 2541 videtur
1139 2515 1217 2538 vox
1265 2501 1505 2537 necessaria.
1538 2512 1653 2547 quum
