1811 2925
835 115 911 150 383
1340 114 1413 144 Lib.
1432 114 1583 144 XXXII.

172 238 289 281 ribus,
319 236 530 285 procidisse
560 236 720 273 dicatur.
786 235 865 273 efr.
899 237 935 272 h.
959 236 1022 272 lib.
1043 249 1074 274 c.
1101 239 1133 276 1,
1173 239 1239 273 10:
1271 238 1388 273 duas
1418 244 1585 286 portas

172 308 397 356 quodque
436 308 564 343 inter
604 319 683 343 eas
721 307 840 343 muri
871 313 991 350 eratg
1029 307 1163 353 XLII,
1196 309 1259 353 63,
1293 312 1334 345 6:
1364 308 1461 344 duae
1491 314 1583 344 tur-

171 392 266 423 res,
307 378 528 426 quodque
568 377 694 413 inter
732 390 811 413 eas
851 376 973 413 muri
1013 377 1194 423 fuerat3
1239 379 1357 423 XXI,
1401 381 1442 416 8:
1486 385 1584 415 tres

173 450 400 498 deinceps
433 456 613 491 turres,
645 456 968 496 quantumque
998 448 1128 484 inter
1160 461 1238 484 cas
1270 449 1390 485 muri
1421 456 1535 486 erat.

283 520 378 569 Cap.
411 521 484 564 25‚
533 522 576 555 10
616 519 683 568 (de
723 519 974 555 A'Enesidemo
1005 519 1173 567 praesidii
1202 520 1435 556 Achaeorum
1467 519 1584 567 Argis

172 591 340 640 impositi
379 591 559 640 praefccto
598 597 758 626 mortem
800 597 1020 626 constanter
1057 590 1296 638 oppetenti):
1341 590 1519 625 Missus
1562 603 1584 626 a

172 663 414 706 Philocle,
465 661 543 709 qui
605 670 862 708 quaereret.
919 661 1029 708 quid
1075 661 1169 697 sibi
1219 661 1374 698 vellet.
1448 661 1585 697 Nihil

171 739 302 769 statu
334 732 488 776 niodo,
534 744 672 779 quum
721 731 940 780 proiecto
985 744 1081 779 prae
1127 744 1175 768 se
1222 732 1379 780 clipeo
1413 739 1584 777 staret,

175 804 224 839 in
261 802 485 852 praesidio
537 802 730 838 creditae
775 801 908 837 urbis
950 802 1235 838 moriturum
1275 815 1322 839 se
1352 808 1584 839 armatum

174 873 437 922 respondit.
516 873 578 910 Sic
618 874 651 909 Β
703 885 787 908 cum
831 873 998 920 quinque
1040 873 1418 917 Drakenborbianis;
1471 875 1585 910 ceteri

174 944 294 980 nihil
324 944 656 979 tantummodo
683 943 915 986 similitcrve7
945 956 991 980 ex
1023 957 1099 991 quo
1130 944 1286 980 ulterius
1317 944 1584 993 interpolando

174 1021 305 1051 natum
324 1014 362 1050 in
383 1014 631 1049 editionibus:
662 1013 784 1049 nihil
815 1013 920 1049 fatu
933 1026 962 1057 sff
993 1015 1335 1060 tantummodo,
1368 1016 1470 1063 quod
1491 1016 1584 1052 ridi-

176 1085 298 1122 culum
318 1092 374 1120 est
400 1084 539 1131 (nihil
572 1084 641 1119 fat
657 1096 706 1119 us
732 1113 741 1122 .
761 1114 769 1122 .
799 1084 1084 1132 respondit).
1131 1086 1193 1121 Ex
1211 1085 1276 1121 illa
1296 1085 1484 1134 scriptura
1509 1099 1584 1122 non

175 1169 259 1192 cum
286 1154 501 1198 Gronovio‚
533 1167 644 1202 quem
663 1155 893 1191 recentiores
918 1164 1139 1203 sequuntur,
1171 1155 1386 1192 faciendum
1418 1157 1585 1194 videtur:

174 1226 296 1262 nihil
327 1233 455 1262 statu
487 1232 662 1266 nlot.US,
701 1225 780 1271 sed‚
819 1239 895 1262 una
932 1233 1079 1262 tantum
1108 1227 1235 1262 littera
1264 1234 1433 1263 mutata:
1466 1228 1586 1265 nihil

174 1304 303 1334 statu
333 1305 479 1340 moto,
511 1308 555 1332 eo
588 1295 822 1344 significatu5
865 1309 940 1344 quo
972 1295 1174 1334 Gronovic
1209 1298 1247 1334 in
1278 1306 1442 1335 mentem
1472 1311 1585 1336 vene—

175 1376 246 1414 rat,
276 1369 389 1405 scribi
419 1367 535 1404 etiam
566 1379 699 1415 posse:
746 1367 865 1403 nihil
896 1374 1028 1403 statu
1058 1376 1253 1406 mutato.
1319 1370 1457 1417 Neque
1487 1371 1584 1407 enim

174 1438 297 1482 video,
328 1451 395 1474 cur
425 1445 547 1474 status
578 1438 725 1474 moveri
755 1438 828 1474 dici
866 1445 1040 1486 nequeat

285 1507 380 1557 Cap.
403 1510 466 1554 31,
486 1512 507 1546 6
529 1522 645 1557 quum
664 1509 754 1545 olim
775 1522 956 1557 perverse
979 1510 1224 1546 scriberetur:
1257 1510 1456 1546 Litterae
1484 1523 1588 1547 con-

176 1580 328 1615 sulum
359 1593 381 1616 a
408 1580 579 1617 Gallia
610 1580 663 1616 de
692 1579 844 1628 gestis
874 1592 1105 1628 prospere
1137 1581 1221 1616 sub
1251 1580 1373 1617 idem
1404 1587 1588 1630 tempus

179 1651 369 1687 Romam
410 1650 602 1696 adlatae‚
642 1664 740 1686 nnnc
787 1664 806 1686 e
843 1651 876 1687 B
921 1650 1060 1686 editur:
1105 1650 1302 1686 Litterae
1340 1653 1588 1689 consulum

177 1722 418 1758 amborum
471 1722 525 1757 de
560 1722 702 1757 rebus
742 1722 788 1757 in
830 1721 998 1758 Gallia
1037 1721 1191 1769 gestis
1227 1734 1463 1772 prospere
1505 1724 1588 1760 sub

176 1791 296 1827 idem
344 1798 528 1839 teinpus
577 1792 775 1828 Romam
828 1792 1023 1837 adlatae,
1068 1800 1195 1828 cetera
1238 1794 1439 1842 perspicue
1487 1802 1589 1831 recte

178 1861 243 1911 (—
277 1874 364 1897 nam
398 1862 437 1897 id
466 1862 590 1911 ipsum
620 1869 794 1908 notatur,
837 1863 1035 1910 utriusque
1065 1863 1242 1908 consulis,
1274 1876 1389 1912 quum
1430 1865 1590 1902 diversis

176 1933 268 1969 locis
298 1946 379 1969 rem
408 1933 624 1981 gessissent,
662 1933 797 1969 eodem
827 1940 999 1982 tempore
1030 1934 1176 1970 litteras
1208 1934 1358 1971 adlatas
1388 1948 1471 1972 esse
1500 1935 1589 1985 -—);

176 2003 213 2039 in
245 2004 428 2040 adverbio
458 2016 692 2052 prospere
740 2004 917 2040 mendum
966 2005 1091 2053 arguit
1136 2018 1280 2054 pravus
1321 2006 1428 2043 locus
1459 2006 1494 2042 ei
1522 2007 1589 2043 ad-

178 2074 349 2123 signatus
379 2075 449 2123 (de
478 2075 619 2110 rebus
649 2074 802 2123 gestis
832 2088 1087 2123 prospere,
1122 2076 1346 2125 interposito
1377 2077 1589 2126 praesertim

176 2145 221 2181 in
252 2144 454 2193 Gallia);
491 2145 622 2194 itaque
662 2145 910 2194 Kreyssigius
945 2146 998 2181 de
1035 2147 1183 2182 rebus
1212 2147 1258 2183 in
1289 2147 1457 2185 Gallia
1486 2161 1589 2197 pro-

177 2228 315 2264 spere
354 2215 509 2264 gestis
549 2212 757 2265 scripsit.¹)
820 2216 872 2252 Et
913 2216 1121 2253 modestius
1168 2224 1203 2254 et
1241 2219 1381 2255 rectius
1418 2220 1499 2256 fiet:
1536 2220 1590 2256 de

177 2287 318 2322 rebus
347 2287 393 2322 in
423 2285 593 2323 Gallia
622 2287 778 2335 gestis
809 2300 960 2340 prope
990 2288 1074 2324 sub
1107 2288 1229 2324 idem
1261 2294 1446 2338 tempus
1476 2291 1523 2328 R.
1553 2303 1589 2328 a.

179 2357 269 2393 Non
313 2355 394 2393 fere
431 2358 554 2394 minus
597 2357 710 2394 facile
754 2364 1038 2394 commutantur
1088 2371 1327 2408 prospere
1367 2368 1404 2396 et
1441 2374 1590 2410 prope

181 2440 294 2475 quam
329 2418 537 2477 propere
573 2436 609 2464 et
648 2441 815 2476 prope,
866 2441 1027 2476 quorum
1069 2437 1372 2478 permutatorum
1415 2424 1592 2480 exempla

206 2643 236 2686 ¹)
271 2648 328 2681 W.
353 2649 388 2678 in
415 2649 520 2680 altera
546 2649 693 2680 editione
726 2649 912 2688 comparari
940 2648 1034 2679 iubet
1060 2649 1151 2681 locos
1184 2660 1318 2689 prorsus
1345 2651 1542 2684 dissimiles.
