1811 2925
912 158 957 191 14

224 278 381 326 quinii
412 284 461 314 ut
491 278 670 316 Sextus
701 284 827 314 ortum
858 283 958 314 esset
986 277 1168 314 facillimo
1199 291 1327 315 errore
1356 280 1581 328 (praesertim
1606 283 1637 319 si

223 349 468 397 Tarquini
500 347 746 391 scriberetur)
786 347 1088 395 Tarquinius
1119 348 1321 395 Sextus,
1352 357 1440 398 post
1472 351 1637 389 fuerat

223 420 393 456 additum
425 425 481 455 est
522 424 571 455 ut
610 418 933 467 (Tarquinius
965 418 1160 463 Sextus,
1205 421 1285 468 qui
1314 422 1470 458 Romae
1500 423 1637 460 relie-

223 498 297 526 tus
327 490 509 532 fuerat,
539 495 589 526 ut
620 490 831 538 ignarus
861 490 1093 537 responsi
1125 489 1334 540 essetv)¹);
1371 493 1529 530 alterum
1560 507 1636 531 non

222 561 346 597 minus
375 560 620 596 manifestum
651 561 795 595 notabo
827 566 864 595 et
894 559 1084 608 corrigam
1114 560 1151 596 in
1182 573 1212 596 c.
1243 559 1315 606 IV,
1347 563 1416 608 25,
1449 567 1468 599 7
1512 565 1636 612 (Con-

223 632 339 668 silia
380 632 435 667 de
478 631 730 666 movendo
761 630 917 674 bello,
964 630 1463 670 consiliadmovendo
1493 616 1644 681 bello,

221 703 307 739 inde
349 701 564 737 consilia
605 701 661 737 ad
706 701 944 737 movenda
978 701 1147 747 bella),
1189 702 1305 750 paulo
1346 704 1569 742 obscuriora
1598 707 1636 742 in

220 773 309 817 III,
361 774 433 817 38,
471 774 514 808 10
548 778 584 808 et
614 772 694 813 IV,
730 775 771 811 7.
810 775 848 808 lt
888 778 946 813 et,
989 772 1091 820 quod
1125 773 1314 820 corrigere
1346 787 1517 822 nequeo,
1564 777 1636 821 IV,

221 844 286 886 43,
319 845 355 881 5.

333 914 410 952 Sed
440 915 532 957 haeo,
563 920 605 949 ut
636 914 727 955 dixi,
765 928 854 950 rara
884 921 971 950 sunt
1002 914 1179 961 exempla
1206 914 1304 950 illius
1333 915 1637 964 interpolationis

220 985 390 1033 generis,
433 985 536 1033 quod
577 985 615 1021 in
669 985 944 1021 recentioribus
996 984 1189 1021 codicibus
1235 985 1360 1022 multis
1389 987 1562 1035 partibus
1601 995 1638 1024 et

221 1056 456 1104 frequentius
488 1063 525 1093 et,
555 1056 738 1092 audacius
771 1061 847 1099 est3
878 1055 997 1091 multo
1027 1055 1140 1092 latius
1170 1055 1245 1091 iam
1277 1056 1313 1092 in
1344 1056 1473 1093 codice
1505 1058 1637 1093 arche-

222 1134 312 1176 typo
335 1127 459 1176 patuit
482 1128 642 1163 alterum
676 1127 766 1163 illud
797 1139 930 1175 genus,
962 1127 1064 1174 quod
1093 1127 1218 1162 verbis
1249 1128 1460 1163 continetur
1480 1129 1529 1164 ad
1549 1141 1636 1164 ora-

221 1198 362 1235 tionem
394 1198 622 1246 explendam
651 1197 926 1234 sententiamve
958 1197 1227 1233 declarandam
1258 1198 1471 1246 adscriptis,
1502 1198 1636 1234 deinde

222 1282 351 1304 errore
394 1274 538 1316 (neque
576 1268 675 1304 enim
720 1268 919 1304 consilium
962 1268 1032 1303 fuit
1070 1273 1134 1302 aut
1172 1267 1371 1314 iudicium,
1414 1268 1503 1316 quid
1536 1269 1635 1305 Livii

223 1347 334 1384 esset,
363 1340 455 1388 quid
485 1340 577 1385 non)
611 1340 649 1375 in
672 1339 796 1387 ipsam
824 1338 1035 1374 orationem
1058 1339 1230 1386 receptis.
1269 1341 1399 1387 Atque
1422 1339 1637 1375 huiusmodi

223 1410 397 1457 quaedam
430 1422 513 1446 esse
544 1410 905 1458 interpretamenta,
937 1421 1020 1456 quae
1052 1410 1216 1446 onmium
1248 1411 1419 1446 codicum
1450 1422 1637 1446 consensu

222 1481 504 1525 confirmentur,
534 1481 683 1516 ratione
715 1481 926 1517 certissima
958 1479 1241 1524 convincantur,
1272 1481 1483 1516 concedunt
1503 1493 1633 1516 neces-

222 1553 323 1588 sario
357 1553 471 1588 etiam
502 1552 546 1593 ii,
578 1552 641 1600 qui
673 1565 762 1588 raro
794 1552 997 1599 quicquam
1036 1550 1250 1587 huiusmodi
1292 1551 1524 1589 concedunt:
1567 1551 1633 1587 sed

221 1629 260 1658 ut
291 1624 428 1659 certius
459 1636 519 1659 res
549 1623 757 1667 iudicetur,
795 1635 936 1671 ponam
968 1622 1133 1670 primum
1162 1621 1199 1657 in
1228 1628 1432 1671 conspectu
1463 1621 1633 1665 collecta,

223 1706 306 1741 quae
352 1695 399 1730 ab
441 1694 524 1729 aliis
564 1694 600 1729 in
642 1695 715 1730 hoc
748 1706 886 1742 genere
916 1700 1019 1730 recte
1048 1700 1198 1730 notata.
1234 1692 1416 1729 nonnulla
1447 1704 1633 1728 consensu

223 1765 405 1801 damnata
435 1772 533 1803 sunt.
593 1765 754 1801 Attendi
780 1770 906 1800 autem
929 1764 1043 1799 velim
1068 1763 1105 1798 in
1129 1775 1201 1798 uno
1226 1769 1263 1799 et
1293 1763 1412 1799 altero
1444 1762 1633 1810 exemplo,

224 1848 338 1882 quam
384 1835 519 1871 leviter
569 1834 869 1882 festinanterque
915 1834 1009 1870 talia
1062 1833 1245 1869 interdum
1302 1833 1496 1881 adscripta
1546 1833 1631 1875 sint,

223 1906 482 1941 additamento
530 1912 595 1941 aut
638 1918 715 1940 non
754 1912 856 1941 recte
904 1906 940 1940 in
986 1904 1169 1940 orationis
1210 1911 1437 1940 structuram
1485 1903 1630 1939 incluso

224 1976 341 2022 (velut
371 1977 443 2021 IV,
476 1978 539 2021 32,
577 1979 594 2012 7
630 1988 709 2012 eos
740 1975 973 2023 adscriptum
1005 1980 1073 2016 est,
1104 1986 1215 2021 quum
1246 1974 1277 2009 ii
1307 1973 1473 2018 deberet,
1501 1978 1538 2008 et
1559 1972 1631 2017 VI,

228 2048 288 2089 17,
321 2050 342 2082 6
372 2047 416 2082 id
448 2060 517 2096 pro
551 2059 622 2085 eo.
658 2045 981 2094 quemadmodum
1012 2045 1050 2081 in
1081 2044 1189 2080 tertia
1218 2044 1359 2080 decade
1390 2045 1535 2083 XXX,
1567 2045 1629 2082 23.

260 2245 291 2288 ¹)
318 2249 418 2280 Paene
444 2251 640 2280 incredibile
667 2255 737 2287 est,
775 2249 864 2280 hanc
890 2249 1107 2289 scripturam,
1143 2256 1205 2280 non
1233 2248 1308 2279 dico
1334 2249 1375 2279 ab
1401 2248 1628 2279 Alschefskio.

319 2311 376 2341 sed
404 2321 423 2341 a
448 2311 724 2343 Weissenbornio
750 2316 783 2341 et
813 2311 949 2342 Hertzio
974 2311 1107 2352 probari
1126 2311 1287 2352 potuisse,
1314 2321 1390 2341 nam
1414 2316 1452 2340 ut
1476 2310 1628 2340 omittam

317 2382 508 2413 praenomen
535 2373 661 2402 nomini
687 2374 924 2413 postpositum,
953 2373 1040 2413 quod
1070 2372 1222 2416 feceritne
1248 2382 1394 2412 unquam
1420 2371 1546 2407 Livius,
1571 2370 1629 2400 ad—

318 2435 456 2465 modum
483 2434 620 2464 dubium
655 2440 723 2471 cst,
757 2434 822 2465 hoc
858 2434 977 2466 saltem
1012 2434 1109 2470 loco,
1142 2433 1193 2465 ubi
1228 2443 1326 2464 omne
1356 2432 1488 2473 pondus
1520 2437 1570 2462 est
1594 2432 1628 2462 in

319 2497 535 2536 praenomine,
564 2505 630 2535 quo
659 2495 774 2526 tertius
804 2494 905 2525 frater
930 2501 1103 2536 separatur
1128 2506 1147 2526 a
1167 2495 1309 2532 duobus,
1336 2503 1405 2523 non
1426 2492 1514 2530 fecit,
1540 2493 1626 2523 ordi-

316 2566 462 2596 nemque
495 2557 662 2596 reliquum
699 2557 897 2593 verborum,
933 2557 1090 2587 evertitur
1126 2554 1229 2585 omnis
1264 2554 1430 2585 sententia
1461 2554 1570 2594 posita
1594 2554 1627 2584 in

321 2619 527 2649 seiunctione
556 2618 818 2658 Tarquiniorum
841 2623 874 2647 et.
888 2618 996 2655 Bruti,
1023 2617 1118 2647 cuius
1132 2626 1247 2647 romeu
1266 2616 1467 2646 eontrarium
1488 2614 1629 2645 refertur

318 2680 393 2709 huic
422 2679 665 2718 Tarquinii.
