1811 2925
251 124 326 155 Lib.
353 123 467 155 XLII.
932 124 1009 160 532

250 245 397 283 foederi
451 258 536 282 cum
594 246 779 295 Philippo
840 246 916 282 iet-o
972 246 1254 283 adscribuntur.
1348 248 1555 284 Favisse
1610 261 1682 297 pro

251 316 406 353 fuisse
433 315 582 352 restitui
611 315 755 360 XXII,
792 317 856 361 60,
896 317 943 352 21
979 316 1110 364 ibique
1139 316 1240 352 idem
1273 317 1451 354 mendum
1486 317 1681 365 (fuimus

250 398 322 434 pro
353 384 586 431 favimus)
618 385 656 421 in
688 386 774 421 cod.
798 386 1091 423 Vindobonensi
1122 386 1254 432 XLV,
1287 388 1351 424 22.
1389 391 1433 424 10
1467 401 1550 424 esse
1580 387 1686 435 dixi3,

252 469 300 492 ex
344 461 660 504 posteaarma
704 455 1018 504 (postearma)
1063 468 1178 504 quam
1225 455 1338 494 facile
1382 459 1474 494 oriri
1514 459 1683 507 potuerit

252 527 393 562 hoste
429 539 452 562 a
477 538 636 571 roma,
669 533 845 575 apparet.
914 527 1007 563 Non
1039 532 1097 563 est
1130 527 1212 563 haec
1256 527 1351 564 lenis
1384 529 1602 565 emendatio
1645 535 1682 565 ct

251 602 381 632 tamen
411 609 535 645 prope
565 602 671 634 certa
702 597 795 633 mihi
826 597 992 633 videtur.

366 665 463 715 Cap.
498 668 562 712 38,
596 668 640 703 2:
690 667 809 703 Inde
837 667 883 702 in
912 667 1152 704 AEtoliam
1184 669 1443 718 progressi
1474 666 1542 718 (Q.
1573 668 1682 704 Mar-

252 737 332 773 cius
364 743 402 773 et
433 739 482 773 A.
517 737 661 774 Atilius
693 737 811 785 legati
843 738 1027 784 Romani)
1072 750 1126 774 ac
1170 751 1352 787 paucos
1392 739 1460 776 ibi
1508 738 1683 775 morati

253 807 375 852 dies,
407 808 511 843 dum
543 807 589 843 in
627 807 859 856 praetoris
902 808 1083 844 mortui
1122 808 1279 845 locum
1327 809 1451 846 alius
1483 808 1683 845 suffice-

251 884 408 923 retur,
440 884 505 923 et,
548 877 754 927 Lycisco
800 885 1008 926 praetore
1050 878 1205 923 facto,
1246 908 1339 925 ...,
1376 880 1683 916 transierunt-

251 948 296 984 in
338 948 662 984 Thessaliam.
741 947 990 984 Narrationis
1034 949 1129 985 ordo
1174 957 1211 986 et
1240 963 1373 987 cursus
1416 950 1600 999 postulat,
1642 958 1683 986 ut

251 1018 410 1054 tollatur
453 1024 497 1054 et
539 1025 627 1055 ante
667 1015 929 1068 Lycisc0.¹)
1005 1020 1136 1056 Medio
1183 1021 1309 1070 capite
1347 1023 1381 1067 (ἓ
1416 1023 1475 1067 5),
1518 1021 1583 1057 ubi
1629 1021 1683 1057 sic

252 1088 396 1126 editur:
444 1100 583 1136 quum
630 1088 820 1137 culpam
865 1088 911 1125 in
940 1089 1204 1128 Ismeniam
1244 1122 1280 1130 ..
1321 1090 1607 1128 conferrent
1639 1098 1683 1127 et

252 1158 495 1206 quasdam
528 1160 769 1196 civitates
814 1159 1169 1197 dissentientes
1214 1162 1258 1198 in
1288 1175 1480 1198 eausam
1511 1162 1681 1198 deduc-

253 1234 347 1273 tas,
375 1229 713 1277 appariturum
746 1230 791 1266 id
823 1242 927 1266 esse
957 1231 1178 1267 Marcius
1209 1232 1685 1280 1·espondit;singu·

250 1298 310 1334 lis
342 1298 468 1334 enim
502 1305 587 1344 cet.,
633 1299 808 1348 apparet,
852 1301 1040 1337 excidisse
1078 1301 1116 1336 in
1160 1300 1281 1336 altero
1315 1303 1488 1338 membro
1520 1302 1679 1338 verbnm

252 1369 410 1416 aliquod
452 1368 708 1416 (dicerent,
751 1370 1186 1416 demonstrarent);
1228 1383 1352 1418 neque
1394 1372 1492 1408 enim
1528 1372 1566 1408 in
1608 1373 1684 1409 hac

251 1439 438 1475 orationis
470 1439 615 1476 forma:
660 1441 854 1489 culpam
896 1441 940 1477 in
973 1441 1154 1477 Titium
1200 1440 1400 1477 confero
1433 1452 1476 1478 et
1521 1443 1681 1480 Seium

251 1509 529 1557 deceptum,
585 1511 709 1547 audiri
766 1512 843 1548 ullo
894 1519 1008 1560 pacto
1061 1517 1187 1559 potest
1242 1510 1364 1554 dico;
1420 1525 1505 1548 eam
1555 1520 1683 1549 autem

252 1592 336 1616 esse
381 1580 611 1616 sententiam
658 1583 914 1630 excusarique
958 1582 1133 1618 civitates
1174 1594 1251 1617 non
1294 1594 1363 1617 sua
1409 1583 1608 1619 voluntate
1647 1584 1682 1619 in

253 1650 476 1686 societatem
524 1663 610 1687 cum
653 1652 800 1688 Perseo
832 1653 1040 1696 deductas,
1085 1657 1121 1688 et
1165 1664 1234 1700 per
1276 1664 1316 1688 se
1346 1652 1592 1700 perspicuum
1627 1661 1683 1690 est

251 1726 289 1755 et
320 1732 368 1755 ex
400 1732 430 1755 c.
469 1721 531 1764 43,
568 1723 603 1760 5.
674 1722 790 1769 Quod
822 1723 958 1767 editur,
990 1722 1179 1770 significat
1211 1734 1368 1758 eausam
1403 1722 1440 1757 in
1472 1723 1682 1759 Ismeniam

251 1796 289 1826 et
322 1789 500 1826 civitates
531 1791 763 1828 coniunctim
795 1793 989 1829 collatam.

364 1859 458 1909 Cap.
506 1864 586 1906 40,
640 1865 658 1897 7
712 1862 768 1905 (in
821 1863 866 1910 Q.
918 1863 1055 1899 Marcii
1101 1863 1149 1898 ad
1200 1863 1422 1911 Philippum
1469 1861 1682 1907 orationoj:

250 1930 513 1967 Thebanos
568 1931 784 1979 legatos,
853 1932 1083 1968 Euersam
1139 1931 1188 1980 (Ρ)
1246 1939 1291 1968 et
1345 1931 1682 1977 Callicritum,

250 2000 504 2037 venientes
565 2013 588 2037 a
647 2002 811 2046 nobis,
887 2015 1098 2050 quaerere
1159 2002 1306 2042 malo,
1367 2002 1475 2050 quis
1534 2002 1681 2037 inter-

250 2069 447 2115 fecerit,
492 2084 632 2118 quam
677 2085 901 2120 arguere.
980 2072 1076 2110 Cod.
1121 2085 1144 2108 a
1184 2084 1289 2116 nos3
1333 2072 1446 2109 scrib.
1486 2071 1543 2107 ad
1574 2083 1681 2115 nos,

250 2138 402 2174 sublato
452 2152 607 2178 errore.
661 2143 698 2178 in
749 2155 861 2190 quem
910 2155 1082 2191 persaepe
1128 2142 1188 2178 hic
1237 2141 1415 2178 librarius
1465 2141 1595 2177 incidit
1640 2142 1681 2186 (a

274 2324 305 2363 ¹)
342 2328 452 2359 Paulo
490 2339 588 2369 ante,
617 2334 633 2372 ξ
665 2337 692 2372 l,
719 2334 802 2364 nihil
842 2334 967 2365 certius
995 2340 1045 2364 est
1083 2331 1358 2364 Drakenborchii
1388 2331 1597 2362 coniectura:
1637 2332 1678 2361 iu

344 2390 540 2423 Orestas.
571 2400 612 2423 ut
639 2395 849 2434 praesidio
877 2400 1032 2425 essent
1057 2394 1273 2425 liberatis
1308 2403 1327 2422 a
1355 2392 1678 2423 Macedonibus

349 2451 442 2485 (cod.
470 2458 503 2482 ct
535 2455 612 2487 edd.
646 2455 857 2487 liberatis
884 2456 934 2485 ab
962 2466 1002 2485 se
1037 2454 1377 2493 Macedonibus).
1448 2453 1678 2484 vitiosissime

350 2511 466 2543 Livius
504 2516 694 2555 scripsisset
727 2522 759 2547 et
796 2515 947 2555 legentes
986 2516 1187 2557 decepisset,
1215 2517 1252 2553 si.
1294 2526 1377 2556 quos
1404 2524 1511 2555 nuper
1539 2514 1677 2546 Orestas

344 2574 506 2607 dixisset.
552 2586 609 2606 eos
650 2577 872 2608 liberatos
911 2588 929 2607 a
967 2584 1121 2608 senatu
1168 2578 1433 2607 Macedonas
1461 2576 1676 2616 appellasset,

345 2644 548 2675 quamquam
578 2636 806 2669 Macedonum
835 2648 873 2669 ea
899 2648 981 2677 gens
1008 2645 1091 2671 erat.
