1811 2925
841 143 916 177 443
1290 140 1363 171 Lib.
1382 140 1588 171 XXXVIII,

283 263 378 314 Cap.
411 266 476 311 28,
510 267 531 302 6
564 265 630 312 (de
662 264 911 314 Cephallenia
942 276 965 299 a.
997 264 1050 302 M.
1083 264 1222 300 Fulvio
1254 264 1409 300 consule
1439 265 1591 312 capta)3

171 334 381 372 Obsides
413 337 589 373 deinde
619 337 888 385 imperat-os
918 347 1002 383 pro
1033 335 1224 371 viribus
1267 335 1589 385 inopispopu-

171 405 205 441 li
237 407 444 443 vicenos
477 407 707 453 Nesiotae,
739 405 935 451 Cranii,
974 406 1207 443 Palenses
1239 411 1282 442 et
1313 405 1482 442 Samaei
1511 405 1591 441 de-

171 477 356 516 derunt.
440 478 503 516 Sic
549 478 636 514 inde
682 479 730 515 ab
761 477 926 513 edit-ione
966 477 1215 513 Frobeniana
1247 478 1288 513 11
1335 476 1383 512 ad
1419 482 1589 512 nostram

170 554 322 585 aetatem
355 549 559 594 scribitur,
600 548 852 585 incertissima
885 548 1137 594 auctoritate,
1179 547 1358 596 quoniam
1405 546 1589 583 Gelenius

170 618 262 654 nihil
303 619 522 663 adnotavit,
567 620 670 668 quod
710 619 886 665 fecisset,
937 619 1092 668 opinor,
1142 620 1173 656 si
1205 632 1252 656 ex
1282 620 1323 655 M
1355 618 1589 654 Nesiotas

170 689 254 726 illos
286 692 522 740 sumpsisset.
582 690 785 729 Convincit
815 697 942 727 autem
976 703 1041 727 eos
1074 691 1159 740 ipsa
1189 703 1268 736 res,
1299 703 1387 726 nam
1411 695 1587 738 quartum

171 761 430 810 Cephalleniae
460 763 643 812 oppidum
688 775 799 798 nemo
831 763 993 799 Nesoi]
1040 762 1249 811 appellavit
1280 759 1477 812 (νῆσον),
1522 759 1589 796 sed

170 840 236 869 aut
273 826 477 885 Πρόνους
525 833 762 882 (incolasque
802 831 1089 885 Προναίους,
1116 830 1428 885 Προνναιόυς,
1463 830 1589 883 ,Προ-

174 895 321 952 νόους)
355 911 422 941 aut
452 897 696 957 ΑΠρόνησον
727 906 877 954 (Steph.
896 906 1009 953 Byz.)
1044 913 1109 941 aut
1127 898 1379 956 Hpoivvtjoov
1410 902 1590 950 (Strab.)·

169 976 307 1024 Itaque
337 976 696 1021 Weissenbornius,
725 976 993 1012 animadverso
1028 977 1142 1012 etiam
1175 974 1444 1025 'copulationis
1493 974 1589 1010 vitio

170 1047 223 1093 (iu
259 1054 322 1093 et3
375 1047 451 1085 vid.
481 1047 529 1083 ad
562 1047 647 1089 III,
704 1050 741 1092 l,
778 1046 838 1092 5),
884 1049 1004 1084 verba
1044 1048 1097 1084 sic
1139 1048 1291 1096 scripsit
1320 1045 1588 1093 distinxitque:

168 1117 386 1154 Nesiotae
409 1117 576 1155 Cranii
607 1125 652 1155 et
678 1118 916 1155 Palenses
947 1125 991 1155 et
1022 1118 1206 1164 Samaei,
1237 1118 1377 1166 copula
1406 1130 1454 1153 ex
1485 1116 1589 1152 codi—

169 1189 275 1225 cibus
306 1196 471 1238 sumpta.
541 1189 617 1227 Sed
657 1202 780 1238 neque
822 1189 896 1226 tria
937 1189 1092 1226 nomina
1136 1203 1206 1238 pro
1239 1195 1421 1238 quattuor
1464 1200 1588 1236 neque

171 1271 303 1296 omnes
335 1259 468 1295 insulae
498 1259 631 1295 incolae
663 1259 860 1307 (insulani)
893 1260 1032 1297 Graeca
1070 1261 1381 1298 Nesiotarum
1416 1260 1587 1309 appella-

170 1332 271 1367 tione
302 1330 567 1379 comprehensi
601 1331 717 1367 ullam
748 1332 892 1368 habent
924 1332 1247 1380 probabilitatem.
1308 1333 1354 1368 In
1380 1332 1586 1375 codicibus,

170 1402 215 1438 dc
247 1401 387 1450 quibus
418 1407 581 1446 constat,
611 1402 931 1439 Nesiotarum
982 1403 1126 1439 nullum
1164 1403 1367 1452 vestigium
1397 1410 1474 1449 est,
1520 1403 1586 1438 sed

165 1473 219 1509 sic
250 1472 445 1509 scribitur:
484 1472 688 1509 vicenos
736 1480 893 1510 autem
939 1473 1196 1511 Grannoni
1238 1474 1288 1517 (Β
1336 1481 1373 1511 et
1403 1481 1585 1523 quattuor

164 1543 380 1587 Drakenb,
412 1542 631 1579 Granoni
662 1550 738 1579 tres
770 1544 906 1589 Drak,
938 1544 1202 1589 Granonii,
1244 1544 1278 1581 G
1293 1546 1476 1582 rainoni
1507 1546 1582 1582 sin-

164 1614 261 1663 guli)
294 1620 338 1649 et
367 1613 608 1650 Palenses
640 1621 680 1650 et
713 1615 881 1650 Samaei
914 1616 1100 1658 (Tamei
1132 1617 1178 1661 B,
1199 1617 1284 1653 Pal.
1308 1620 1337 1653 1.
1369 1617 1583 1654 Thamaei

165 1693 241 1721 tres
270 1684 415 1729 Drak.)
447 1684 692 1721 dederunt.
754 1686 862 1730 QHoc
892 1688 1051 1723 verbum
1084 1688 1224 1724 omittit
1254 1686 1319 1736 B.)
1382 1689 1458 1726 sed
1486 1702 1581 1737 prae-

164 1762 222 1791 ter
252 1756 351 1791 hanc
388 1755 425 1791 in
468 1755 685 1792 nominibus
729 1756 990 1794 difficultatem
1024 1759 1126 1795 aliud
1158 1766 1215 1795 est
1242 1760 1525 1796 incommodum
1559 1774 1582 1796 a

163 1826 361 1862 nullodum
417 1826 747 1876 animadversum3
795 1841 918 1876 neque
965 1829 1063 1866 enim
1114 1837 1285 1866 veterum
1337 1831 1581 1879 maximeque

164 1896 391 1934 Graecorum
427 1897 609 1946 loquendi
644 1911 714 1935 usu
755 1911 852 1935 unus
893 1906 976 1935 erat-
1020 1898 1356 1948 Cephalleniorum
1402 1903 1580 1951 populuS,

162 1968 229 2004 sed
261 1974 455 2016 quattuor.
512 1970 652 2018 Itaque
682 1970 914 2015 rectissime,
944 1970 1058 2007 etiam
1091 1972 1139 2007 ad
1172 1972 1359 2021 reliquam
1394 1972 1580 2009 orationis

162 2038 342 2084 formam,
373 2046 413 2075 ut
448 2039 587 2088 inopiae
619 2046 655 2076 et
684 2040 822 2076 virium
852 2040 994 2077 mentio
1026 2042 1075 2077 ad
1106 2043 1317 2080 subiectum
1349 2051 1384 2080 ct
1415 2045 1463 2080 ad
1494 2057 1580 2080 ver-

162 2109 252 2145 bum
284 2110 515 2147 dederunt
548 2111 871 2157 accommodetur,
905 2112 942 2148 in
974 2113 1007 2148 Β
1044 2118 1098 2158 (et
1128 2113 1293 2150 fortasse
1323 2115 1360 2150 in
1393 2114 1578 2163 pluribuS,

161 2178 192 2215 si
223 2180 374 2216 tantilla
401 2194 462 2217 res
495 2181 679 2219 adnotata
706 2187 821 2225 esset)
847 2183 1025 2219 scribitur
1055 2184 1226 2236 inopes
1257 2186 1437 2234 populi.
1491 2187 1578 2223 Hoc

163 2250 433 2288 animadverso
467 2252 714 2301 intelligitur,
749 2267 835 2302 pro
875 2254 1069 2290 viribus
1100 2268 1145 2291 eo
1176 2256 1389 2304 pert-inere,
1432 2264 1471 2294 ut
1500 2271 1577 2294 non

161 2321 261 2357 idem
293 2323 341 2358 ab
374 2323 550 2360 omnibus
582 2331 765 2372 quattuor
794 2322 948 2374 populis
978 2338 1157 2362 numerus
1189 2326 1300 2364 datus
1332 2329 1391 2374 sit,
1423 2329 1578 2365 eodem-

165 2405 237 2440 que
268 2401 442 2442 spectare
472 2394 671 2431 vicenos
705 2398 873 2435 autem.
933 2396 1070 2444 Itaque
1105 2396 1154 2432 ad
1184 2397 1283 2434 hanc
1312 2398 1479 2436 formam
1511 2400 1575 2437 Li-

160 2463 245 2499 vius
275 2464 499 2513 scripserat:
545 2466 754 2503 Obsides
790 2466 902 2503 inde
944 2467 1213 2515 imperat-os
1253 2481 1337 2516 pro
1381 2471 1576 2507 viribus

159 2534 330 2583 inopes
361 2537 551 2586 populi,
585 2535 939 2586 [quadraginta
968 2536 1232 2588 Pronnaei,]
1258 2540 1460 2577 vicenos
1491 2554 1577 2577 au-

159 2612 249 2640 tem
281 2604 449 2643 Cranii
490 2613 536 2643 et
586 2607 826 2644 Palenses
879 2614 924 2643 et
953 2609 1120 2645 Samaei
1151 2608 1401 2650 dederunt.
1447 2613 1576 2648 Aber-

158 2675 259 2712 ravit
288 2676 435 2713 librarii
466 2677 598 2714 oculus
636 2691 658 2714 a
687 2678 815 2726 priore
845 2691 1004 2715 numero
1033 2680 1082 2716 ad
1115 2680 1288 2716 alterum.
1357 2681 1572 2718 Numerum
