1811 2925
822 125 899 162 403
1301 124 1376 156 Lib.
1395 125 1565 159 XXXIV.

158 248 352 284 bertate
409 246 607 284 Graeciae
659 246 894 282 adversus
949 246 1230 295 Philippum
1288 260 1565 296 gereremus

158 318 355 363 bellum,
398 330 496 354 cum
545 324 752 366 tyranno
795 316 1055 353 instituere
1096 317 1385 363 amicitiam,
1424 326 1467 356 et
1496 326 1565 370 ty-

157 401 309 424 ranno
342 400 498 436 quam,
541 388 618 435 qui
662 400 870 435 unquam
900 386 1012 433 fuit,
1057 389 1320 426 saevissimo
1364 390 1409 426 in
1439 402 1565 429 suos.

157 458 220 496 Sic
254 459 313 497 ed.
344 459 450 507 Mog.
483 464 519 494 et
548 458 604 497 B,
635 457 748 506 idque
778 458 1113 494 VVeissenbornius
1151 461 1368 504 revocavit;
1409 460 1564 498 Grono-

155 530 240 566 vius
271 530 461 578 ceterique
492 535 715 572 tenuerant,
759 528 861 576 quod
899 528 937 564 in
974 529 1199 577 vulgaribus
1241 531 1435 568 codicibus
1473 531 1565 568 scri-

155 600 258 636 bitur
290 606 327 636 et
355 600 391 636 in
423 599 651 636 editionibus
686 606 774 635 ante
795 599 1083 647 Moguntinam:
1114 606 1158 636 et
1187 607 1393 650 tyranno
1426 614 1564 650 quam

154 671 233 720 qui
265 684 321 707 un
337 683 473 719 quam
504 670 790 712 saevissimo,
821 669 963 706 omisso
994 669 1097 706 fuit.
1161 670 1238 707 Sed
1260 671 1390 708 addito
1413 685 1565 721 qnoque

155 743 273 778 verbo
305 741 429 777 oratio
461 740 664 776 manifesto
696 740 836 776 vitiosa
873 747 940 776 est.
1010 741 1114 777 Nam
1146 742 1313 789 positum
1344 742 1567 791 simpliciter

153 812 383 849 adiectivum
427 812 558 860 augeri
608 811 758 847 adiecta
802 823 871 859 per
916 823 1053 858 quam
1105 813 1393 860 comparatione
1438 819 1566 862 potest

157 885 384 931 (tyranno
427 889 517 919 tam
562 894 706 926 saevo,
743 893 879 929 quam
921 881 1000 928 qui
1035 894 1240 929 unquam
1270 883 1564 921 saevissimus

153 952 265 993 fuit:
300 953 391 998 vid„
421 966 468 988 ne
499 952 536 988 in
559 964 599 987 re
620 957 712 987 nota
735 958 850 987 testes
873 964 893 987 e
911 951 1120 999 longinquo
1151 964 1355 997 arcessam,
1387 952 1563 992 Gramm.

153 1030 271 1060 nostr.
303 1025 385 1060 Lat..
420 1027 438 1068 ξ
471 1024 546 1059 310
579 1035 615 1059 n.
651 1024 716 1067 4);
758 1022 884 1070 posito
927 1028 1053 1058 autem
1083 1022 1168 1070 ipso
1197 1023 1434 1070 superlativo
1461 1024 1565 1060 nulla

153 1106 238 1131 cuni
277 1094 396 1131 altero
438 1093 676 1141 comparatio
723 1092 879 1140 adiungi
923 1097 1050 1141 potest-
1098 1092 1379 1139 (saevissimo
1425 1107 1564 1142 quam

154 1165 231 1212 qui
261 1167 374 1210 cet.),
419 1169 659 1213 repugnante
699 1162 884 1199 sermonis
924 1168 1085 1208 natura,
1135 1163 1309 1212 miroque
1340 1177 1469 1201 errore
1499 1166 1564 1202 de-

152 1242 386 1272 monstratur
426 1242 610 1282 tanquam
658 1233 792 1278 simile,
845 1233 949 1282 quod
996 1234 1046 1278 V,
1092 1235 1156 1278 25,
1201 1235 1222 1270 9
1261 1235 1442 1283 scriptum
1487 1242 1564 1272 est:

150 1313 390 1355 grataque
421 1319 473 1343 ea
502 1317 596 1347 res,
636 1310 684 1341 ut
724 1318 824 1353 quae
865 1304 1071 1341 maxime
1111 1318 1332 1353 unquam,
1364 1306 1478 1351 fuit3
1510 1307 1563 1344 sic

152 1377 251 1413 enim
281 1377 624 1426 interpungendum
655 1388 737 1412 esse
768 1378 828 1420 (ut.
855 1375 971 1424 plena
993 1375 1117 1411 oratio
1147 1375 1213 1412 sit:
1245 1382 1481 1426 grataque
1511 1390 1564 1414 ea

148 1459 222 1484 res
259 1446 367 1493 fuit,
407 1453 455 1483 ut.
496 1459 595 1495 quae
636 1460 684 1483 m.
718 1460 754 1483 u.
795 1452 936 1495 grata
977 1445 1097 1492 fuit),
1143 1455 1305 1495 apparet
1345 1462 1392 1485 ex
1434 1449 1562 1485 multis

151 1517 234 1553 aliis
264 1517 368 1562 locis,
399 1518 502 1554 velut
532 1517 783 1555 Ciceroniano
818 1516 883 1553 illo
915 1517 964 1552 ad
994 1517 1106 1555 Fam.
1139 1518 1259 1562 XIII,
1302 1520 1377 1556 62:
1421 1524 1465 1555 te
1495 1519 1563 1555 sie

150 1587 304 1624 colam
337 1594 381 1624 et
410 1590 582 1626 tuebor
619 1595 667 1625 ut
698 1600 833 1635 quem
873 1587 1270 1636 diligentissime,
1302 1595 1368 1625 aut
1398 1589 1561 1626 Liviano

150 1658 314 1703 XXIII,
336 1660 486 1703 49,12:
519 1672 573 1695 ex
602 1658 880 1708 provincia,
901 1664 951 1694 ut
981 1671 1079 1706 quae
1108 1660 1312 1696 maxime
1343 1661 1562 1706 omnium,

150 1728 266 1764 belli
307 1729 464 1767 avida.
539 1729 804 1778 superlativus
835 1735 982 1765 tantum
1020 1730 1207 1767 sententia
1235 1731 1397 1767 relativa
1427 1731 1476 1767 ad
1505 1732 1563 1780 ip-

150 1811 234 1835 sum
277 1799 426 1836 adiecta
457 1799 589 1847 augeri
634 1804 772 1847 potest,
812 1799 1132 1848 scribendumque
1173 1802 1388 1838 necessario
1420 1808 1493 1839 est:
1520 1809 1563 1839 et

149 1876 378 1918 tyranno,
409 1869 486 1918 qui
517 1882 720 1917 unquam
750 1869 861 1915 fuit,
892 1871 1181 1917 saevissin103
1219 1873 1378 1909 verbum
1410 1873 1563 1921 quidem

150 1941 187 1976 in
218 1941 289 1977 hac
320 1940 506 1977 sententia
549 1940 712 1976 relativa
752 1940 875 1976 omitti
914 1954 991 1977 non
1034 1948 1172 1990 potest.
1239 1942 1408 1992 (Modius
1444 1944 1483 1980 in
1520 1946 1564 1983 M

149 2011 280 2048 scribit
311 2023 449 2059 quam
482 2023 558 2047 non
589 2023 684 2047 esse.
763 2010 840 2048 Sed
881 2024 967 2047 eum
999 2013 1129 2049 codice
1167 2013 1293 2061 ipsum
1324 2026 1435 2051 usum
1466 2027 1562 2060 esse,

149 2088 251 2119 recte
294 2082 647 2127 Drakenborchius,
698 2082 774 2119 vol.
822 2083 914 2127 VII,
959 2095 995 2131 p.
1041 2084 1170 2129 XLV,
1215 2097 1358 2132 negare
1401 2085 1562 2125 videtur.

151 2152 388 2190 Carbachius
419 2158 587 2189 tantum:
626 2153 703 2200 qui
748 2165 953 2200 unquam
995 2153 1087 2190 fuit
1117 2168 1209 2203 pro:
1239 2155 1317 2203 qui
1358 2168 1562 2204 unquam

151 2224 388 2269 adnot-avit.)

263 2292 358 2342 Cap.
391 2295 454 2338 35,
488 2295 509 2328 4
543 2292 596 2340 (in
627 2293 915 2329 condicionibus
945 2294 1052 2342 pacis
1083 2295 1228 2332 Nabidi
1259 2308 1282 2332 a
1312 2297 1360 2333 T.
1383 2296 1562 2344 Quinctio

152 2364 337 2413 scriptis):
368 2376 617 2411 vacuaque
648 2369 690 2399 et
720 2363 881 2400 libera
913 2364 1029 2413 (Argi
1053 2366 1285 2414 oppidaque,
1316 2379 1400 2415 quae
1424 2367 1461 2403 in
1485 2369 1563 2405 Ar-

151 2434 328 2482 givorum
350 2447 444 2483 agro
471 2438 616 2479 essent)
651 2434 968 2471 traderentur
996 2436 1244 2482 Romanis,
1277 2442 1321 2473 et
1351 2450 1405 2473 ne
1437 2439 1563 2485 quod

153 2503 265 2540 inde
302 2505 587 2553 mancipium
626 2504 806 2552 regium
846 2505 1158 2553 publicumve
1202 2513 1283 2543 aut
1320 2507 1563 2555 privatum

153 2574 456 2621 educeretur;
519 2576 561 2611 si
601 2588 694 2622 qua
741 2582 850 2611 ante
895 2576 1070 2612 educta
1109 2576 1296 2621 forent,
1356 2577 1562 2614 dominis

152 2652 281 2682 recte
312 2646 706 2683 restituerentur.
766 2646 949 2682 Pleniora
979 2647 1058 2683 haec
1089 2647 1202 2683 babet
1233 2647 1296 2688 M,
1337 2661 1356 2683 e
1388 2661 1464 2696 quo
1494 2662 1564 2697 pro

1234 2729 1296 2762 26*
