1811 2925
851 138 928 174 449
1299 137 1373 170 Lib.
1402 139 1605 171 xxxvm.

183 258 275 295 illud
293 258 446 306 quidem
463 258 681 302 obscurum,
697 269 812 306 quum
826 264 914 307 post
930 258 1007 294 tale
1024 259 1137 308 elogii
1153 260 1320 296 initium:
1342 261 1415 298 vir
1436 274 1471 298 rn
1483 275 1549 299 em
1562 276 1605 299 o-

182 328 357 365 rabilis
390 327 632 364 subiiciatur:
663 334 820 365 tamen
850 329 1238 375 memorabilior,
1268 331 1368 368 hunc
1401 344 1604 381 compara-

182 400 301 436 tivum
352 399 401 435 ad
444 398 542 434 idem
587 398 797 435 subiectum
846 399 951 446 (vir)
1004 399 1196 447 pertinere
1246 401 1397 442 debere,
1470 403 1605 440 Livius

183 476 284 506 artes
316 468 506 518 Scipionis
537 480 621 504 cum
655 469 821 512 artibus,
865 470 953 506 vitae
996 482 1111 506 unam
1159 477 1310 519 partem
1354 484 1438 508 cum
1483 472 1605 509 altera

181 539 391 588 separatim
441 546 737 587 comparaverat
789 540 862 576 hoc
910 541 1044 576 modo:
1113 541 1200 577 Vir
1248 543 1602 587 memorabilis,

182 609 379 647 bellicis
427 616 585 646 tamen
625 620 763 656 quam
808 610 945 659 pacis
989 611 1182 647 artibus
1212 613 1602 657 memorabilior,

183 679 245 731 [et
279 678 482 729 clarior]
526 679 679 727 prima
719 692 831 728 pars
871 681 980 717 vitae
1020 693 1160 729 quam
1206 688 1453 730 postrema
1490 682 1601 729 fuit,

181 751 297 799 quia
328 757 398 787 cet.
475 749 602 796 Quam
633 748 746 785 facile
778 750 826 786 ob
857 750 1020 787 similem
1052 751 1359 789 terminationem
1394 753 1502 801 (ior)
1535 766 1601 790 ex-

181 821 314 858 ciderit
349 827 391 856 et
423 820 607 857 clarior
637 819 732 862 (sive
753 819 849 856 alius
871 821 1171 869 comparativus,
1192 822 1295 858 velut
1317 823 1455 860 illust
1470 824 1600 873 rior).

181 898 355 940 apparet.

292 960 387 1010 Cap.
431 962 494 1007 58,
546 964 591 997 10
636 961 689 1009 (in
734 961 908 997 oratione
950 963 996 998 P.
1025 963 1193 1007 Nasicae,
1237 977 1283 1000 ne
1325 964 1366 1000 L.
1401 963 1531 1013 Scipio
1562 965 1599 1001 in

181 1033 306 1070 vincla
336 1033 550 1076 duceretur,
581 1032 646 1068 ubi
674 1031 845 1067 victoriae
873 1031 1059 1068 Asiatieae
1081 1034 1381 1082 magnitudinem
1416 1035 1599 1082 extollit):

179 1103 507 1140 Hannibalem
551 1102 746 1137 cundem
796 1102 947 1138 fuisse
992 1103 1122 1139 inter
1152 1105 1332 1141 multos
1365 1105 1492 1141 alios
1522 1118 1599 1142 re-

179 1174 288 1221 gios
319 1174 484 1216 duces,
516 1172 594 1220 qui
625 1172 896 1220 imperator
915 1174 1091 1210 Punici
1120 1175 1240 1212 belli
1269 1175 1430 1214 fuerit.
1490 1176 1599 1213 Nihil

179 1244 228 1280 ad
257 1256 338 1280 rem
370 1243 586 1291 augendam
619 1242 766 1279 confert
806 1243 1009 1280 multitudo
1041 1244 1203 1282 aliorum
1235 1246 1395 1291 ducum,
1444 1247 1476 1283 si
1506 1247 1598 1283 mali

179 1321 246 1350 aut
275 1314 485 1350 mediocres
515 1313 680 1350 fuerunt.
739 1314 786 1350 In
817 1314 859 1349 M
889 1326 966 1349 non
997 1315 1161 1363 regios
1196 1317 1388 1361 scribitur,
1430 1318 1497 1354 sed
1527 1331 1596 1354 re-

178 1384 316 1433 gulos
359 1385 413 1433 (in
443 1385 559 1422 Voss,
601 1383 840 1428 Rhodios,
881 1383 919 1419 in
951 1385 1049 1421 Lov.
1085 1389 1105 1421 5
1145 1387 1314 1435 reges).
1374 1388 1489 1425 Latet
1518 1401 1596 1425 vox

179 1455 330 1491 laudem
388 1455 628 1503 significans;
691 1454 857 1490 fortasse
914 1455 1175 1492 scribendum:
1232 1457 1359 1494 inter
1419 1459 1595 1495 multos

180 1525 305 1562 alios
337 1526 563 1576 egregios
595 1524 750 1561 duces.

291 1594 386 1644 Cap.
437 1598 511 1633 59.
569 1597 581 1630 l
630 1601 665 1630 et
713 1595 733 1630 2
779 1595 833 1643 (in
865 1595 998 1631 eadem
1035 1596 1246 1640 oratione):
1302 1599 1365 1634 At
1396 1598 1596 1634 hercule

178 1665 223 1700 in
254 1664 491 1712 Scipione
530 1666 664 1713 ipsas
706 1665 838 1713 leges
868 1665 1003 1713 pacis
1034 1672 1083 1701 ut-
1107 1665 1299 1702 nimium
1334 1680 1594 1705 accommo-

179 1734 318 1770 dat-as
347 1735 599 1772 Antiocho
630 1742 887 1784 suspectas
928 1747 1049 1780 esse3
1094 1735 1337 1785 integrum
1381 1739 1505 1775 enim
1555 1740 1595 1775 ei

177 1817 373 1853 regnum
420 1805 666 1849 relictun13
839 1806 950 1842 auri
997 1812 1041 1842 et
1085 1807 1279 1855 argenti
1321 1821 1458 1856 quum
1500 1810 1592 1846 vim

178 1887 394 1924 magnam
441 1876 716 1921 habuisset,
775 1876 900 1912 nihil
956 1876 1001 1913 in
1054 1877 1306 1925 publicum
1361 1879 1594 1926 relatum,

177 1957 309 1982 omne
338 1946 384 1982 in
413 1945 658 1995 privatum
688 1958 889 1982 versum.
948 1949 1020 1983 An
1061 1960 1151 1983 non
1185 1955 1360 1996 praeter
1389 1951 1593 1987 omnium

176 2016 347 2053 oculos
391 2022 576 2053 tantum
626 2015 731 2052 auri
762 2016 1055 2064 argentique
1089 2018 1135 2053 in
1169 2019 1412 2068 triumpho
1435 2020 1593 2058 L.Sci-

174 2086 356 2135 pionis,
392 2092 618 2135 quantum
648 2099 742 2122 non
775 2086 934 2123 decem
968 2087 1081 2123 aliis
1112 2088 1392 2138 triumphis,
1433 2091 1471 2127 si
1501 2104 1593 2128 om-

174 2169 232 2193 ne
280 2156 326 2192 in
369 2169 508 2193 unum
552 2156 854 2202 conferatur,
905 2157 969 2192 sit
1011 2157 1188 2194 latum?
1259 2160 1426 2197 Prorsus
1459 2167 1594 2198 eontra

176 2225 278 2262 Livii
307 2232 344 2262 et-
374 2233 587 2262 ceterorum
618 2226 730 2262 huius
761 2226 884 2263 aetatis
914 2226 1144 2275 scriptorum
1177 2231 1490 2268 consuetudinem
1520 2234 1593 2268 An

175 2308 268 2332 non
298 2308 370 2344 pro
400 2308 555 2332 nonne
594 2296 751 2344 ponitur
794 2296 831 2332 in
872 2295 1102 2334 affirmando
1140 2312 1211 2348 per
1239 2300 1592 2349 interrogationem.

175 2366 277 2402 Tum
319 2373 454 2402 contra
493 2366 668 2414 regulam
711 2366 804 2413 (vid.
845 2365 988 2415 Opusc.
1029 2370 1177 2406 Ac.11
1204 2383 1243 2419 p.
1290 2370 1363 2406 211
1414 2370 1517 2419 sqq.)
1554 2371 1592 2407 in

175 2435 350 2472 oratione
389 2436 548 2484 obliqua
602 2436 845 2473 coniunctivo
891 2439 1008 2475 modo
1050 2438 1207 2476 effertur
1245 2440 1496 2489 interrogatio
1545 2454 1593 2478 ex

174 2505 384 2542 indicativo
434 2506 556 2543 tertiae
600 2519 775 2555 personae
805 2520 1002 2547 conversa.
1077 2512 1143 2548 Ab
1183 2523 1230 2546 ea
1273 2511 1407 2559 regula
1449 2525 1524 2548 uno
1556 2520 1593 2549 et

174 2576 297 2612 altero
326 2576 413 2613 loco
444 2576 606 2621 deflecti,
636 2577 702 2614 ubi
728 2578 956 2626 pronomine
976 2587 1044 2616 aut
1066 2580 1257 2629 particula
1287 2594 1336 2618 ex
1364 2582 1592 2630 pronomine

174 2652 260 2682 orta
289 2653 327 2682 et
354 2659 434 2682 rem
469 2647 669 2695 quaesitam
703 2647 980 2686 demonstranti
1022 2649 1165 2698 (quiS,
1195 2648 1296 2699 cur)
1324 2651 1592 2701 interrogetur,

207 2728 351 2752 mnvmu
372 2729 492 2752 Eurum»
519 2729 589 2753 Lm.
1280 2723 1321 2750 29
