1811 2925
265 143 338 174 Lib.
367 143 427 173 lv.
897 145 945 180 88

808 261 910 308 Lib.
953 262 1032 308 IV.

328 387 421 435 Cap.
439 388 475 425 2.
495 389 514 422 4
549 387 602 431 (in
634 387 829 423 consulum
855 387 955 436 apud
981 393 1109 436 patres
1127 387 1334 435 oratione):
1367 388 1621 426 Maximum

217 460 371 496 Romae
414 458 654 506 praemium
703 458 995 494 seditionum
1044 469 1163 501 esse;
1222 458 1266 493 id
1319 465 1362 495 et
1417 459 1622 507 singulis

218 529 555 576 universisque
585 540 770 577 semper
801 529 974 566 honori
1004 527 1167 565 fuisse.
1237 530 1644 566 Reminisceren-*

216 607 291 636 tur
321 600 568 646 (senatores),
614 612 749 647 quam
780 600 1080 636 maiestatem
1112 606 1307 636 senatus
1346 600 1442 648 ipsi
1485 613 1507 636 a
1540 613 1622 649 pa-

217 671 371 706 tribus
415 670 739 718 accepissent,
788 683 926 718 quam
963 670 1135 706 liberis
1178 671 1408 707 tradituri
1445 678 1623 714 essent,

217 748 282 780 ut.
335 741 725 788 quemadmodum
770 741 926 789 plebs,
979 740 1185 789 gloriari
1226 746 1423 789 possent
1470 741 1624 778 aucti-

218 825 340 847 orem
387 811 766 860 amplioremque
813 824 928 848 esse.
1003 811 1168 847 Finem
1217 824 1327 859 ergo
1374 824 1465 848 non
1513 811 1625 848 fieri

217 895 299 919 nec
329 882 556 921 futuram
588 883 737 919 donec
768 889 838 921 cet.
919 882 982 920 Sic
1012 894 1110 918 nunc
1143 882 1269 925 edunt,
1301 882 1447 918 Dukeri
1479 882 1626 918 coniec-

218 961 341 990 turam
371 953 602 990 lenissimam
633 953 806 1002 profecto
846 959 1045 1001 sequentes
1075 953 1291 1001 (possent
1330 966 1399 1001 pro
1429 949 1626 1002 posset).

220 1038 302 1073 quae
334 1025 442 1060 unius
472 1024 611 1060 codicis
635 1024 934 1073 Bambergensis
964 1024 1179 1059 testimonio
1204 1024 1421 1060 confirmari
1447 1024 1626 1064 traditur:

218 1109 306 1132 nam
338 1096 373 1132 in
406 1096 578 1132 codicum
611 1095 818 1143 scriptura:
849 1100 915 1135 ut,
947 1095 1335 1141 quemadmodum
1365 1095 1501 1142 plebs
1531 1095 1626 1143 glo-

218 1167 336 1203 riari
369 1174 546 1215 posset,
579 1166 841 1202 auctiorem
881 1187 922 1191 -
956 1176 1076 1203 esseq
1123 1165 1292 1212 expediri
1330 1165 1452 1201 oratio
1484 1165 1625 1212 nequit.

220 1238 295 1276 Sed
316 1238 501 1274 sententia
532 1238 628 1273 adeo
659 1236 864 1272 manifesto
896 1248 1018 1284 prava
1043 1248 1089 1271 ex
1115 1235 1179 1271 illa
1210 1236 1424 1273 coniectura
1447 1236 1628 1275 nascitur.

218 1316 257 1345 ut
287 1310 324 1345 id
356 1322 401 1345 ne
433 1307 717 1345 Alschefskium
753 1307 906 1354 quidem
941 1306 1089 1354 fugerit.
1157 1305 1219 1342 Sic
1251 1306 1347 1341 enim
1388 1307 1467 1342 haec
1498 1306 1627 1342 dicun-

219 1388 291 1418 tur.
323 1380 432 1428 quasi
464 1379 637 1415 consules
661 1384 856 1414 senatores
883 1378 1128 1413 cohortentur
1151 1376 1199 1411 ad
1221 1376 1456 1412 maiestatem
1475 1383 1628 1413 senatus

223 1452 435 1500 augendam
470 1457 503 1486 et
536 1449 856 1497 amplificandam.
928 1448 1004 1483 Sed
1044 1459 1089 1482 ea
1126 1447 1339 1483 cohortatio
1382 1448 1546 1496 primum
1581 1461 1629 1484 ex

224 1521 406 1558 memoria
436 1521 642 1557 imminuta}
674 1519 811 1555 sensim
843 1521 914 1556 hac
944 1520 1027 1567 ipsa
1058 1523 1168 1553 aetate
1198 1517 1445 1554 seditionibus
1476 1524 1630 1555 senatus

223 1593 458 1629 auctoritatis
491 1591 544 1640 (id
591 1591 687 1627 enim
733 1590 905 1627 consules
937 1588 1208 1638 querebantur)
1242 1589 1326 1625 duci
1355 1602 1431 1625 non
1461 1595 1630 1637 poterat3

224 1664 454 1711 omninoque
484 1669 609 1712 potest
641 1662 777 1710 aliquis
818 1660 1008 1697 reminisci
1048 1659 1186 1698 iuberi,
1235 1672 1349 1707 quam
1391 1660 1630 1696 maiestatem

225 1735 412 1782 acceperit
444 1748 464 1770 a
495 1735 687 1782 patribus.
731 1740 770 1768 ut
812 1745 895 1768 eam
933 1737 1090 1778 augeam
1136 1731 1263 1766 addito
1296 1736 1421 1766 autem
1452 1731 1542 1767 hoc:
1588 1736 1631 1766 et

223 1817 358 1852 quam
387 1805 559 1840 liberis
591 1804 863 1839 traditurus
894 1802 958 1838 sit
988 1802 1044 1850 (in
1077 1814 1151 1849 quo
1183 1808 1217 1837 et
1243 1807 1354 1837 aucta
1377 1807 1413 1836 et
1434 1801 1633 1837 imminuta

221 1875 379 1923 intelligi
410 1876 566 1923 potest),
597 1875 721 1922 inepte
756 1873 975 1920 adiungitur
1001 1872 1092 1908 illud
1123 1873 1168 1908 de
1194 1872 1433 1920 gloriatione.
1482 1871 1632 1907 Deinde

222 1959 266 1982 ea
313 1946 525 1982 cohortatio
570 1946 617 1981 ad
660 1945 715 1989 id,
764 1945 809 1981 de
858 1957 932 1991 quo
973 1943 1117 1992 agitur,
1158 1943 1260 1978 nullo
1302 1942 1416 1978 modo
1460 1941 1632 1990 pertinet.

224 2017 356 2063 Qualis
389 2024 445 2052 est
475 2017 573 2052 enim
597 2017 676 2052 haec
698 2015 970 2051 sententiarum
998 2012 1241 2062 progressio?
1303 2014 1460 2057 „Romae
1484 2024 1634 2060 semper

221 2088 429 2123 maximum
475 2087 702 2123 seditionum
750 2086 946 2134 praemium
996 2085 1076 2122 fuit.
1156 2083 1474 2128 Reminiscimini,
1519 2095 1633 2130 quam

231 2158 466 2194 maiestatem
499 2157 731 2206 acceperitis,
764 2163 802 2192 ut
834 2169 917 2191 eam
949 2162 1098 2191 auctam
1121 2154 1276 2202 gloriari
1301 2153 1467 2202 possitis.
1527 2152 1634 2189 Finis

233 2241 343 2278 ergo
391 2242 464 2264 non
507 2231 547 2265 fit
579 2228 877 2277 (seditionum).“
952 2228 1147 2274 Apparet}
1195 2225 1367 2260 consules
1419 2223 1634 2272 comparari

236 2299 384 2344 iuberer
428 2300 517 2346 quid
548 2301 618 2335 hac
649 2306 759 2335 aetate
796 2298 833 2334 in
865 2303 1018 2333 senatus
1047 2295 1246 2331 maiestate
1282 2294 1423 2330 factum
1455 2295 1513 2339 sit,
1545 2294 1635 2342 quid

232 2376 363 2406 contra
391 2370 428 2405 in
458 2370 579 2418 plebis
610 2370 757 2417 opibus,
802 2375 837 2404 et
864 2368 949 2403 inde
980 2367 1082 2403 illam
1124 2366 1169 2402 de
1202 2366 1427 2402 seditionum
1470 2365 1635 2413 praemiis

237 2441 388 2488 (quibus
431 2441 538 2489 plebs
582 2439 754 2483 creverit)
809 2438 1035 2474 sententiam
1082 2437 1318 2472 confirmare.
1396 2436 1533 2483 Itaque
1583 2435 1635 2471 sic

319 2623 429 2647 turum
459 2626 493 2647 se
520 2616 648 2656 aliquid
675 2615 976 2655 fraudaturumque
1003 2615 1147 2645 alterum
1183 2617 1304 2653 speret,
1341 2612 1478 2643 ridicule
1516 2612 1635 2651 quaeri·

322 2685 394 2717 tui-3
434 2687 543 2717 neque
581 2678 666 2708 enim
703 2676 940 2717 intercipiendi
973 2676 1085 2706 aliena
1118 2674 1336 2705 fraudandive
1362 2674 1451 2705 ullus
1478 2679 1527 2704 est
1552 2683 1635 2704 mos.
