1811 2925
933 147 1009 181 492

261 276 517 306 tamentum
550 280 621 317 pro
653 273 810 302 tamen
840 267 1143 314 consultum),
1175 269 1499 315 quemadmodum
1526 269 1678 309 XLIV,

264 343 327 385 36,
365 341 409 375 13
441 351 511 387 pro
545 337 689 374 hodie
726 336 917 384 quiesse
947 336 1099 384 scripsit
1129 337 1212 385 qui
1242 338 1383 374 hodie
1414 351 1529 374 esse.
1566 338 1678 385 (Chn,

262 423 347 458 quae
383 409 506 445 dicam
539 409 585 444 de
615 407 727 450 XLI,
765 408 795 450 1,
829 407 881 451 8.)
912 404 1008 442 Cum
1039 406 1112 443 hoe
1143 408 1282 444 erroris
1323 420 1462 456 genere
1495 408 1678 444 coniunc-

261 487 309 516 1ae
339 487 426 516 sunt
455 491 569 515 voces
600 483 664 513 aut
697 476 754 512 bis
772 476 951 511 continuo
971 476 1122 524 scriptae
1149 479 1207 523 (ut
1228 479 1395 514 eiusdem
1426 478 1512 514 libri
1535 478 1678 514 XLIII

261 562 292 587 c.
318 548 595 592 11,10}1ae:in
626 547 733 583 trib.
767 546 869 590 mil,
905 551 1073 582 contra
1101 547 1214 583 illos
1246 548 1295 584 in
1324 548 1590 594 consulum)
1614 555 1680 583 aut

261 620 378 669 paulo
410 625 518 667 post,
567 617 678 654 oculo
710 617 758 653 ad
790 616 990 664 superiora
1014 618 1217 663 redeunte,
1261 618 1398 654 iterum
1440 617 1678 665 interpositae

262 691 329 735 (ut
358 702 389 728 0,
425 690 486 733 12,
512 690 555 724 9:
586 701 703 724 cura
730 687 981 736 praebebat
1010 686 1054 722 in
1086 686 1295 722 classem
1327 699 1441 723 cura
1470 687 1557 722 ille
1587 700 1679 735 pro:

264 773 425 796 curam
457 759 714 807 praebebat.
777 758 829 793 In
860 757 1065 792 classem
1097 756 1240 800 mille,
1272 763 1309 792 et
1338 758 1460 800 c.13‚
1495 759 1535 793 5:
1579 769 1679 804 quae

261 831 306 866 in
338 830 462 866 colle
501 835 570 865 est
600 829 689 864 duo
720 827 921 862 diversa
950 825 1182 875 prodigia
1222 840 1320 875 quae
1361 827 1405 863 in
1438 827 1678 870 colleem).

262 901 459 937 Interdum
475 899 654 935 librarius
669 909 784 934 voces
808 897 886 933 iam
917 896 1079 944 scriptas
1108 897 1244 933 iterum
1276 897 1439 945 scripsit,
1456 904 1497 933 ut
1509 909 1677 933 errorem

263 971 366 1007 iniis
385 971 628 1007 commissum
644 968 864 1016 corrigeret,
895 967 962 1002 sed
992 978 1081 1002 raro
1111 966 1149 1002 id
1181 967 1215 1003 ei
1244 967 1298 1003 ita
1314 967 1508 1012 successit,
1540 973 1679 1002 utnon

264 1048 329 1077 aut
359 1047 507 1089 partem
540 1038 680 1075 erroris
710 1037 943 1084 relinqueret
989 1042 1056 1071 aut
1085 1049 1225 1073 novum
1270 1038 1454 1081 adderet,
1494 1037 1599 1072 velut
1642 1037 1679 1072 in

262 1112 328 1147 lib.
361 1111 494 1153 XLII,
518 1112 581 1153 34,
609 1111 676 1145 15:
722 1108 959 1143 adversus
990 1105 1332 1153 magistratum
1380 1112 1679 1154 senatusque

264 1179 619 1216 auctoritatem
670 1176 708 1212 is
753 1188 891 1222 quam
937 1173 1201 1211 feceritais
1252 1186 1373 1210 nunc
1407 1163 1598 1224 quoque
1629 1177 1677 1212 in

263 1254 515 1298 potestate
570 1260 623 1283 ac
670 1251 975 1292 senatusque
1028 1243 1376 1280 auctoritatem
1422 1258 1572 1292 usque
1616 1245 1678 1281 fe·

263 1319 434 1356 ceritis
466 1330 587 1353 nunc
619 1328 809 1364 quoque
854 1314 897 1349 in
942 1319 1192 1361 potestate
1239 1326 1290 1349 ac
1319 1322 1518 1351 senatus
1564 1328 1680 1351 con-

265 1389 443 1425 sultum
476 1399 606 1431 esse,
639 1392 704 1422 aut
736 1385 774 1421 in
804 1385 966 1428 XLIV,
1002 1385 1064 1425 33,
1098 1385 1141 1425 6,
1172 1383 1237 1419 ubi
1266 1384 1320 1419 sic
1353 1384 1522 1432 scripsit:
1554 1385 1678 1421 alios

263 1458 409 1494 nimis
442 1463 533 1505 (pro
566 1457 741 1502 minus)
778 1455 958 1498 facere,
1009 1454 1257 1490 clamores
1307 1453 1481 1490 deinde
1528 1455 1678 1490 disso-

265 1540 351 1564 nos
383 1527 574 1563 ostalos
617 1527 770 1563 minus
804 1524 968 1561 facere
1015 1525 1251 1561 clamores
1297 1524 1470 1560 deinde
1519 1524 1678 1560 disso-

265 1611 349 1634 nos
382 1597 540 1633 sorori
572 1596 790 1632 omnibus
824 1593 1002 1642 locis¹).
1062 1596 1193 1633 Unum
1234 1600 1291 1630 est
1323 1594 1462 1630 erroris
1493 1606 1613 1642 genus
1642 1594 1679 1629 in

265 1668 397 1704 codice
428 1666 739 1714 Vindobonensi,
773 1666 842 1702 etsi
873 1679 947 1702 non
986 1677 1143 1714 prorsus
1186 1678 1230 1700 eo
1265 1670 1392 1707 caret,
1428 1672 1556 1700 tamen
1586 1664 1679 1700 sat-is

266 1750 409 1781 rarum,
441 1736 708 1772 additamenta
739 1736 823 1772 dico
855 1735 892 1771 in
910 1735 1011 1771 Livii
1040 1735 1251 1771 orationem
1285 1741 1451 1783 recepta.
1513 1733 1679 1770 Manife-

266 1808 474 1844 stissimum
508 1807 659 1853 quidem
692 1806 859 1842 omnium
891 1805 1002 1841 huius
1033 1805 1182 1853 generis
1217 1804 1433 1852 exemplum
1466 1804 1578 1840 estin
1591 1804 1678 1840 libr.

266 1878 493 1919 XLL1S,
527 1880 547 1912 ὕ
581 1876 777 1922 (Eodem
808 1875 979 1923 paucis
1010 1882 1130 1923 post
1162 1875 1334 1910 diebus
1366 1874 1409 1911 C.
1444 1874 1680 1910 Valerius

267 1948 393 1983 alter
425 1945 594 1982 consul
625 1945 799 1989 venit),
849 1945 914 1981 ubi
962 1945 999 1980 in
1044 1945 1175 1980 codice
1215 1950 1303 1992 post
1334 1944 1496 1981 eodem
1527 1944 1682 1980 additur

266 2025 500 2066 tempore.
566 2015 657 2052 Alia
686 2021 820 2050 notata
850 2022 937 2051 sunt
966 2021 1032 2050 aut
1062 2014 1296 2050 notabuntur
1327 2014 1461 2058 XLII,
1497 2015 1557 2058 17,
1580 2016 1615 2056 6,
1647 2026 1679 2050 0.

270 2090 333 2132 27,
367 2090 386 2122 5
421 2085 515 2133 (ut),
547 2099 577 2122 c.
610 2087 674 2130 28,
712 2087 768 2129 13,
801 2085 952 2128 XLIV,
972 2087 1006 2128 5,
1046 2085 1088 2120 12
1122 2092 1157 2119 et
1190 2085 1252 2127 39,
1288 2085 1320 2119 1.

387 2155 624 2192 Recentioris
655 2167 789 2190 manus
821 2154 1075 2190 correctiones
1109 2154 1148 2189 in
1186 2154 1257 2189 hoc
1288 2152 1419 2188 codice
1450 2151 1561 2187 nullae
1580 2159 1680 2189 sunt.

265 2227 378 2276 (Ipse
408 2226 586 2261 librarius
619 2225 765 2260 litteras
797 2225 977 2260 delendas
1019 2232 1160 2272 puncto
1191 2236 1308 2271 supra
1344 2221 1471 2271 posito
1501 2220 1680 2268 notavit.)

379 2295 646 2331 Adhibeamus
676 2295 792 2342 igitur
823 2295 943 2331 codici
975 2293 1278 2338 Vindobonensi7
1311 2292 1462 2340 qualem
1492 2291 1569 2327 iam
1588 2290 1681 2328 Sim.

291 2463 322 2504 ς)
359 2470 472 2507 XLII,
495 2474 547 2507 58,
578 2473 596 2500 9
624 2476 656 2500 et
688 2474 727 2501 10
756 2479 798 2499 ex
834 2470 901 2500 his:
928 2469 1296 2508 iaculatoresque
1330 2465 1680 2506 quadringento-

362 2542 463 2567 rum,
493 2541 594 2570 quum
622 2531 813 2561 aberrasset
839 2531 870 2561 in
893 2540 1060 2561 concursu
1077 2531 1194 2561 harum
1221 2529 1409 2559 litterarum
1436 2536 1529 2566 equ,
1552 2525 1679 2557 effecit:

361 2591 726 2631 iaculatoresque
761 2592 952 2631 equitum
991 2602 1077 2632 quae
1111 2591 1303 2633 equitum
1334 2588 1682 2630 quadringento-

361 2663 376 2683 Γ
387 2663 406 2682 u
418 2663 460 2683 m.
