1811 2925
295 140 370 172 Lib.
390 139 557 171 XXXIII.
960 139 1036 175 390

295 263 428 300 milia
456 261 612 311 pondo
650 263 710 306 (ut
738 260 964 303 XXXVII,
997 262 1059 305 45,
1097 263 1141 296 14
1175 267 1212 296 et
1240 261 1486 307 XXXVIII,
1516 264 1551 306 9,
1584 263 1620 308 9,
1663 268 1702 299 at

294 334 354 370 hic
384 336 402 377 ξ
435 336 454 369 7
488 331 738 368 dimidium
767 331 1016 379 praesens);
1064 330 1167 378 quod
1201 331 1380 378 quoniam
1423 332 1461 368 in
1499 332 1701 380 singularis

294 403 439 440 numeri
470 402 634 439 formam
665 402 858 443 transisseq
889 413 1046 449 prorsus
1079 401 1333 449 improbabile
1363 408 1431 447 est,
1461 402 1701 439 scribendum

294 481 408 523 puto:
438 473 484 510 in
517 484 739 522 praesens.
798 471 884 507 Lib.
906 471 1109 514 XXXIV,
1146 472 1208 515 35,
1246 474 1284 507 ll
1322 472 1517 509 scribitur:
1548 473 1701 508 talen-

294 551 341 581 ta
376 551 565 581 centum
606 542 796 591 argenti
833 542 879 577 in
909 540 1136 589 praesenti
1177 548 1213 576 et
1244 542 1606 591 quinquaginta
1637 551 1701 580 ta-

293 615 426 651 lenta
466 614 512 650 in
551 612 773 660 singulos
821 623 968 647 annos
1009 623 1094 659 per
1138 624 1287 648 annos
1331 620 1456 658 octo,
1508 615 1700 661 quomodo

294 697 362 721 nec
392 684 543 721 Livium
575 683 666 720 alibi
696 696 776 727 nec,
810 683 883 718 hac
914 681 1064 730 quidem
1097 680 1384 729 significatione,
1429 684 1523 719 alios
1554 684 1701 721 locutos

294 756 456 804 reperio,
515 754 670 791 Fuitne:
702 752 893 801 argenti
923 751 1208 800 praesentia?

405 824 500 874 Cap.
524 826 587 870 32,
620 825 656 862 2.
726 824 853 860 Locus
883 823 929 858 de
950 828 1119 858 mercatu
1142 822 1388 858 Isthmiorum
1410 835 1430 858 e
1454 824 1484 859 Β
1507 825 1702 873 suppletus

293 896 347 932 sic
383 894 601 944 interpungi
639 893 769 929 debet:
813 899 906 929 tum
949 892 1079 940 quia,
1122 899 1322 941 propter
1368 894 1703 942 opportunita-

293 971 382 1002 tem
414 966 513 1002 loci
544 977 626 1014 per
657 964 746 999 duo
769 963 967 1000 diversa
999 963 1149 999 maria
1170 963 1372 999 omnium
1403 977 1559 1000 rerum
1590 977 1704 1001 usus

294 1036 620 1072 ministrantis
663 1035 866 1070 humano
897 1033 1080 1081 generi,
1122 1033 1376 1070 concilium
1413 1034 1537 1070 Asiae
1579 1034 1702 1072 Grae-

294 1105 477 1154 ciaeque
508 1107 546 1142 is
576 1111 820 1141 mercatus
852 1110 968 1140 erat.
1027 1104 1117 1139 Non
1134 1111 1323 1140 mercatus
1342 1104 1447 1140 Asiae
1467 1104 1704 1152 Graeciaeque

293 1177 456 1213 Isthmia
487 1176 729 1225 appellantur
764 1187 832 1211 nec
863 1174 1064 1210 concilium
1108 1174 1238 1222 generi
1267 1175 1434 1210 humano
1474 1173 1542 1219 (‘—-
1573 1174 1702 1210 dicen-

294 1247 382 1283 dum
416 1247 514 1283 enim
546 1253 625 1282 tum
657 1252 755 1281 erat:
797 1244 990 1281 humani
1021 1243 1214 1292 generis
1246 1244 1291 1282 id
1323 1244 1592 1287 concilium„
1623 1246 1700 1282 As.

295 1318 372 1355 Gr.
408 1319 446 1357 is
477 1324 719 1354 mercatus
751 1322 871 1360 erat3
909 1315 1061 1350 dativus
1090 1314 1180 1350 ferri
1209 1315 1340 1362 nequit
1370 1317 1456 1359 -),
1490 1315 1555 1350 sed
1591 1328 1703 1351 mer—

295 1394 430 1425 catus
474 1387 791 1424 Isthmiorum
836 1387 903 1432 (—
949 1385 1002 1421 sic
1046 1385 1145 1420 enim
1194 1384 1350 1427 Livius,
1404 1391 1443 1420 ut
1489 1384 1622 1422 Cicero
1665 1386 1702 1421 in

293 1458 524 1494 Tusculanis
554 1458 605 1502 V,
637 1459 672 1502 3,
705 1458 741 1501 9,
774 1451 860 1508 τήν
890 1449 1145 1508 πανήγυριν
1177 1455 1313 1490 Latine
1345 1454 1542 1503 vertit—)
1573 1456 1703 1492 Asiae

293 1528 600 1576 Graeciaequae
630 1527 888 1564 concilium
918 1526 1035 1562 fuisse
1068 1525 1217 1569 dicitur,
1248 1537 1323 1572 quo
1355 1538 1402 1561 ex
1432 1532 1594 1573 utraque
1627 1532 1701 1562 ter-

291 1612 422 1635 rarum
453 1606 563 1647 parte
592 1597 765 1634 homines
800 1597 1056 1634 convenirent.
1117 1596 1211 1642 Quae
1241 1601 1462 1643 sequuntur,
1494 1600 1511 1641 ξ
1544 1598 1579 1642 3,
1611 1596 1700 1633 item

294 1683 314 1706 e
346 1670 380 1706 B
412 1670 612 1718 suppleta,
653 1669 691 1704 in
733 1668 875 1716 Opusc.
917 1667 960 1703 II
990 1680 1027 1715 p.
1070 1667 1145 1702 367
1185 1665 1323 1701 rectius
1356 1666 1622 1715 distinguendo
1653 1667 1702 1702 ab

292 1741 470 1777 inanibus
501 1739 780 1788 suspicionibus
810 1737 1023 1781 vindicavi,
1069 1736 1305 1783 eandemque
1331 1736 1611 1773 distinctionem
1641 1748 1703 1772 se-

292 1817 401 1848 cutus
431 1809 768 1847 Weissenbornius
799 1814 874 1853 est⁷
917 1807 989 1843 nisi
1021 1806 1123 1854 quod
1153 1805 1263 1854 plene
1292 1806 1508 1854 interpungi
1540 1807 1703 1843 debebat

292 1888 381 1930 post
419 1881 615 1918 fortuna
662 1885 790 1915 esset
834 1884 871 1914 et
912 1889 1022 1913 novae
1062 1876 1211 1925 periodi
1252 1876 1399 1912 initium
1436 1877 1517 1914 fieri
1547 1878 1595 1914 ab
1625 1878 1703 1913 his:

292 1952 397 1988 Alii
427 1952 524 1988 alia
593 1979 626 1988 ..
666 1949 891 1985 ferebant
919 1948 1161 1983 Romanos
1191 1946 1428 1992 facturos3
1466 1947 1544 1983 vix
1574 1954 1644 1983 etc.

405 2022 500 2071 Cap.
533 2023 596 2067 33,
633 2023 652 2057 7
689 2019 769 2069 (ubi
791 2017 1017 2055 describitur
1039 2016 1263 2053 Graecorum
1293 2017 1424 2052 lretitia
1454 2017 1500 2053 de
1528 2018 1702 2054 restituta

293 2104 316 2126 a
347 2091 532 2128 Romanis
562 2091 759 2134 libertate)
793 2089 846 2125 sic
868 2101 888 2124 e
909 2088 942 2123 B
963 2087 1204 2123 scribendum
1237 2093 1309 2123 est:
1340 2087 1458 2123 Esse
1489 2088 1701 2136 aliquam

293 2162 338 2197 in
363 2162 510 2197 terris
547 2168 758 2210 gentem,
802 2171 900 2208 quae
940 2170 1024 2193 sua
1054 2157 1286 2205 impensa,
1335 2170 1418 2193 suo
1450 2157 1619 2195 labore
1650 2171 1703 2195 ac

292 2231 511 2279 periculo
543 2231 675 2268 bella
705 2238 841 2279 gerat
869 2242 956 2278 pro
988 2228 1218 2264 libertate
1249 2227 1472 2275 aliorum,
1504 2242 1586 2265 nec
1616 2230 1702 2266 hoc

293 2301 525 2338 finitimis
570 2306 649 2337 aut
688 2300 975 2349 propinquae
1008 2297 1287 2334 vicinitatis
1318 2299 1594 2335 hominibus
1625 2306 1704 2336 aut

292 2372 436 2408 terris
490 2370 858 2408 continentibus
915 2369 1096 2406 iunctis
1151 2375 1367 2416 praestet,
1425 2369 1506 2404 sed
1552 2368 1702 2404 maria

292 2442 516 2478 t-raiiciat
556 2447 627 2479 ete.
713 2440 886 2477 Primum
921 2447 977 2476 est
1016 2438 1257 2475 finitimos
1301 2444 1379 2474 aut
1418 2438 1704 2486 propinquae

292 2510 570 2548 vicinitatis
610 2511 828 2546 homines
873 2510 1049 2554 liberare,
1096 2509 1255 2544 alterum
1305 2521 1381 2544 non
1427 2508 1594 2553 vicinos,
1634 2508 1702 2544 sed

295 2587 424 2617 tamen
452 2581 563 2617 terris
595 2580 876 2616 continentibus
909 2580 1010 2629 (cum
1031 2579 1237 2626 Romanis)
1279 2579 1426 2615 iunctos
1457 2584 1522 2622 (-—
1551 2578 1702 2614 dativus

292 2651 393 2687 enim
423 2657 481 2686 est
508 2651 691 2687 iunctis
727 2651 810 2697 —);
849 2650 1016 2687 Romani
1052 2649 1202 2696 longius
1239 2649 1432 2697 progressi
1461 2648 1575 2684 etiam
1605 2648 1703 2684 mari
