1811 2925
805 148 882 184 233
1289 146 1366 177 Lib.
1391 146 1507 176 XXII.

251 273 379 323 *Cap.
425 275 467 318 8,
511 275 532 310 6
572 284 691 320 cogor
730 279 899 308 veterem
938 271 1059 320 ignoti
1102 270 1266 307 hominis
1297 270 1554 307 coniecturam

140 346 193 388 (in
225 345 390 382 editione
421 344 663 382 Ascensiana
697 356 731 380 a.
771 344 885 388 1513,
916 348 958 378 ut
987 342 1106 385 aiunt,
1136 342 1299 391 primum
1331 340 1554 390 proditam),

139 417 177 453 in
218 430 295 465 qua
334 416 450 453 ceteri
488 427 619 461 omnes
663 413 956 462 acquieverunt,
997 413 1082 449 1000
1128 426 1284 449 movere
1323 419 1360 448 et
1398 412 1554 461 gravius

139 487 289 533 vulnus,
320 500 434 535 quam
468 487 571 535 quod
603 486 669 522 illa
691 492 868 522 sanatum
894 490 1090 533 putarunt.
1125 484 1286 533 aperire,
1312 483 1554 520 coniunctum

139 559 255 595 etiam
286 571 371 595 cum
403 558 503 595 Livii
535 558 664 606 aliqua
696 556 946 605 negligentia.
1030 556 1131 592 Nam
1173 562 1379 604 postquam
1422 555 1555 591 Livius

140 630 189 665 ad
222 629 419 666 dictatoris
450 629 599 666 dicendi
637 628 838 665 consilium
878 627 1071 664 civitatem
1111 626 1329 675 confugisse
1372 625 1556 671 narravit,

139 700 186 736 de
217 700 405 737 dictatura
445 701 493 738 ad
523 701 571 748 Q,
602 701 767 737 Fabium
800 699 1014 736 Maximum
1059 699 1187 735 delata
1218 698 1271 735 sic
1301 698 1448 734 scribit:
1499 698 1557 734 Et

139 771 252 820 quia
283 779 325 808 et
356 772 525 808 consul
572 773 766 813 aberat.
814 784 837 807 a
882 783 972 819 quo
1005 782 1095 805 uno
1127 769 1223 805 dici
1251 781 1392 818 posse
1423 769 1556 805 vide-

138 843 302 885 batur.
347 857 431 880 nec
477 857 559 892 per
603 848 888 891 occupatam
933 841 1078 878 armis
1117 841 1319 877 Punicis
1360 840 1553 876 Italiam

139 913 288 950 facile
319 922 423 951 erat
454 922 535 952 ant
566 914 785 951 nuntium
819 919 899 949 aut
928 913 1126 949 litteras
1159 912 1304 952 mitti.
1344 924 1427 947 nec
1458 911 1556 947 dic—

139 991 348 1022 tatorem
381 986 589 1035 populus
621 986 726 1030 (Put.
749 983 949 1033 populo)
982 995 1151 1019 creare
1181 989 1400 1031 poterat.
1433 982 1556 1030 quod

139 1069 375 1104 nunquam
421 1064 530 1093 ante
568 1069 669 1093 eam
712 1056 832 1091 diem
870 1054 1054 1091 factum
1091 1060 1213 1099 erat,
1267 1054 1555 1089 dictatorem

137 1128 347 1176 populus
378 1129 564 1165 creavit
596 1128 641 1176 Q
674 1127 878 1163 Fabium
901 1125 1165 1162 Maximum
1196 1131 1239 1161 et
1270 1124 1555 1173 magistrum

139 1199 350 1247 equitum
382 1201 435 1236 M.
466 1199 730 1236 Minucium
767 1197 954 1235 Rufum.
1030 1196 1157 1243 Quum
1190 1201 1322 1244 aperte
1351 1195 1431 1231 haec
1461 1195 1558 1231 inter

137 1282 179 1306 se
208 1278 481 1320 repugnarent,
520 1271 717 1320 populum,
764 1269 855 1317 quia
886 1281 1016 1305 creare
1050 1268 1278 1303 dictatorem
1309 1279 1384 1303 non
1417 1273 1558 1316 posset,

138 1353 302 1387 creasse,
332 1342 406 1387 ille,
451 1355 564 1390 quem
596 1342 687 1386 dixi,
718 1341 872 1389 ignotus
906 1341 1023 1376 homo
1056 1338 1268 1375 substituit:
1302 1338 1557 1386 prodicta-

139 1419 294 1449 torem
326 1426 428 1462 pop.
462 1413 653 1450 creavit
689 1412 736 1459 Q.
768 1411 926 1448 Fabiu
940 1424 995 1456 m,
1028 1410 1247 1446 coniectura
1277 1410 1391 1447 ducta
1422 1423 1470 1446 ex
1498 1410 1557 1456 iis,

145 1497 229 1532 quae
254 1485 385 1521 Livius
409 1485 482 1520 hoc
512 1484 596 1533 ipso
627 1484 725 1520 libro
750 1496 781 1520 c.
808 1484 850 1518 31
884 1482 1028 1526 scribit,
1060 1480 1233 1518 Caelium
1254 1481 1504 1530 Antipatrum
1524 1489 1561 1518 et

144 1555 240 1592 alios
270 1555 566 1604 reprehendens.
637 1555 700 1591 Ne
740 1554 877 1598 dicam.
920 1553 1013 1589 satis
1053 1552 1182 1588 audax
1212 1553 1285 1588 hoc
1320 1565 1402 1588 esse
1442 1552 1560 1589 corri-

143 1627 258 1675 gendi
288 1639 430 1675 gemm.
474 1626 576 1674 quod
606 1625 710 1662 nulla
742 1625 899 1674 syllabae
940 1623 1108 1660 maxime
1143 1624 1368 1659 necessariae
1411 1624 1562 1661 omissae

145 1710 263 1734 causa.
293 1698 507 1746 excogitari
536 1704 675 1747 potest,
720 1704 838 1744 utque
873 1696 1068 1739 omittam.
1110 1707 1187 1731 non
1217 1695 1341 1731 minus
1372 1708 1561 1744 proma-

144 1769 356 1817 gistrum
389 1770 605 1818 equitum
637 1768 908 1817 appellandum
928 1766 1058 1810 fuisse,
1086 1766 1268 1814 quoniam
1300 1767 1416 1803 nihilo
1439 1768 1562 1816 magis

146 1840 329 1889 magister
363 1841 531 1888 equitum
568 1854 590 1876 a
623 1840 767 1889 populo
799 1840 921 1876 creari
952 1845 1124 1888 poterat,
1165 1838 1320 1874 omnino
1343 1851 1419 1874 non
1450 1839 1563 1875 credo

147 1911 298 1948 Livium
338 1925 422 1960 pro
435 1912 722 1948 dictatorem
776 1918 946 1947 creatum
993 1909 1160 1946 scribere
1200 1910 1385 1958 potuisse,
1460 1911 1562 1947 Nam

147 1995 284 2030 quum.
329 1983 465 2031 quibus
505 1990 569 2019 aut
608 1989 859 2032 prorogatum
897 1981 1101 2030 imperium
1146 1988 1228 2017 erat
1266 1988 1331 2017 aut
1361 1988 1471 2017 extra
1504 1994 1564 2017 or-

148 2053 272 2090 dinem
313 2055 463 2099 datum,
514 2054 577 2090 diu
615 2062 761 2090 tantum
809 2066 896 2102 pro
939 2053 1143 2090 consule
1191 2052 1291 2102 (pro
1339 2053 1562 2101 praetore)

149 2137 233 2161 esse
276 2125 490 2162 dicerentur
529 2139 598 2161 nec
638 2126 825 2162 haberent
869 2124 1090 2172 proprium,
1146 2137 1221 2172 quo
1269 2124 1567 2173 appellarentur,

149 2209 288 2233 nomen
320 2196 636 2245 (substantivunn
667 2210 755 2233 nam
789 2197 841 2234 M.
874 2194 1071 2231 Tullius
1103 2208 1188 2243 pro
1229 2195 1433 2232 consule
1464 2195 1567 2232 dice-

150 2269 292 2315 batur),
334 2270 472 2306 Sensim
511 2276 638 2305 tamen
678 2282 722 2305 eo
753 2275 980 2318 perventum
1013 2273 1092 2311 est,
1134 2273 1175 2302 ut
1205 2279 1275 2314 pro
1307 2279 1382 2303 uno
1414 2266 1566 2302 nomine

247 2525 295 2546 ex
320 2525 427 2546 vano
453 2516 664 2557 hau1·i1·e);
698 2526 759 2547 nec
788 2515 902 2546 Livius
929 2515 1133 2556 scriptorum
1160 2515 1292 2545 animos
1320 2513 1492 2544 insimulat
1518 2513 1570 2543 ni-

247 2579 308 2609 mis
341 2578 520 2610 inclinare.
554 2584 591 2609 ut
624 2588 666 2609 ex
695 2588 783 2608 vano
815 2577 993 2614 hauriant,
1035 2576 1101 2607 hoe
1135 2582 1194 2612 est,
1230 2585 1283 2607 res
1315 2576 1406 2617 ipsas
1431 2575 1570 2615 fingant,

249 2640 306 2670 sed
340 2645 377 2670 ut
403 2649 455 2670 rcs
480 2645 512 2671 et
537 2650 696 2671 numeros
727 2640 760 2670 in
786 2640 893 2670 maius
930 2646 1087 2678 augeant.
1139 2638 1310 2676 (Valerius
1343 2638 1465 2668 Antias
1492 2637 1571 2677 quin

250 2701 467 2742 significetur,
494 2702 632 2733 dubium
659 2711 726 2733 non
755 2701 833 2741 est.)
