1811 2925
821 161 894 195 175
1355 159 1428 190 Lib.
1463 158 1522 189 IX.

147 282 378 326 tantibus.v
410 294 500 317 non
533 281 647 317 dare
677 293 984 330 responsum,
1025 295 1115 318 non
1147 283 1348 319 hiscere.
1412 283 1457 319 In
1489 285 1571 321 solo

147 353 245 389 libro
280 359 418 388 octavo
461 358 598 400 quater
639 352 712 388 hoc
751 352 875 388 mendi
917 365 1037 401 genus
1081 355 1129 390 ab
1169 353 1380 390 editoribus
1412 352 1571 403 (praeter

149 422 450 469 Alschefskium)
482 430 548 459 aut
578 423 831 459 recentiorum
862 423 1037 460 codicum
1077 424 1390 461 emendatoribus
1419 438 1568 463 eorrec-

146 500 227 529 tum
260 505 343 530 esse
374 494 523 530 ostendi
553 494 590 529 in
620 494 819 542 prooemio
850 508 888 543 p.
925 496 983 532 12.
1048 496 1234 532 Extremo
1274 496 1398 544 capite
1429 496 1465 544 (ξ
1503 499 1567 542 13)

149 564 281 601 Livius
311 577 389 601 non
420 564 583 613 scripsit„
616 565 720 613 quod
765 565 801 600 iu
847 566 1044 603 codicibus
1091 571 1164 601 est:
1211 566 1400 614 cepisse
1447 569 1566 606 enim

146 647 225 672 eos
255 648 348 672 non
380 637 595 680 Romame
627 635 753 672 sicut
786 642 894 672 ante
912 636 1106 682 Gallos,
1137 637 1232 683 sed,
1265 638 1387 685 quod
1419 640 1567 676 multo

145 706 434 743 bellicosius
465 706 627 750 fuerit,
659 707 921 743 Romanam
952 708 1185 743 virtutem
1215 707 1567 758 ferociamque3

144 790 268 826 neque
299 778 396 814 enim
429 784 469 814 ut
499 777 788 814 bellicosum
822 777 971 813 laudari
1016 784 1142 826 potest
1180 791 1361 827 capere
1394 781 1566 817 Roma-

144 861 249 884 nam
281 849 529 893 virtutem,
560 861 686 896 neque
716 848 762 894 (si
795 848 879 895 quis
920 861 964 885 eo
1011 850 1165 885 trahere
1195 862 1407 898 pronomen
1440 852 1567 899 quod

145 920 306 966 mavult)
338 920 567 968 compara-ri,
596 926 722 956 utrum
755 919 881 955 Roma
911 930 960 954 an
988 919 1168 956 Romana
1198 920 1320 957 virtus
1350 921 1567 960 bellicosior

145 990 269 1026 fuerit.
336 990 616 1027 Gloriosius
661 1003 709 1026 an
740 988 1070 1037 periculosius
1110 1003 1156 1026 an
1199 991 1302 1027 aliud
1334 994 1564 1030 vocabulum

148 1061 277 1097 Livius
307 1062 489 1110 posuerit,
520 1074 596 1097 non
627 1056 824 1105 definio.¹)

256 1131 352 1180 Cap.
385 1133 406 1167 9
440 1138 536 1172 extr.
572 1132 624 1177 (in
659 1131 833 1167 oratione
865 1132 930 1179 Sp.
965 1132 1174 1172 Postumii.
1217 1145 1258 1168 se
1302 1133 1565 1183 collegamque

144 1208 180 1238 et
210 1202 395 1247 tribunos,
430 1202 495 1250 qui
512 1202 695 1238 Caudinae
726 1201 813 1250 paci
842 1201 1107 1248 interfuerant,
1144 1203 1231 1239 dedi
1260 1203 1424 1240 iubentis
1451 1206 1565 1242 Sam-

143 1272 300 1318 nitibus)
337 1279 439 1309 recte
480 1273 516 1309 in
560 1272 789 1321 quibusdam
835 1272 952 1309 seculi
983 1273 1087 1310 XVI
1118 1274 1349 1311 editionibus
1383 1276 1565 1325 scriptum

144 1354 226 1379 esse
267 1348 378 1391 puto:
418 1355 503 1380 nos
541 1343 736 1380 interim
768 1364 821 1369 —
861 1343 984 1380 vilia
1029 1346 1124 1381 haee
1171 1346 1334 1394 capita
1380 1347 1566 1384 luendae

143 1413 398 1462 sponsioni
439 1414 653 1451 feramus
703 1420 747 1450 et
788 1420 961 1451 nostro
1012 1416 1259 1464 supplicio
1301 1417 1564 1455 liberemus

143 1486 358 1521 Romana
389 1497 537 1529 arma,
579 1485 645 1520 ubi
687 1486 723 1521 iu
766 1485 962 1522 codicibus
993 1493 1030 1522 et
1059 1486 1217 1534 reliquis
1248 1487 1477 1525 editionibus
1508 1497 1565 1526 est

142 1554 326 1591 luendae
356 1555 650 1603 sponsionis.
719 1555 822 1591 Nam
867 1569 1010 1604 neque,
1051 1558 1155 1605 quod
1196 1558 1341 1606 aliquid
1381 1559 1564 1596 luendae

143 1625 424 1674 sponsionis
455 1637 559 1660 esse
579 1622 775 1671 dicitur‘i),
806 1626 892 1662 ideo
915 1627 1028 1663 etiam
1052 1627 1180 1664 ferre
1203 1628 1347 1676 aliquid
1379 1630 1565 1667 luendae

143 1696 424 1745 sponsionis
456 1701 557 1731 recte
588 1695 736 1732 dicetur
766 1709 890 1744 neque
930 1698 979 1733 ad
1012 1699 1175 1747 capita
1205 1700 1396 1747 genitivus
1430 1700 1565 1738 referri

140 1774 279 1816 potest.
311 1767 492 1815 quoniam
510 1773 546 1802 et
577 1773 721 1815 caput
750 1767 934 1803 luendae
965 1769 1250 1816 sponsionis
1283 1771 1410 1820 inepte
1427 1773 1564 1820 appel-

141 1838 242 1875 latur
269 1845 305 1875 et·
334 1838 455 1874 vilia
485 1839 578 1874 haee
609 1838 776 1886 capita
805 1851 875 1886 per
904 1850 945 1874 se
977 1840 1166 1887 appellari
1199 1841 1350 1880 debent.
1417 1843 1562 1880 Dativo

141 1909 340 1958 gerundivi
388 1910 426 1945 in
473 1909 630 1946 consilio
687 1909 938 1957 significando
995 1910 1203 1947 admodum
1260 1912 1377 1948 libere
1430 1913 1563 1950 Livius

140 1980 280 2025 utitur„
326 1986 365 2016 ut
394 1981 436 2025 Ι,
470 1981 538 2016 24ε
571 1992 636 2016 me
679 1979 890 2027 gerendo
935 1980 1065 2016 bello
1109 1981 1271 2017 ducem
1314 1996 1562 2030 creavere,

141 2050 225 2095 ΙΙΙ,
269 2053 310 2086 5:
340 2050 413 2086 his
456 2049 739 2086 avertendis
781 2050 1064 2087 terroribus
1105 2052 1150 2087 in
1188 2053 1398 2090 triduum
1430 2054 1562 2092 feriae

140 2120 349 2166 indietae,
379 2122 455 2165 IX,
489 2121 552 2165 26,
593 2123 654 2156 14:
686 2121 980 2157 dictatorem
1013 2122 1229 2171 deligere
1272 2126 1562 2162 exercendis

142 2191 509 2239 quaestionibus,
541 2197 577 2227 et·
606 2191 644 2227 id
675 2203 796 2240 genus
828 2191 917 2227 alia.

252 2260 432 2310 Cap.12‚
457 2262 498 2297 2:
531 2261 754 2308 (Samnites)
786 2273 895 2297 sero
927 2274 979 2298 ac
1009 2264 1331 2312 nequicquam
1359 2266 1561 2303 laudare

141 2329 384 2376 (laudabant)
426 2331 554 2368 senis
594 2332 760 2368 Pontii
805 2338 1011 2380 utraque
1042 2334 1268 2381 consilia,
1306 2336 1433 2372 inter
1463 2350 1560 2385 quae

166 2513 197 2557 1)
241 2518 290 2549 De
318 2530 343 2550 c.
370 2522 401 2557 8,
430 2522 446 2551 7
475 2521 508 2551 in
532 2522 708 2562 prooemio
736 2533 768 2564 p.
797 2526 814 2553 9
844 2523 998 2562 breviter,
1037 2524 1118 2565 quid
1145 2525 1313 2564 sentirem,
1341 2525 1538 2565 significavi.

161 2573 198 2618 ⁴²)
234 2578 275 2608 Iu
312 2579 398 2611 libro
426 2587 539 2612 tamen
570 2582 640 2624 111,
676 2587 739 2622 24,
774 2588 786 2615 1
817 2586 986 2624 genitivus
1020 2595 1090 2616 non
1116 2596 1135 2616 a
1160 2586 1264 2617 verbo
1288 2587 1430 2627 pendet,
1458 2588 1513 2619 sed
1540 2599 1560 2618 a

236 2638 550 2674 frustrationis
587 2645 743 2683 nomine,
790 2647 825 2676 in
861 2656 928 2686 quo
966 2647 1055 2677 inest
1096 2648 1228 2678 artificii
1274 2654 1307 2679 et
1346 2648 1558 2680 instrumenti

234 2702 339 2735 notio.
