<?xml version="1.0" encoding="UTF-8"?>
<!DOCTYPE html PUBLIC "-//W3C//DTD XHTML 1.0 Transitional//EN"
    "http://www.w3.org/TR/xhtml1/DTD/xhtml1-transitional.dtd">
<html xmlns="http://www.w3.org/1999/xhtml" xml:lang="en" lang="en">
 <head>
  <title>
</title>
<meta http-equiv="Content-Type" content="text/html;charset=utf-8" />
  <meta name='ocr-system' content='tesseract 3.04.00' />
  <meta name='ocr-capabilities' content='ocr_page ocr_carea ocr_par ocr_line ocrx_word'/>
</head>
<body>
  <div class='ocr_page' id='page_1' title='image "./emendationeslivi00madvuoft_0254.png"; bbox 0 0 1811 2925; ppageno 0'>
   <div class='ocr_carea' id='block_1_1' title="bbox 282 121 978 164">
    <p class='ocr_par' dir='ltr' id='par_1_1' title="bbox 282 121 978 164">
     <span class='ocr_line' id='line_1_1' title="bbox 282 121 978 164; baseline -0.003 -12"><span class='ocrx_word' id='word_1_1' title='bbox 282 121 357 152; x_wconf 88' lang='lat' dir='ltr'><strong>Lib.</strong></span> <span class='ocrx_word' id='word_1_2' title='bbox 386 121 498 153; x_wconf 79' lang='lat' dir='ltr'>xxn.</span> <span class='ocrx_word' id='word_1_3' title='bbox 902 127 978 164; x_wconf 75' lang='lat'>248</span> 
     </span>
    </p>
   </div>
   <div class='ocr_carea' id='block_1_2' title="bbox 235 241 1648 1997">
    <p class='ocr_par' dir='ltr' id='par_1_2' title="bbox 235 241 1644 931">
     <span class='ocr_line' id='line_1_2' title="bbox 236 241 1640 301; baseline 0.008 -22"><span class='ocrx_word' id='word_1_4' title='bbox 236 245 371 281; x_wconf 88' lang='lat' dir='ltr'>missi</span> <span class='ocrx_word' id='word_1_5' title='bbox 402 246 457 281; x_wconf 84' lang='lat' dir='ltr'>ad</span> <span class='ocrx_word' id='word_1_6' title='bbox 501 241 820 293; x_wconf 69' lang='lat' dir='ltr'>stipendium,</span> <span class='ocrx_word' id='word_1_7' title='bbox 859 248 993 285; x_wconf 85' lang='lat' dir='ltr'>cuius</span> <span class='ocrx_word' id='word_1_8' title='bbox 1036 249 1137 285; x_wconf 85' lang='lat' dir='ltr'>dies</span> <span class='ocrx_word' id='word_1_9' title='bbox 1188 251 1393 298; x_wconf 83' lang='lat' dir='ltr'>exierat,</span> <span class='ocrx_word' id='word_1_10' title='bbox 1439 266 1640 301; x_wconf 84' lang='lat' dir='ltr'>poscen-</span> 
     </span>
     <span class='ocr_line' id='line_1_3' title="bbox 236 315 1640 371; baseline 0.007 -21"><span class='ocrx_word' id='word_1_11' title='bbox 236 315 338 351; x_wconf 90' lang='lat' dir='ltr'>dum</span> <span class='ocrx_word' id='word_1_12' title='bbox 370 323 468 359; x_wconf 75' lang='lat' dir='ltr'>aut,</span> <span class='ocrx_word' id='word_1_13' title='bbox 499 316 537 351; x_wconf 84' lang='lat' dir='ltr'>si</span> <span class='ocrx_word' id='word_1_14' title='bbox 568 315 687 352; x_wconf 91' lang='lat' dir='ltr'>diem</span> <span class='ocrx_word' id='word_1_15' title='bbox 718 316 945 365; x_wconf 86' lang='lat' dir='ltr'>proferre</span> <span class='ocrx_word' id='word_1_16' title='bbox 974 318 1133 362; x_wconf 75' lang='lat' dir='ltr'>vellet,</span> <span class='ocrx_word' id='word_1_17' title='bbox 1165 322 1365 359; x_wconf 83' lang='lat' dir='ltr'>obsides</span> <span class='ocrx_word' id='word_1_18' title='bbox 1396 322 1640 371; x_wconf 83' lang='lat' dir='ltr'>aecipien-</span> 
     </span>
     <span class='ocr_line' id='line_1_4' title="bbox 237 386 1640 443; baseline 0.006 -22"><span class='ocrx_word' id='word_1_19' title='bbox 237 386 343 426; x_wconf 76' lang='lat' dir='ltr'>dos,</span> <span class='ocrx_word' id='word_1_20' title='bbox 377 386 620 422; x_wconf 79' lang='lat' dir='ltr'>manifestum</span> <span class='ocrx_word' id='word_1_21' title='bbox 660 393 736 432; x_wconf 67' lang='lat' dir='ltr'>est,</span> <span class='ocrx_word' id='word_1_22' title='bbox 777 388 1016 425; x_wconf 80' lang='lat' dir='ltr'>scribendum</span> <span class='ocrx_word' id='word_1_23' title='bbox 1049 402 1131 426; x_wconf 81' lang='lat' dir='ltr'>esse</span> <span class='ocrx_word' id='word_1_24' title='bbox 1160 391 1382 439; x_wconf 87' lang='lat' dir='ltr'>proferri.</span> <span class='ocrx_word' id='word_1_25' title='bbox 1442 394 1544 429; x_wconf 81' lang='lat' dir='ltr'>Nam</span> <span class='ocrx_word' id='word_1_26' title='bbox 1583 394 1640 443; x_wconf 90' lang='lat' dir='ltr'>ip-</span> 
     </span>
     <span class='ocr_line' id='line_1_5' title="bbox 237 456 1641 511; baseline 0.007 -20"><span class='ocrx_word' id='word_1_27' title='bbox 237 469 277 492; x_wconf 85' lang='lat' dir='ltr'>se</span> <span class='ocrx_word' id='word_1_28' title='bbox 311 456 460 493; x_wconf 84' lang='lat' dir='ltr'>debitor</span> <span class='ocrx_word' id='word_1_29' title='bbox 489 457 588 493; x_wconf 86' lang='lat' dir='ltr'>diem</span> <span class='ocrx_word' id='word_1_30' title='bbox 619 457 793 506; x_wconf 88' lang='lat' dir='ltr'>proferre</span> <span class='ocrx_word' id='word_1_31' title='bbox 845 472 921 495; x_wconf 88' lang='lat' dir='ltr'>non</span> <span class='ocrx_word' id='word_1_32' title='bbox 968 466 1146 509; x_wconf 76' lang='lat' dir='ltr'>poterat,</span> <span class='ocrx_word' id='word_1_33' title='bbox 1191 462 1258 497; x_wconf 84' lang='lat' dir='ltr'>sed</span> <span class='ocrx_word' id='word_1_34' title='bbox 1306 475 1443 511; x_wconf 84' lang='lat' dir='ltr'>rogare</span> <span class='ocrx_word' id='word_1_35' title='bbox 1473 470 1641 506; x_wconf 79' lang='lat' dir='ltr'>tantum,</span> 
     </span>
     <span class='ocr_line' id='line_1_6' title="bbox 235 528 1642 583; baseline 0.006 -20"><span class='ocrx_word' id='word_1_36' title='bbox 235 534 277 564; x_wconf 85' lang='lat' dir='ltr'>ut</span> <span class='ocrx_word' id='word_1_37' title='bbox 308 540 330 563; x_wconf 84' lang='lat' dir='ltr'>a</span> <span class='ocrx_word' id='word_1_38' title='bbox 359 528 547 564; x_wconf 80' lang='lat' dir='ltr'>creditore</span> <span class='ocrx_word' id='word_1_39' title='bbox 576 528 827 576; x_wconf 81' lang='lat' dir='ltr'>proferretur.</span> <span class='ocrx_word' id='word_1_40' title='bbox 920 530 1051 567; x_wconf 88' lang='lat' dir='ltr'>Mendi</span> <span class='ocrx_word' id='word_1_41' title='bbox 1081 543 1199 580; x_wconf 86' lang='lat' dir='ltr'>genus</span> <span class='ocrx_word' id='word_1_42' title='bbox 1240 532 1406 570; x_wconf 84' lang='lat' dir='ltr'>breviter</span> <span class='ocrx_word' id='word_1_43' title='bbox 1435 535 1567 571; x_wconf 84' lang='lat' dir='ltr'>notavi</span> <span class='ocrx_word' id='word_1_44' title='bbox 1605 548 1642 583; x_wconf 90' lang='lat' dir='ltr'>p.</span> 
     </span>
     <span class='ocr_line' id='line_1_7' title="bbox 240 599 1642 652; baseline 0.006 -19"><span class='ocrx_word' id='word_1_45' title='bbox 240 599 288 634; x_wconf 81' lang='lat'>38</span> <span class='ocrx_word' id='word_1_46' title='bbox 319 605 397 637; x_wconf 87' lang='lat' dir='ltr'>not.</span> <span class='ocrx_word' id='word_1_47' title='bbox 431 600 466 635; x_wconf 88' lang='lat'>2.</span> <span class='ocrx_word' id='word_1_48' title='bbox 534 599 611 637; x_wconf 79' lang='lat' dir='ltr'>Sed</span> <span class='ocrx_word' id='word_1_49' title='bbox 641 600 752 636; x_wconf 80' lang='lat' dir='ltr'>simul</span> <span class='ocrx_word' id='word_1_50' title='bbox 781 600 819 636; x_wconf 92' lang='lat' dir='ltr'>in</span> <span class='ocrx_word' id='word_1_51' title='bbox 849 601 915 646; x_wconf 67' lang='lat' dir='ltr'>iis,</span> <span class='ocrx_word' id='word_1_52' title='bbox 956 614 1038 649; x_wconf 85' lang='lat' dir='ltr'>quae</span> <span class='ocrx_word' id='word_1_53' title='bbox 1078 609 1288 650; x_wconf 85' lang='lat' dir='ltr'>sequuntur</span> <span class='ocrx_word' id='word_1_54' title='bbox 1328 604 1526 652; x_wconf 85' lang='lat' dir='ltr'>(nullius</span> <span class='ocrx_word' id='word_1_55' title='bbox 1565 618 1642 642; x_wconf 82' lang='lat' dir='ltr'>us-</span> 
     </span>
     <span class='ocr_line' id='line_1_8' title="bbox 238 672 1644 724; baseline 0.006 -19"><span class='ocrx_word' id='word_1_56' title='bbox 238 681 373 716; x_wconf 86' lang='lat' dir='ltr'><strong>quam</strong></span> <span class='ocrx_word' id='word_1_57' title='bbox 417 676 660 707; x_wconf 86' lang='lat' dir='ltr'>terrarum</span> <span class='ocrx_word' id='word_1_58' title='bbox 693 672 763 708; x_wconf 85' lang='lat' dir='ltr'>rei</span> <span class='ocrx_word' id='word_1_59' title='bbox 804 684 923 708; x_wconf 80' lang='lat' dir='ltr'>eura</span> <span class='ocrx_word' id='word_1_60' title='bbox 968 673 1231 718; x_wconf 67' lang='lat' dir='ltr'>Romanos„</span> <span class='ocrx_word' id='word_1_61' title='bbox 1277 687 1331 710; x_wconf 88' lang='lat' dir='ltr'>ne</span> <span class='ocrx_word' id='word_1_62' title='bbox 1374 675 1644 724; x_wconf 85' lang='lat' dir='ltr'>longinqua</span> 
     </span>
     <span class='ocr_line' id='line_1_9' title="bbox 238 739 1644 795; baseline 0.006 -20"><span class='ocrx_word' id='word_1_63' title='bbox 238 739 448 788; x_wconf 64' lang='lat' dir='ltr'>quidem,</span> <span class='ocrx_word' id='word_1_64' title='bbox 492 741 806 791; x_wconf 68' lang='lat' dir='ltr'>effugiebat),</span> <span class='ocrx_word' id='word_1_65' title='bbox 850 743 1066 779; x_wconf 79' lang='lat' dir='ltr'>necessario</span> <span class='ocrx_word' id='word_1_66' title='bbox 1098 745 1338 782; x_wconf 79' lang='lat' dir='ltr'>scribendum</span> <span class='ocrx_word' id='word_1_67' title='bbox 1370 746 1644 795; x_wconf 83' lang='lat' dir='ltr'>longinquae</span> 
     </span>
     <span class='ocr_line' id='line_1_10' title="bbox 236 813 1642 865; baseline 0.006 -19"><span class='ocrx_word' id='word_1_68' title='bbox 236 816 273 846; x_wconf 89' lang='lat' dir='ltr'>et</span> <span class='ocrx_word' id='word_1_69' title='bbox 302 817 459 860; x_wconf 85' lang='lat' dir='ltr'>propter</span> <span class='ocrx_word' id='word_1_70' title='bbox 498 813 724 849; x_wconf 79' lang='lat' dir='ltr'>sententiam</span> <span class='ocrx_word' id='word_1_71' title='bbox 756 821 792 849; x_wconf 85' lang='lat' dir='ltr'>et</span> <span class='ocrx_word' id='word_1_72' title='bbox 824 814 927 861; x_wconf 87' lang='lat' dir='ltr'>quod</span> <span class='ocrx_word' id='word_1_73' title='bbox 957 815 1029 850; x_wconf 82' lang='lat' dir='ltr'>hoc</span> <span class='ocrx_word' id='word_1_74' title='bbox 1059 827 1114 850; x_wconf 91' lang='lat' dir='ltr'>ne</span> <span class='ocrx_word' id='word_1_75' title='bbox 1149 816 1337 863; x_wconf 89' lang='lat' dir='ltr'>quidem</span> <span class='ocrx_word' id='word_1_76' title='bbox 1368 817 1642 865; x_wconf 81' lang='lat' dir='ltr'>superadditur</span> 
     </span>
     <span class='ocr_line' id='line_1_11' title="bbox 236 880 1158 931; baseline 0.007 -15"><span class='ocrx_word' id='word_1_77' title='bbox 236 880 332 917; x_wconf 81' lang='lat' dir='ltr'>illis:</span> <span class='ocrx_word' id='word_1_78' title='bbox 364 882 545 918; x_wconf 83' lang='lat' dir='ltr'>nullius</span> <span class='ocrx_word' id='word_1_79' title='bbox 577 895 774 931; x_wconf 82' lang='lat' dir='ltr'>usquam</span> <span class='ocrx_word' id='word_1_80' title='bbox 805 890 1046 921; x_wconf 82' lang='lat' dir='ltr'>terrarum</span> <span class='ocrx_word' id='word_1_81' title='bbox 1077 886 1158 922; x_wconf 88' lang='lat' dir='ltr'>rei.</span> 
     </span>
    </p>

    <p class='ocr_par' dir='ltr' id='par_1_3' title="bbox 237 952 1648 1997">
     <span class='ocr_line' id='line_1_12' title="bbox 348 952 1644 1007; baseline 0.005 -18"><span class='ocrx_word' id='word_1_82' title='bbox 348 952 475 1002; x_wconf 58' lang='lat' dir='ltr'>*Cap</span> <span class='ocrx_word' id='word_1_83' title='bbox 510 956 583 1000; x_wconf 68' lang='lat'>34,</span> <span class='ocrx_word' id='word_1_84' title='bbox 629 958 665 991; x_wconf 83' lang='lat'>11</span> <span class='ocrx_word' id='word_1_85' title='bbox 722 955 782 1000; x_wconf 86' lang='lat' dir='ltr'>(in</span> <span class='ocrx_word' id='word_1_86' title='bbox 815 954 861 1002; x_wconf 81' lang='lat' dir='ltr'>Q.</span> <span class='ocrx_word' id='word_1_87' title='bbox 896 956 1017 992; x_wconf 83' lang='lat' dir='ltr'>Baebii</span> <span class='ocrx_word' id='word_1_88' title='bbox 1047 957 1230 994; x_wconf 74' lang='lat' dir='ltr'>Hei-ennii</span> <span class='ocrx_word' id='word_1_89' title='bbox 1268 964 1315 996; x_wconf 85' lang='lat' dir='ltr'>tr.</span> <span class='ocrx_word' id='word_1_90' title='bbox 1355 959 1405 1007; x_wconf 88' lang='lat' dir='ltr'>pl.</span> <span class='ocrx_word' id='word_1_91' title='bbox 1437 959 1644 1006; x_wconf 85' lang='lat' dir='ltr'>oratione):</span> 
     </span>
     <span class='ocr_line' id='line_1_13' title="bbox 239 1024 1644 1078; baseline 0.005 -19"><span class='ocrx_word' id='word_1_92' title='bbox 239 1024 541 1061; x_wconf 81' lang='lat' dir='ltr'>consulatum</span> <span class='ocrx_word' id='word_1_93' title='bbox 581 1055 616 1063; x_wconf 81' lang='grc'>..</span> <span class='ocrx_word' id='word_1_94' title='bbox 638 1056 645 1062; x_wconf 91' lang='grc'><strong>.</strong></span> <span class='ocrx_word' id='word_1_95' title='bbox 684 1026 919 1074; x_wconf 88' lang='lat' dir='ltr'>populum</span> <span class='ocrx_word' id='word_1_96' title='bbox 959 1058 966 1064; x_wconf 88' lang='lat'><strong>.</strong></span> <span class='ocrx_word' id='word_1_97' title='bbox 988 1059 994 1065; x_wconf 91' lang='lat'>.</span> <span class='ocrx_word' id='word_1_98' title='bbox 1015 1058 1023 1066; x_wconf 85' lang='grc'><strong>.</strong></span> <span class='ocrx_word' id='word_1_99' title='bbox 1063 1029 1283 1064; x_wconf 84' lang='lat' dir='ltr'>daturum</span> <span class='ocrx_word' id='word_1_100' title='bbox 1311 1029 1463 1078; x_wconf 64' lang='lat' dir='ltr'>ei‚qui</span> <span class='ocrx_word' id='word_1_101' title='bbox 1494 1030 1644 1078; x_wconf 83' lang='lat' dir='ltr'>magis</span> 
     </span>
     <span class='ocr_line' id='line_1_14' title="bbox 238 1095 1644 1146; baseline 0.005 -16"><span class='ocrx_word' id='word_1_102' title='bbox 238 1107 348 1130; x_wconf 88' lang='lat' dir='ltr'>vere</span> <span class='ocrx_word' id='word_1_103' title='bbox 380 1095 574 1132; x_wconf 79' lang='lat' dir='ltr'>vincere</span> <span class='ocrx_word' id='word_1_104' title='bbox 604 1109 739 1144; x_wconf 83' lang='lat' dir='ltr'>quam</span> <span class='ocrx_word' id='word_1_105' title='bbox 772 1097 852 1133; x_wconf 90' lang='lat' dir='ltr'>diu</span> <span class='ocrx_word' id='word_1_106' title='bbox 882 1097 1127 1146; x_wconf 84' lang='lat' dir='ltr'>imperare</span> <span class='ocrx_word' id='word_1_107' title='bbox 1165 1099 1311 1135; x_wconf 79' lang='lat' dir='ltr'>malit.</span> <span class='ocrx_word' id='word_1_108' title='bbox 1370 1100 1552 1136; x_wconf 87' lang='lat' dir='ltr'>Mendum</span> <span class='ocrx_word' id='word_1_109' title='bbox 1584 1114 1644 1137; x_wconf 85' lang='lat' dir='ltr'>ar-</span> 
     </span>
     <span class='ocr_line' id='line_1_15' title="bbox 237 1165 1645 1220; baseline 0.005 -20"><span class='ocrx_word' id='word_1_110' title='bbox 237 1165 319 1214; x_wconf 87' lang='lat' dir='ltr'>guit</span> <span class='ocrx_word' id='word_1_111' title='bbox 346 1179 420 1201; x_wconf 90' lang='lat' dir='ltr'>non</span> <span class='ocrx_word' id='word_1_112' title='bbox 452 1166 575 1202; x_wconf 84' lang='lat' dir='ltr'>solum</span> <span class='ocrx_word' id='word_1_113' title='bbox 607 1167 757 1215; x_wconf 81' lang='lat' dir='ltr'>magis</span> <span class='ocrx_word' id='word_1_114' title='bbox 808 1169 974 1213; x_wconf 76' lang='lat' dir='ltr'>malle,</span> <span class='ocrx_word' id='word_1_115' title='bbox 1007 1175 1070 1212; x_wconf 55' lang='grc' dir='ltr'>(-ἡ</span> <span class='ocrx_word' id='word_1_116' title='bbox 1098 1170 1233 1206; x_wconf 84' lang='lat' dir='ltr'>dicitur</span> <span class='ocrx_word' id='word_1_117' title='bbox 1263 1171 1449 1207; x_wconf 85' lang='lat' dir='ltr'>interdum</span> <span class='ocrx_word' id='word_1_118' title='bbox 1481 1171 1645 1220; x_wconf 86' lang='lat' dir='ltr'>potius</span> 
     </span>
     <span class='ocr_line' id='line_1_16' title="bbox 238 1236 1645 1280; baseline 0.006 -9"><span class='ocrx_word' id='word_1_119' title='bbox 238 1236 404 1280; x_wconf 46' lang='lat' dir='ltr'>malle5</span> <span class='ocrx_word' id='word_1_120' title='bbox 445 1249 512 1272; x_wconf 81' lang='lat' dir='ltr'>nee</span> <span class='ocrx_word' id='word_1_121' title='bbox 560 1243 688 1273; x_wconf 81' lang='lat' dir='ltr'>tamen</span> <span class='ocrx_word' id='word_1_122' title='bbox 732 1244 873 1275; x_wconf 87' lang='lat' dir='ltr'>temere</span> <span class='ocrx_word' id='word_1_123' title='bbox 914 1240 951 1275; x_wconf 91' lang='lat' dir='ltr'>in</span> <span class='ocrx_word' id='word_1_124' title='bbox 985 1247 1063 1276; x_wconf 82' lang='lat' dir='ltr'>tam</span> <span class='ocrx_word' id='word_1_125' title='bbox 1094 1241 1200 1277; x_wconf 86' lang='lat' dir='ltr'>brevi</span> <span class='ocrx_word' id='word_1_126' title='bbox 1231 1254 1274 1278; x_wconf 79' lang='lat' dir='ltr'>ac</span> <span class='ocrx_word' id='word_1_127' title='bbox 1306 1241 1410 1278; x_wconf 78' lang='lat' dir='ltr'>facili</span> <span class='ocrx_word' id='word_1_128' title='bbox 1440 1243 1645 1279; x_wconf 88' lang='lat' dir='ltr'>verborum</span> 
     </span>
     <span class='ocr_line' id='line_1_17' title="bbox 239 1307 1646 1360; baseline 0.005 -18"><span class='ocrx_word' id='word_1_129' title='bbox 239 1307 461 1355; x_wconf 72' lang='lat' dir='ltr'>complexu,</span> <span class='ocrx_word' id='word_1_130' title='bbox 497 1308 562 1354; x_wconf 79' lang='lat'>—)</span> <span class='ocrx_word' id='word_1_131' title='bbox 593 1308 660 1344; x_wconf 80' lang='lat' dir='ltr'>sed</span> <span class='ocrx_word' id='word_1_132' title='bbox 697 1309 815 1346; x_wconf 89' lang='lat' dir='ltr'>multo</span> <span class='ocrx_word' id='word_1_133' title='bbox 848 1310 971 1358; x_wconf 80' lang='lat' dir='ltr'>magis</span> <span class='ocrx_word' id='word_1_134' title='bbox 1015 1323 1123 1347; x_wconf 87' lang='lat' dir='ltr'>vere</span> <span class='ocrx_word' id='word_1_135' title='bbox 1153 1313 1353 1349; x_wconf 81' lang='lat' dir='ltr'>vincere</span> <span class='ocrx_word' id='word_1_136' title='bbox 1383 1311 1436 1348; x_wconf 79' lang='lat' dir='ltr'>sie</span> <span class='ocrx_word' id='word_1_137' title='bbox 1465 1312 1646 1360; x_wconf 78' lang='lat' dir='ltr'>positum,</span> 
     </span>
     <span class='ocr_line' id='line_1_18' title="bbox 240 1378 1646 1431; baseline 0.004 -18"><span class='ocrx_word' id='word_1_138' title='bbox 240 1378 349 1426; x_wconf 82' lang='lat' dir='ltr'>quasi</span> <span class='ocrx_word' id='word_1_139' title='bbox 378 1392 426 1414; x_wconf 74' lang='lat' dir='ltr'>ex</span> <span class='ocrx_word' id='word_1_140' title='bbox 456 1380 620 1415; x_wconf 80' lang='lat' dir='ltr'>adverso</span> <span class='ocrx_word' id='word_1_141' title='bbox 652 1380 842 1428; x_wconf 80' lang='lat' dir='ltr'>cogitetur</span> <span class='ocrx_word' id='word_1_142' title='bbox 871 1381 1040 1417; x_wconf 83' lang='lat' dir='ltr'>victoriae</span> <span class='ocrx_word' id='word_1_143' title='bbox 1072 1383 1228 1431; x_wconf 50' lang='lat' dir='ltr'>speeie&amp;</span> <span class='ocrx_word' id='word_1_144' title='bbox 1259 1396 1327 1420; x_wconf 78' lang='lat' dir='ltr'>nee</span> <span class='ocrx_word' id='word_1_145' title='bbox 1356 1382 1433 1419; x_wconf 90' lang='lat' dir='ltr'>ullo</span> <span class='ocrx_word' id='word_1_146' title='bbox 1465 1383 1578 1419; x_wconf 86' lang='lat' dir='ltr'>modo</span> <span class='ocrx_word' id='word_1_147' title='bbox 1600 1383 1646 1428; x_wconf 89' lang='lat' dir='ltr'>ei,</span> 
     </span>
     <span class='ocr_line' id='line_1_19' title="bbox 243 1450 1647 1500; baseline 0.003 -15"><span class='ocrx_word' id='word_1_148' title='bbox 243 1450 346 1498; x_wconf 88' lang='lat' dir='ltr'>quod</span> <span class='ocrx_word' id='word_1_149' title='bbox 376 1451 559 1498; x_wconf 72' lang='lat' dir='ltr'>sequitur,</span> <span class='ocrx_word' id='word_1_150' title='bbox 606 1451 685 1487; x_wconf 90' lang='lat' dir='ltr'>diu</span> <span class='ocrx_word' id='word_1_151' title='bbox 718 1452 969 1500; x_wconf 81' lang='lat' dir='ltr'>imperare</span> <span class='ocrx_word' id='word_1_152' title='bbox 1000 1454 1246 1491; x_wconf 85' lang='lat' dir='ltr'>contrarium.</span> <span class='ocrx_word' id='word_1_153' title='bbox 1319 1454 1507 1490; x_wconf 79' lang='lat' dir='ltr'>Poterant</span> <span class='ocrx_word' id='word_1_154' title='bbox 1549 1453 1647 1489; x_wconf 83' lang='lat' dir='ltr'>inter</span> 
     </span>
     <span class='ocr_line' id='line_1_20' title="bbox 244 1521 1646 1573; baseline 0.004 -18"><span class='ocrx_word' id='word_1_155' title='bbox 244 1532 284 1556; x_wconf 84' lang='lat' dir='ltr'>se</span> <span class='ocrx_word' id='word_1_156' title='bbox 317 1521 545 1569; x_wconf 66' lang='lat' dir='ltr'>comparari,</span> <span class='ocrx_word' id='word_1_157' title='bbox 578 1522 679 1558; x_wconf 89' lang='lat' dir='ltr'>nullo</span> <span class='ocrx_word' id='word_1_158' title='bbox 703 1523 867 1566; x_wconf 66' lang='lat' dir='ltr'>adiecto„</span> <span class='ocrx_word' id='word_1_159' title='bbox 897 1524 1089 1560; x_wconf 78' lang='lat' dir='ltr'>vincere</span> <span class='ocrx_word' id='word_1_160' title='bbox 1120 1531 1155 1560; x_wconf 87' lang='lat' dir='ltr'>et</span> <span class='ocrx_word' id='word_1_161' title='bbox 1176 1525 1433 1573; x_wconf 73' lang='lat' dir='ltr'>imperare3</span> <span class='ocrx_word' id='word_1_162' title='bbox 1466 1525 1646 1573; x_wconf 82' lang='lat' dir='ltr'>quoniam</span> 
     </span>
     <span class='ocr_line' id='line_1_21' title="bbox 248 1591 1647 1644; baseline 0.003 -18"><span class='ocrx_word' id='word_1_163' title='bbox 248 1591 534 1628; x_wconf 80' lang='lat' dir='ltr'>diuturnitatem</span> <span class='ocrx_word' id='word_1_164' title='bbox 580 1593 728 1641; x_wconf 87' lang='lat' dir='ltr'>imperii</span> <span class='ocrx_word' id='word_1_165' title='bbox 771 1594 894 1630; x_wconf 83' lang='lat' dir='ltr'>Fabio</span> <span class='ocrx_word' id='word_1_166' title='bbox 938 1600 974 1630; x_wconf 85' lang='lat' dir='ltr'>et</span> <span class='ocrx_word' id='word_1_167' title='bbox 1004 1595 1172 1642; x_wconf 76' lang='lat' dir='ltr'>patriciis</span> <span class='ocrx_word' id='word_1_168' title='bbox 1212 1596 1448 1644; x_wconf 73' lang='lat' dir='ltr'>propositam</span> <span class='ocrx_word' id='word_1_169' title='bbox 1493 1595 1647 1631; x_wconf 81' lang='lat' dir='ltr'>Baebius</span> 
     </span>
     <span class='ocr_line' id='line_1_22' title="bbox 241 1661 1647 1715; baseline 0.003 -18"><span class='ocrx_word' id='word_1_170' title='bbox 241 1661 495 1710; x_wconf 65' lang='lat' dir='ltr'>significavit,</span> <span class='ocrx_word' id='word_1_171' title='bbox 538 1664 651 1700; x_wconf 82' lang='lat' dir='ltr'>etiam</span> <span class='ocrx_word' id='word_1_172' title='bbox 702 1665 870 1701; x_wconf 78' lang='lat' dir='ltr'>victoriae</span> <span class='ocrx_word' id='word_1_173' title='bbox 915 1665 1056 1713; x_wconf 77' lang='lat' dir='ltr'>aliquid</span> <span class='ocrx_word' id='word_1_174' title='bbox 1102 1666 1139 1702; x_wconf 89' lang='lat' dir='ltr'>in</span> <span class='ocrx_word' id='word_1_175' title='bbox 1176 1667 1307 1703; x_wconf 83' lang='lat' dir='ltr'>eodem</span> <span class='ocrx_word' id='word_1_176' title='bbox 1351 1679 1489 1715; x_wconf 82' lang='lat' dir='ltr'>genere</span> <span class='ocrx_word' id='word_1_177' title='bbox 1533 1670 1647 1710; x_wconf 87' lang='lat' dir='ltr'>(tem-</span> 
     </span>
     <span class='ocr_line' id='line_1_23' title="bbox 240 1732 1648 1784; baseline 0.004 -16"><span class='ocrx_word' id='word_1_178' title='bbox 240 1733 370 1781; x_wconf 78' lang='lat' dir='ltr'>poris)</span> <span class='ocrx_word' id='word_1_179' title='bbox 421 1732 654 1771; x_wconf 76' lang='lat' dir='ltr'>contrarium</span> <span class='ocrx_word' id='word_1_180' title='bbox 688 1736 970 1783; x_wconf 78' lang='lat' dir='ltr'>adiungendum</span> <span class='ocrx_word' id='word_1_181' title='bbox 1009 1743 1107 1775; x_wconf 81' lang='lat' dir='ltr'>erat:</span> <span class='ocrx_word' id='word_1_182' title='bbox 1152 1737 1188 1773; x_wconf 79' lang='lat' dir='ltr'>id</span> <span class='ocrx_word' id='word_1_183' title='bbox 1237 1738 1290 1773; x_wconf 82' lang='lat' dir='ltr'>sic</span> <span class='ocrx_word' id='word_1_184' title='bbox 1321 1737 1521 1773; x_wconf 81' lang='lat' dir='ltr'>efficietur:</span> <span class='ocrx_word' id='word_1_185' title='bbox 1570 1737 1648 1784; x_wconf 92' lang='lat' dir='ltr'>qui</span> 
     </span>
     <span class='ocr_line' id='line_1_24' title="bbox 242 1805 1648 1855; baseline 0.002 -15"><span class='ocrx_word' id='word_1_186' title='bbox 242 1810 427 1841; x_wconf 83' lang='lat' dir='ltr'>mature</span> <span class='ocrx_word' id='word_1_187' title='bbox 457 1805 653 1842; x_wconf 83' lang='lat' dir='ltr'>vincere</span> <span class='ocrx_word' id='word_1_188' title='bbox 688 1820 825 1854; x_wconf 80' lang='lat' dir='ltr'>quam</span> <span class='ocrx_word' id='word_1_189' title='bbox 860 1807 936 1842; x_wconf 91' lang='lat' dir='ltr'>diu</span> <span class='ocrx_word' id='word_1_190' title='bbox 971 1806 1213 1855; x_wconf 77' lang='lat' dir='ltr'>imperare</span> <span class='ocrx_word' id='word_1_191' title='bbox 1244 1808 1390 1844; x_wconf 84' lang='lat' dir='ltr'>malit.</span> <span class='ocrx_word' id='word_1_192' title='bbox 1449 1809 1511 1845; x_wconf 86' lang='lat' dir='ltr'>Ex</span> <span class='ocrx_word' id='word_1_193' title='bbox 1540 1814 1648 1844; x_wconf 89' lang='lat' dir='ltr'>ture</span> 
     </span>
     <span class='ocr_line' id='line_1_25' title="bbox 241 1874 1647 1927; baseline 0.003 -17"><span class='ocrx_word' id='word_1_194' title='bbox 241 1874 384 1911; x_wconf 80' lang='lat' dir='ltr'>factum</span> <span class='ocrx_word' id='word_1_195' title='bbox 415 1888 537 1919; x_wconf 68' lang='lat' dir='ltr'>vere,</span> <span class='ocrx_word' id='word_1_196' title='bbox 569 1878 704 1914; x_wconf 84' lang='lat' dir='ltr'>deinde</span> <span class='ocrx_word' id='word_1_197' title='bbox 738 1877 892 1926; x_wconf 81' lang='lat' dir='ltr'>magis</span> <span class='ocrx_word' id='word_1_198' title='bbox 920 1890 967 1913; x_wconf 84' lang='lat' dir='ltr'>ex</span> <span class='ocrx_word' id='word_1_199' title='bbox 997 1891 1032 1913; x_wconf 87' lang='lat' dir='ltr'>m</span> <span class='ocrx_word' id='word_1_200' title='bbox 1045 1891 1079 1921; x_wconf 64' lang='lat' dir='ltr'>a,</span> <span class='ocrx_word' id='word_1_201' title='bbox 1108 1878 1300 1925; x_wconf 79' lang='lat' dir='ltr'>quomodo</span> <span class='ocrx_word' id='word_1_202' title='bbox 1330 1877 1534 1915; x_wconf 82' lang='lat' dir='ltr'>fortunae</span> <span class='ocrx_word' id='word_1_203' title='bbox 1553 1877 1647 1927; x_wconf 86' lang='lat' dir='ltr'>(mi-</span> 
     </span>
     <span class='ocr_line' id='line_1_26' title="bbox 242 1945 1514 1997; baseline 0.002 -16"><span class='ocrx_word' id='word_1_204' title='bbox 242 1949 346 1989; x_wconf 86' lang='lat' dir='ltr'>nas)</span> <span class='ocrx_word' id='word_1_205' title='bbox 381 1959 427 1982; x_wconf 78' lang='lat' dir='ltr'>ex</span> <span class='ocrx_word' id='word_1_206' title='bbox 462 1947 556 1985; x_wconf 86' lang='lat' dir='ltr'>For</span> <span class='ocrx_word' id='word_1_207' title='bbox 589 1949 801 1996; x_wconf 51' lang='lat' dir='ltr'>(mizina),</span> <span class='ocrx_word' id='word_1_208' title='bbox 833 1949 879 1984; x_wconf 88' lang='lat' dir='ltr'>de</span> <span class='ocrx_word' id='word_1_209' title='bbox 912 1961 986 1996; x_wconf 90' lang='lat' dir='ltr'>quo</span> <span class='ocrx_word' id='word_1_210' title='bbox 1021 1961 1159 1997; x_wconf 81' lang='lat' dir='ltr'>genere</span> <span class='ocrx_word' id='word_1_211' title='bbox 1199 1948 1277 1984; x_wconf 76' lang='lat' dir='ltr'>dixi</span> <span class='ocrx_word' id='word_1_212' title='bbox 1311 1962 1347 1997; x_wconf 86' lang='lat' dir='ltr'>p.</span> <span class='ocrx_word' id='word_1_213' title='bbox 1382 1945 1514 1989; x_wconf 77' lang='lat'><strong>2071).</strong></span> 
     </span>
    </p>
   </div>
   <div class='ocr_carea' id='block_1_3' title="bbox 267 2102 1649 2702">
    <p class='ocr_par' dir='ltr' id='par_1_4' title="bbox 267 2102 1649 2702">
     <span class='ocr_line' id='line_1_27' title="bbox 267 2102 1649 2145; baseline -0.001 -8"><span class='ocrx_word' id='word_1_214' title='bbox 267 2102 297 2143; x_wconf 81' lang='grc'>1)</span> <span class='ocrx_word' id='word_1_215' title='bbox 339 2107 437 2137; x_wconf 78' lang='lat' dir='ltr'>Hane</span> <span class='ocrx_word' id='word_1_216' title='bbox 464 2105 873 2145; x_wconf 68' lang='lat' dir='ltr'>emendationem‚quam</span> <span class='ocrx_word' id='word_1_217' title='bbox 900 2106 989 2145; x_wconf 76' lang='lat' dir='ltr'>apud</span> <span class='ocrx_word' id='word_1_218' title='bbox 1016 2105 1257 2145; x_wconf 78' lang='lat' dir='ltr'>Ingerslevium</span> <span class='ocrx_word' id='word_1_219' title='bbox 1291 2106 1432 2145; x_wconf 81' lang='lat' dir='ltr'>prodidi,</span> <span class='ocrx_word' id='word_1_220' title='bbox 1477 2105 1649 2137; x_wconf 51' lang='lat' dir='ltr'>XVeissen-</span> 
     </span>
     <span class='ocr_line' id='line_1_28' title="bbox 336 2166 1648 2208; baseline -0.002 -10"><span class='ocrx_word' id='word_1_221' title='bbox 336 2168 473 2199; x_wconf 89' lang='lat' dir='ltr'>bornius</span> <span class='ocrx_word' id='word_1_222' title='bbox 501 2169 533 2198; x_wconf 91' lang='lat' dir='ltr'>in</span> <span class='ocrx_word' id='word_1_223' title='bbox 560 2167 668 2198; x_wconf 82' lang='lat' dir='ltr'>altera</span> <span class='ocrx_word' id='word_1_224' title='bbox 694 2168 840 2198; x_wconf 82' lang='lat' dir='ltr'>editione</span> <span class='ocrx_word' id='word_1_225' title='bbox 870 2174 1028 2208; x_wconf 76' lang='lat' dir='ltr'>tanquam</span> <span class='ocrx_word' id='word_1_226' title='bbox 1057 2178 1076 2198; x_wconf 79' lang='lat' dir='ltr'>a</span> <span class='ocrx_word' id='word_1_227' title='bbox 1088 2167 1224 2198; x_wconf 82' lang='lat' dir='ltr'>Kiehlio</span> <span class='ocrx_word' id='word_1_228' title='bbox 1251 2173 1415 2207; x_wconf 79' lang='lat' dir='ltr'>sumptam</span> <span class='ocrx_word' id='word_1_229' title='bbox 1442 2167 1565 2207; x_wconf 74' lang='lat' dir='ltr'>posuit,</span> <span class='ocrx_word' id='word_1_230' title='bbox 1593 2166 1648 2206; x_wconf 89' lang='lat' dir='ltr'>qui</span> 
     </span>
     <span class='ocr_line' id='line_1_29' title="bbox 337 2226 1649 2270; baseline -0.004 -10"><span class='ocrx_word' id='word_1_231' title='bbox 337 2230 394 2260; x_wconf 92' lang='lat' dir='ltr'>ubi</span> <span class='ocrx_word' id='word_1_232' title='bbox 419 2236 451 2260; x_wconf 85' lang='lat' dir='ltr'>ot</span> <span class='ocrx_word' id='word_1_233' title='bbox 478 2230 613 2270; x_wconf 78' lang='lat' dir='ltr'>quando</span> <span class='ocrx_word' id='word_1_234' title='bbox 643 2239 716 2260; x_wconf 75' lang='lat' dir='ltr'>eam</span> <span class='ocrx_word' id='word_1_235' title='bbox 748 2230 903 2269; x_wconf 67' lang='lat' dir='ltr'>vulgarit,</span> <span class='ocrx_word' id='word_1_236' title='bbox 931 2230 1056 2262; x_wconf 74' lang='lat' dir='ltr'>nescio.</span> <span class='ocrx_word' id='word_1_237' title='bbox 1110 2229 1146 2260; x_wconf 83' lang='lat' dir='ltr'>C.</span> <span class='ocrx_word' id='word_1_238' title='bbox 1174 2233 1228 2267; x_wconf 70' lang='lat'>36,</span> <span class='ocrx_word' id='word_1_239' title='bbox 1255 2233 1273 2259; x_wconf 73' lang='lat'>4</span> <span class='ocrx_word' id='word_1_240' title='bbox 1301 2227 1491 2259; x_wconf 78' lang='lat' dir='ltr'>necessario</span> <span class='ocrx_word' id='word_1_241' title='bbox 1524 2226 1649 2266; x_wconf 84' lang='lat' dir='ltr'>requiri</span> 
     </span>
     <span class='ocr_line' id='line_1_30' title="bbox 337 2288 1648 2329; baseline -0.003 -8"><span class='ocrx_word' id='word_1_242' title='bbox 337 2292 535 2323; x_wconf 82' lang='lat' dir='ltr'>infinitivum</span> <span class='ocrx_word' id='word_1_243' title='bbox 561 2291 710 2329; x_wconf 64' lang='lat' dir='ltr'>fuisse,</span> <span class='ocrx_word' id='word_1_244' title='bbox 739 2292 844 2322; x_wconf 83' lang='lat' dir='ltr'>sensit</span> <span class='ocrx_word' id='word_1_245' title='bbox 870 2291 939 2322; x_wconf 77' lang='lat' dir='ltr'>Iac.</span> <span class='ocrx_word' id='word_1_246' title='bbox 967 2292 1181 2329; x_wconf 79' lang='lat' dir='ltr'>Perizonius3</span> <span class='ocrx_word' id='word_1_247' title='bbox 1208 2291 1308 2321; x_wconf 83' lang='lat' dir='ltr'>huius</span> <span class='ocrx_word' id='word_1_248' title='bbox 1335 2289 1421 2320; x_wconf 82' lang='lat' dir='ltr'>enim</span> <span class='ocrx_word' id='word_1_249' title='bbox 1452 2289 1564 2325; x_wconf 82' lang='lat' dir='ltr'>verbi,</span> <span class='ocrx_word' id='word_1_250' title='bbox 1591 2288 1648 2318; x_wconf 91' lang='lat' dir='ltr'>ubi</span> 
     </span>
     <span class='ocr_line' id='line_1_31' title="bbox 336 2350 1649 2394; baseline -0.002 -13"><span class='ocrx_word' id='word_1_251' title='bbox 336 2363 395 2393; x_wconf 88' lang='lat' dir='ltr'>pro</span> <span class='ocrx_word' id='word_1_252' title='bbox 437 2354 621 2394; x_wconf 72' lang='lat' dir='ltr'>praedicato</span> <span class='ocrx_word' id='word_1_253' title='bbox 658 2353 932 2394; x_wconf 61' lang='lat' dir='ltr'>praepositionem</span> <span class='ocrx_word' id='word_1_254' title='bbox 986 2353 1176 2383; x_wconf 74' lang='lat' dir='ltr'>adiunctam</span> <span class='ocrx_word' id='word_1_255' title='bbox 1210 2353 1334 2388; x_wconf 69' lang='lat' dir='ltr'>habet,</span> <span class='ocrx_word' id='word_1_256' title='bbox 1374 2359 1482 2390; x_wconf 84' lang='lat' dir='ltr'>neque</span> <span class='ocrx_word' id='word_1_257' title='bbox 1520 2350 1649 2380; x_wconf 82' lang='lat' dir='ltr'>indica-</span> 
     </span>
     <span class='ocr_line' id='line_1_32' title="bbox 336 2412 1648 2455; baseline -0.002 -11"><span class='ocrx_word' id='word_1_258' title='bbox 336 2415 422 2445; x_wconf 84' lang='lat' dir='ltr'>tivus</span> <span class='ocrx_word' id='word_1_259' title='bbox 463 2424 569 2455; x_wconf 84' lang='lat' dir='ltr'>neque</span> <span class='ocrx_word' id='word_1_260' title='bbox 612 2415 794 2446; x_wconf 82' lang='lat' dir='ltr'>infinitivus</span> <span class='ocrx_word' id='word_1_261' title='bbox 846 2415 1016 2455; x_wconf 53' lang='lat' dir='ltr'>(pi-{eterni</span> <span class='ocrx_word' id='word_1_262' title='bbox 1049 2414 1248 2455; x_wconf 64' lang='lat' dir='ltr'>praesertim)</span> <span class='ocrx_word' id='word_1_263' title='bbox 1293 2413 1399 2444; x_wconf 83' lang='lat' dir='ltr'>omitti</span> <span class='ocrx_word' id='word_1_264' title='bbox 1438 2412 1508 2442; x_wconf 89' lang='lat' dir='ltr'>ullo</span> <span class='ocrx_word' id='word_1_265' title='bbox 1548 2412 1648 2442; x_wconf 89' lang='lat' dir='ltr'>modo</span> 
     </span>
     <span class='ocr_line' id='line_1_33' title="bbox 337 2474 1648 2517; baseline -0.002 -11"><span class='ocrx_word' id='word_1_266' title='bbox 337 2482 458 2516; x_wconf 83' lang='lat' dir='ltr'>potest.</span> <span class='ocrx_word' id='word_1_267' title='bbox 512 2476 577 2507; x_wconf 70' lang='lat' dir='ltr'>Sed</span> <span class='ocrx_word' id='word_1_268' title='bbox 605 2478 694 2517; x_wconf 82' lang='lat' dir='ltr'>quod</span> <span class='ocrx_word' id='word_1_269' title='bbox 721 2477 1019 2508; x_wconf 72' lang='lat' dir='ltr'>VVeissenbornius</span> <span class='ocrx_word' id='word_1_270' title='bbox 1056 2485 1194 2507; x_wconf 82' lang='lat' dir='ltr'>summae</span> <span class='ocrx_word' id='word_1_271' title='bbox 1231 2474 1394 2504; x_wconf 76' lang='lat' dir='ltr'>universae</span> <span class='ocrx_word' id='word_1_272' title='bbox 1427 2484 1469 2504; x_wconf 83' lang='lat' dir='ltr'>ex</span> <span class='ocrx_word' id='word_1_273' title='bbox 1497 2474 1648 2513; x_wconf 85' lang='lat' dir='ltr'>singulo-</span> 
     </span>
     <span class='ocr_line' id='line_1_34' title="bbox 336 2535 1648 2576; baseline -0.002 -9"><span class='ocrx_word' id='word_1_274' title='bbox 336 2548 408 2568; x_wconf 89' lang='lat' dir='ltr'>rum</span> <span class='ocrx_word' id='word_1_275' title='bbox 433 2547 591 2576; x_wconf 82' lang='lat' dir='ltr'>generum</span> <span class='ocrx_word' id='word_1_276' title='bbox 617 2539 763 2569; x_wconf 83' lang='lat' dir='ltr'>numeris</span> <span class='ocrx_word' id='word_1_277' title='bbox 803 2538 1036 2569; x_wconf 83' lang='lat' dir='ltr'>collectionem</span> <span class='ocrx_word' id='word_1_278' title='bbox 1074 2543 1163 2569; x_wconf 80' lang='lat' dir='ltr'>reete</span> <span class='ocrx_word' id='word_1_279' title='bbox 1201 2542 1233 2566; x_wconf 84' lang='lat' dir='ltr'>et</span> <span class='ocrx_word' id='word_1_280' title='bbox 1268 2536 1383 2566; x_wconf 82' lang='lat' dir='ltr'>ordine</span> <span class='ocrx_word' id='word_1_281' title='bbox 1427 2535 1648 2575; x_wconf 79' lang='lat' dir='ltr'>significatam</span> 
     </span>
     <span class='ocr_line' id='line_1_35' title="bbox 337 2598 1648 2641; baseline -0.002 -12"><span class='ocrx_word' id='word_1_282' title='bbox 337 2600 409 2630; x_wconf 77' lang='lat' dir='ltr'>tolli</span> <span class='ocrx_word' id='word_1_283' title='bbox 444 2605 549 2630; x_wconf 83' lang='lat' dir='ltr'>totam</span> <span class='ocrx_word' id='word_1_284' title='bbox 587 2599 676 2635; x_wconf 74' lang='lat' dir='ltr'>vult,</span> <span class='ocrx_word' id='word_1_285' title='bbox 711 2599 810 2638; x_wconf 80' lang='lat' dir='ltr'>longe</span> <span class='ocrx_word' id='word_1_286' title='bbox 843 2610 882 2631; x_wconf 85' lang='lat' dir='ltr'>ea</span> <span class='ocrx_word' id='word_1_287' title='bbox 921 2600 1067 2641; x_wconf 84' lang='lat' dir='ltr'>suspicio</span> <span class='ocrx_word' id='word_1_288' title='bbox 1093 2600 1225 2630; x_wconf 82' lang='lat' dir='ltr'>aberrat</span> <span class='ocrx_word' id='word_1_289' title='bbox 1261 2598 1303 2628; x_wconf 82' lang='lat' dir='ltr'>ab</span> <span class='ocrx_word' id='word_1_290' title='bbox 1329 2598 1648 2633; x_wconf 79' lang='lat' dir='ltr'>additamentorum,</span> 
     </span>
     <span class='ocr_line' id='line_1_36' title="bbox 337 2661 1278 2702; baseline -0.001 -11"><span class='ocrx_word' id='word_1_291' title='bbox 337 2670 411 2702; x_wconf 84' lang='lat' dir='ltr'>quae</span> <span class='ocrx_word' id='word_1_292' title='bbox 438 2662 472 2691; x_wconf 86' lang='lat' dir='ltr'>in</span> <span class='ocrx_word' id='word_1_293' title='bbox 497 2661 583 2692; x_wconf 86' lang='lat' dir='ltr'>Livii</span> <span class='ocrx_word' id='word_1_294' title='bbox 611 2661 784 2692; x_wconf 82' lang='lat' dir='ltr'>codicibus</span> <span class='ocrx_word' id='word_1_295' title='bbox 812 2661 1118 2701; x_wconf 77' lang='lat' dir='ltr'>deprehenduntur,</span> <span class='ocrx_word' id='word_1_296' title='bbox 1145 2670 1278 2700; x_wconf 82' lang='lat' dir='ltr'>genere.</span> 
     </span>
    </p>
   </div>
  </div>
 </body>
</html>
