1811 2925
225 143 299 175 Lib.
314 141 485 176 XXX1X.
900 141 978 177 452

228 265 395 302 habenti.
465 264 513 300 Id
558 262 715 299 dubium
757 273 834 297 non
874 267 954 306 est⁷
997 261 1086 309 quin
1130 261 1309 309 proxima
1347 261 1468 296 verba
1498 259 1649 296 codices

231 335 330 373 Pall.
374 339 410 370 et
445 329 811 370 Drakenborchiani
857 327 927 379 (de
973 330 1015 365 M
1056 332 1223 374 tacetur)
1264 337 1366 367 recte
1408 329 1463 366 sic
1505 329 1649 377 scripta

230 406 418 442 habeant:
450 403 495 439 in
528 400 792 438 Ambracia
827 412 918 436 una
965 406 1112 448 capta
1150 413 1240 436 non
1281 399 1500 436 valuerit
1529 399 1649 435 belli

231 476 303 511 ius
335 474 412 521 (bei
443 473 530 509 dem
562 472 763 508 eroberten
788 469 1035 517 Ambracia),
1067 471 1132 507 ubi
1164 470 1286 506 editur
1324 470 1369 506 in
1400 469 1648 506 Ambraci-

232 558 301 581 am
343 557 482 581 unam
527 548 730 591 captam.
805 541 916 589 Saepe
958 540 997 576 in
1042 542 1115 577 hoc
1163 553 1233 576 usu
1279 540 1560 588 praepositionis
1604 540 1649 576 in

231 616 444 652 aberratur.
455 611 488 662 ¹)

343 683 439 732 Cap.
474 686 509 727 7,
541 683 562 717 2
598 679 660 730 (de
689 680 883 728 triumpho
906 679 976 724 Cn..
999 680 1135 716 Manlii
1166 693 1212 716 ex
1243 679 1376 726 Asia):
1407 679 1650 715 Militibus

234 755 575 804 quadragenos
605 751 746 787 binos
777 750 1006 786 denarios
1045 749 1236 797 divisit,
1283 748 1461 797 duplex
1491 753 1651 784 centu-

232 825 384 870 rioni,
415 829 460 860 et
489 820 787 871 stipendium
811 819 990 868 duplex
1010 819 1054 855 in
1075 820 1264 868 pedites
1287 819 1437 864 dedit7
1468 818 1653 867 triplex

236 897 281 932 in
315 894 521 943 equites.
589 891 691 939 Quid
723 896 822 927 esset
847 890 886 926 in
915 890 974 926 his
1006 890 1087 926 vitii
1118 896 1155 926 et
1186 889 1276 937 quid
1306 889 1494 926 sententia
1526 889 1652 937 requi-

235 972 357 1012 reret,
400 963 583 1001 Dukerus
624 967 660 998 et
702 960 1045 997 Drakenborchius
1075 961 1264 996 viderunt.
1329 960 1433 996 Nam
1463 971 1586 1006 neque
1615 958 1654 993 in

236 1035 428 1074 communi
466 1033 671 1082 largitione
716 1031 960 1079 triumphali,
1000 1031 1137 1079 peditis
1177 1037 1214 1067 et
1243 1030 1474 1066 centurionis
1504 1041 1654 1065 summa

236 1107 438 1151 distincta,
482 1104 633 1140 tertium
665 1102 802 1151 equitis
832 1101 995 1150 gradum
1027 1101 1149 1137 omitti
1192 1107 1400 1149 perpetuus
1437 1112 1520 1136 mos
1552 1100 1654 1135 sine-

236 1179 303 1214 bat
340 1181 552 1223 contraque
594 1174 632 1209 in
676 1172 865 1221 stipendio
911 1178 1020 1208 extra
1064 1172 1236 1207 ordinem
1280 1178 1392 1208 aucto
1436 1170 1656 1206 huiusmodi

237 1248 412 1284 ordinum
461 1243 743 1281 distinctionem
791 1242 917 1278 locum
963 1254 1040 1277 non
1084 1243 1225 1278 habere
1271 1248 1307 1277 et
1352 1242 1453 1278 Livii
1496 1241 1571 1277 loci
1608 1241 1655 1277 de

236 1317 382 1366 duplici
410 1315 600 1364 triplicive
630 1313 818 1362 stipendio
841 1312 1046 1349 ostendunt
1074 1325 1097 1347 a
1115 1312 1276 1348 Dukero
1297 1312 1445 1348 collecti
1476 1311 1656 1359 (XXIII.

238 1388 302 1431 207
333 1385 560 1427 XXXVII,
594 1385 657 1429 59,
687 1383 780 1427 XL,
823 1384 895 1419 43:
926 1382 1166 1418 militibus
1197 1382 1250 1417 de
1279 1383 1438 1430 praeda
1472 1413 1480 1420 .
1501 1411 1535 1420 ..
1574 1381 1656 1417 tri-

236 1458 347 1505 plex
378 1455 552 1503 equiti,
595 1482 632 1493 ..
672 1460 717 1490 et
750 1453 1027 1501 stipendum
1070 1452 1289 1488 omnibus
1327 1451 1524 1500 duplex;
1567 1463 1656 1487 nam

239 1528 410 1572 XXIX,
453 1528 474 1562 3
508 1531 545 1562 et
576 1525 717 1569 XXX,
770 1525 814 1560 16
847 1522 940 1558 nihil
971 1523 1020 1558 ad
1050 1523 1150 1558 hanc
1180 1523 1422 1571 largitionem
1452 1520 1658 1569 pertinent)

239 1604 276 1635 et.
305 1597 424 1634 multo
456 1596 580 1645 magis
611 1595 664 1632 rei
707 1600 863 1637 natura3
906 1606 996 1629 nam
1036 1593 1265 1641 stipendium
1308 1593 1433 1641 ipsum
1474 1590 1659 1639 gradibus

241 1676 278 1705 et
311 1667 509 1705 ordinibus
540 1665 759 1701 distinctum
791 1669 893 1707 erat-3
935 1663 1066 1711 itaque
1108 1662 1397 1712 multiplicando
1433 1661 1559 1711 (velut
1590 1660 1658 1695 du-

241 1735 440 1787 plicando)
482 1736 711 1773 servabatur
742 1734 875 1770 eadem
906 1733 1126 1782 proportio;
1157 1733 1189 1769 si
1226 1732 1455 1781 stipendium
1484 1731 1562 1766 iam
1591 1743 1662 1778 per

241 1823 282 1846 se
312 1809 436 1845 maius
468 1808 585 1844 etiam
617 1805 791 1854 pluribus
821 1804 996 1852 partibus
1019 1810 1172 1839 auctum
1199 1810 1298 1839 esset
1328 1802 1385 1852 (ut
1414 1801 1522 1838 miles
1552 1801 1661 1838 verbi

243 1891 361 1916 causa
390 1878 449 1914 bis
489 1875 687 1913 denarium
722 1874 933 1922 acciperet,
980 1873 1150 1909 centurio
1193 1879 1329 1921 quater
1368 1873 1500 1918 binos,
1543 1883 1661 1919 eques

243 1949 367 1985 sexies
399 1951 563 1991 ternos)‚
609 1944 861 1981 intolerabilis
904 1943 1085 1991 iniquitas
1116 1948 1208 1977 nata
1239 1948 1350 1980 esset.
1426 1943 1566 1990 Itaque
1595 1941 1661 1977 Li-

243 2019 347 2054 vium
402 2018 456 2054 sic
511 2016 710 2065 scripsisse
771 2019 949 2062 apparet:
1018 2013 1262 2049 militibus
1319 2013 1662 2060 quadragenos

242 2088 383 2124 binos
431 2087 658 2124 denarios
704 2085 892 2130 divisit,
937 2083 1115 2132 duplex
1146 2082 1442 2127 centurioni,
1481 2081 1662 2130 triplex

270 2281 300 2319 ¹)
334 2283 436 2321 Quod
465 2294 491 2314 c.
521 2287 551 2320 5,
580 2286 597 2313 9
626 2292 670 2313 ex
692 2282 730 2312 M
756 2282 864 2312 editur
896 2290 1127 2311 necessum
1156 2284 1275 2310 esset
1299 2277 1449 2319 (Gelenii
1474 2278 1556 2317 fide3
1584 2287 1662 2308 nam

341 2344 552 2376 Carbaehius
578 2344 657 2375 inde
683 2344 831 2375 enotavit
858 2351 1039 2372 neccsse
1066 2347 1198 2379 esset3
1233 2341 1267 2370 in
1302 2340 1419 2370 ceteris
1445 2345 1494 2370 est
1521 2348 1663 2370 neces-

340 2406 497 2436 sarium
542 2403 673 2443 essct)
713 2407 746 2432 ct
770 2402 937 2440 XXXIV,
981 2405 1012 2441 5,
1052 2406 1071 2432 2
1106 2411 1148 2432 ex
1186 2401 1304 2432 eodem
1336 2410 1564 2431 necessum
1600 2407 1663 2431 est

342 2466 415 2507 (ubi
440 2466 470 2496 B
498 2471 530 2495 ct
556 2464 657 2495 ceteri
692 2464 819 2494 habent
852 2473 1032 2495 necesse
1058 2463 1157 2502 est),
1193 2463 1291 2493 valde
1321 2472 1454 2499 vereor,
1487 2471 1528 2492 ne
1565 2471 1663 2493 casus

341 2536 402 2557 nos
426 2526 523 2556 ludat
548 2526 579 2555 in
606 2525 739 2555 duobus
764 2524 816 2556 his
842 2525 925 2556 locis
950 2525 1144 2556 Plautinum
1158 2523 1465 2562 Lucretianamque
1490 2523 1664 2563 pervagati

339 2586 497 2618 vocabuli
522 2585 668 2616 formam
696 2586 868 2617 obiiciens.
926 2585 978 2616 De
1005 2595 1031 2616 c.
1062 2588 1092 2625 6,
1116 2588 1135 2615 Β
1163 2585 1290 2615 dictum
1318 2588 1368 2615 est
1386 2593 1486 2624 supra
1510 2584 1553 2614 ad
1580 2583 1664 2621 VII,

340 2652 358 2678 2
386 2658 418 2689 p.
450 2650 526 2681 139.
