1811 2925
879 155 956 190 489

209 287 352 324 magna
383 275 674 324 perturbatione
704 276 933 313 conflantur.
992 275 1131 323 ltaque
1154 281 1190 311 et
1211 274 1392 323 frequens
1412 274 1631 311 adhibenda

208 345 396 382 correctio
429 352 487 381 est
525 350 562 381 et
601 345 791 382 interdum
831 345 948 394 paulo
980 344 1139 382 liberior
1168 358 1238 382 nee
1269 344 1440 393 singulas
1470 345 1629 387 litteras,

209 428 306 464 quas
338 416 520 452 librarius
562 416 681 452 semel
723 415 824 452 falsa
855 416 982 464 specie
1013 416 1196 465 deceptus
1229 415 1384 464 scripsit
1415 422 1481 451 aut
1510 415 1630 464 negli-

205 492 342 534 genter
372 485 612 534 perturbavit
659 485 855 529 omisitve,
901 485 1013 522 nimis
1060 498 1192 534 presse
1239 497 1414 534 sequens.
1498 487 1630 533 Atque

209 555 376 592 universi
414 556 568 593 habitus
601 564 637 592 ct
684 556 764 592 eius
795 556 1106 604 depravationis,
1150 568 1234 604 quae
1278 556 1317 592 in
1366 555 1501 592 litteris
1543 568 1631 604 per-

208 625 400 662 mutandis
449 626 609 674 aliisque
654 625 866 662 scribendis
895 626 1025 674 posita
1055 633 1124 671 est,
1155 625 1269 675 plena
1306 626 1459 674 quidem
1500 626 1630 675 imago

207 697 365 733 maioris
395 696 516 745 partis
547 696 729 732 continua
759 696 1067 732 consideratione
1098 695 1299 732 efficienda
1330 702 1404 740 est,
1443 696 1631 744 aliquate-

207 779 279 803 nus
305 774 455 811 tamen,
495 767 616 803 donec
659 766 781 802 omnis
822 767 1021 815 scripturae
1057 766 1227 802 varietas
1270 766 1373 802 edita
1416 766 1550 811 fuerit,
1582 767 1631 802 ad

206 837 359 886 singula
402 844 513 873 caute
551 836 778 872 aestimanda
817 837 904 885 capi
934 843 1060 886 potest
1093 849 1141 872 ex
1174 838 1351 874 breviore
1382 837 1511 885 aliquo
1542 849 1631 885 spe-

207 908 345 945 cimine
376 907 532 955 (praeter
560 907 611 951 id,
643 906 747 954 quod
778 907 990 943 Endlicher
1020 906 1100 950 illo,
1133 920 1244 955 quern
1278 908 1371 951 dixi,
1403 907 1488 944 loco
1510 906 1629 954 dedit)

207 986 243 1015 et
275 991 322 1015 ex
354 978 538 1026 exemplis
586 977 732 1024 aliquot
766 977 990 1024 graviorum
1023 983 1060 1013 et
1100 977 1408 1014 memorabilium
1438 978 1536 1014 varii
1565 990 1631 1026 ge-

206 1049 308 1085 neris
324 1061 508 1092 errorum,
528 1060 612 1096 quae
627 1046 729 1083 infra
746 1043 976 1093 subiicio31)
997 1046 1096 1082 alias
1127 1048 1354 1084 mendorum
1372 1047 1519 1084 formas
1541 1048 1630 1084 sub-

236 1237 264 1280 ι)
308 1238 515 1270 Continuum
544 1239 715 1279 specimen
743 1243 897 1269 sumatur
922 1248 966 1268 ex
991 1238 1069 1269 libri
1096 1239 1215 1270 XLIV
1242 1249 1314 1280 cap.
1348 1244 1374 1277 1,
1403 1240 1434 1270 in
1462 1249 1530 1279 quo
1557 1240 1627 1271 haec

301 1302 439 1332 omuino
473 1312 492 1331 a
525 1306 688 1331 contextu
714 1300 903 1339 Kreyssigii
947 1301 1012 1337 (ed.
1035 1300 1236 1332 Tauchnitz.
1270 1301 1374 1340 1848)
1418 1301 1630 1342 discrepant:

300 1364 317 1403 ξ
349 1367 362 1394 1
393 1362 571 1404 quo(p1·0
593 1360 635 1402 Q)
664 1361 840 1391 milibus
929 1361 1150 1393 traiectus
1226 1363 1244 1401 ξ
1273 1366 1290 1393 2
1317 1363 1525 1404 Popilius
1591 1370 1630 1394 et

303 1436 391 1466 alia
416 1435 510 1476 pari
583 1435 902 1465 adulescentes
930 1424 976 1464 ἦ.
1005 1435 1088 1465 mil.
1168 1436 1185 1475 ξ
1213 1439 1232 1466 3
1260 1425 1317 1477 pf.
1354 1434 1428 1475 (pro
1454 1435 1628 1474 praetor)

304 1508 321 1547 ξ
349 1512 368 1538 4
396 1508 536 1538 tinere
564 1507 799 1538 terrestris
874 1507 1131 1538 Tessaliam
1207 1497 1261 1549 pr‘.
1341 1507 1524 1539 relictus
1559 1518 1634 1538 na-

304 1569 386 1599 vib’
467 1569 664 1600 Boetiam
705 1569 799 1599 dies
835 1569 965 1599 unius
1038 1568 1294 1600 Calchidem
1366 1569 1429 1608 §5
1473 1569 1631 1601 Phale-

304 1631 528 1671 parsalum
594 1631 731 1662 multa
757 1640 797 1661 re
847 1631 898 1661 ad
925 1631 1121 1662 iunctam
1148 1631 1382 1662 militarem
1457 1631 1512 1670 §6
1541 1641 1630 1662 cum

307 1703 423 1724 arma
467 1703 559 1724 cum
588 1704 692 1724 cui-a
718 1692 944 1723 inexisset
1020 1693 1084 1731 §7
1113 1692 1299 1733 primum
1351 1703 1404 1723 ex
1437 1693 1632 1732 dignita·

305 1761 386 1785 tem
463 1755 482 1794 ξ
510 1758 528 1785 8
555 1764 745 1795 procons
773 1755 1005 1794 (Lacunarum
1032 1760 1121 1784 notae
1155 1753 1290 1794 nullae.)
1365 1755 1384 1793 ξ
1411 1757 1429 1785 9
1467 1755 1633 1785 contio-

305 1825 392 1846 nem
421 1815 704 1857 aputmilites
735 1816 827 1846 abit
885 1816 966 1857 §10
994 1816 1042 1846 ad
1068 1816 1343 1856 paricidium
1406 1815 1632 1847 beneficia

305 1878 437 1908 cedes
511 1876 729 1908 Eumenen
755 1877 946 1908 iniurias
981 1877 1020 1907 in
1046 1887 1106 1917 pr.
1182 1877 1201 1916 ξ
1231 1881 1269 1908 11
1298 1887 1371 1918 per
1405 1888 1486 1919 que
1551 1879 1570 1917 ξ
1592 1881 1631 1909 12

307 1939 462 1969 deinde
488 1949 546 1979 pr.
615 1939 951 1979 conplectentis
1004 1939 1271 1979 conparavit
1343 1938 1513 1979 Pilippi
1550 1939 1632 1970 An-

305 2000 515 2040 tiocique.
590 1999 771 2035 (Praetcrea
798 2005 849 2030 ter
871 2010 888 2033 n
917 2007 995 2041 post
1021 2000 1177 2030 vocalem
1209 2000 1244 2030 in
1270 2000 1335 2031 fine
1363 2010 1478 2031 versus
1505 2000 1632 2031 lineola

304 2068 453 2098 notatur,
481 2071 509 2094 ιιι
541 2062 706 2102 quatter.)
735 2062 1014 2098 Vocabulorum,
1064 2062 1144 2092 dum
1169 2061 1328 2093 librarius
1356 2063 1390 2092 in
1417 2062 1531 2092 littera
1565 2072 1633 2093 una

306 2123 454 2153 alterave
481 2124 661 2154 scribenda
687 2129 745 2153 aut
770 2124 802 2153 in
830 2123 951 2153 litteris
978 2123 1226 2162 coniungendis
1252 2123 1398 2161 aberrat,
1425 2123 1546 2153 deinde
1572 2123 1633 2153 ob-

304 2185 426 2215 iectam
455 2184 604 2225 aliquam
632 2185 777 2225 speciem
805 2185 955 2215 oscitans
981 2185 1121 2215 licenter
1147 2184 1308 2224 sequitur,
1324 2185 1409 2215 mire
1425 2185 1631 2216 detortorum

306 2245 466 2285 exempla
486 2245 558 2275 haec
585 2251 704 2276 sunto:
729 2245 824 2281 XLI,
853 2249 907 2283 23,
942 2249 982 2276 13
1013 2245 1260 2286 provinciis
1289 2256 1350 2287 pro
1382 2256 1632 2287 provocan-

305 2313 385 2346 tes,
412 2306 482 2337 ibd.
511 2309 566 2344 28,
593 2310 610 2337 5
639 2305 787 2338 Crassi
813 2317 910 2348 pars
937 2306 1213 2348 (Crassipes),
1239 2307 1353 2346 XLII,
1373 2312 1428 2345 41,
1459 2312 1498 2339 12
1516 2308 1632 2339 bello

306 2368 476 2408 quidem
503 2368 621 2399 iusto
649 2378 875 2410 sumpsere
902 2369 1028 2400 cuius
1053 2370 1101 2409 (b.
1122 2379 1155 2409 q.
1183 2371 1204 2402 i.
1231 2379 1319 2401 sum
1346 2369 1632 2411 persecutus),

305 2429 469 2468 ibd.50,8
497 2429 715 2460 militaria
737 2436 930 2460 armatus
959 2430 1097 2471 (malit
1123 2441 1175 2462 an
1201 2434 1420 2468 armatus),
1446 2430 1557 2468 XLV,
1576 2434 1632 2461 40.

307 2495 326 2522 2
378 2490 665 2522 coercebatur
726 2490 1085 2531 (coacervatum),
1127 2493 1210 2525 ibid.
1253 2496 1320 2529 41,
1370 2496 1388 2523 8
1450 2492 1632 2533 praecari

306 2552 406 2583 ludo
447 2553 624 2593 optavit
661 2552 899 2593 (precarer,
936 2553 1047 2584 illud
1085 2554 1235 2595 optavi
1276 2554 1353 2594 ut);
1396 2564 1473 2585 nam
1502 2555 1633 2585 minora

307 2620 385 2646 sunt
410 2615 518 2646 adeo
545 2625 606 2656 pro
632 2615 768 2645 habeo
795 2615 920 2655 (XLV.
947 2617 1002 2650 39,
1033 2615 1104 2655 16),
1133 2622 1252 2647 trans
1280 2625 1341 2656 pro
1369 2622 1457 2646 tres
1483 2614 1632 2652 <ibd.42‚

312 2677 370 2717 11)
397 2677 520 2718 scripta
548 2683 607 2707 aut
631 2677 734 2708 item
762 2687 824 2717 pro
850 2677 935 2707 iter
961 2675 1113 2717 (XLIV,
1141 2679 1171 2709 7.
1200 2680 1219 2707 6
1246 2682 1280 2707 et
1309 2680 1360 2713 ll,
1382 2679 1420 2714 6)
1441 2682 1474 2707 et
1499 2675 1633 2706 similia.
