1811 2925
782 117 854 153 201

112 247 211 283 tura,
242 244 394 275 natum:
427 249 609 286 anceps
639 249 801 285 pugna
831 244 947 274 erat.
1006 238 1114 274 Alibi
1145 243 1273 274 autem
1304 239 1341 275 in
1372 240 1532 276 recenti-

113 310 185 346 bus
218 309 371 345 demum
403 308 599 345 codicibus
633 307 912 344 emendationis
943 315 1104 345 conatus
1136 321 1213 357 app
1230 316 1317 354 iret;
1357 310 1461 347 velut
1494 311 1530 347 in

113 380 211 416 libro
242 380 394 422 XXX,
427 380 499 423 21,
551 380 593 423 9,
641 379 743 427 quod
773 379 810 415 in
845 380 878 415 P
916 379 1116 423 scribitur,
1164 380 1317 416 sublata
1341 386 1531 417 structura

114 451 300 488 orationis
332 457 369 487 et
398 450 604 486 sententia:
652 461 736 485 nec
781 461 886 485 esse
938 448 1053 495 fuit,
1099 450 1177 498 qui
1221 450 1532 488 deisaerates

114 522 327 571 agendas
361 526 614 564 censeant,
644 519 682 555 id
716 520 753 556 in
785 520 910 565 Medi,
942 521 1101 565 Bamb.,
1149 521 1279 566 Voss⁸7
1325 521 1408 558 cod.
1449 522 1531 559 Me-

113 593 225 630 nardi
259 592 361 641 apud
393 589 658 633 Gronoviuim
709 590 805 626 Lov.
858 594 899 635 1,
951 592 1142 641 Lipsiensi
1177 591 1344 638 (Alsch.)
1394 593 1533 629 mansit

115 663 377 709 (Colbertinns
414 660 475 697 hie
513 659 673 695 collatus
704 674 779 697 non
811 665 898 710 est),
915 662 987 699 nisi
1037 663 1141 711 quod
1170 675 1241 711 pro
1272 662 1373 699 deis
1405 676 1533 700 aera·

114 741 185 770 tes
221 734 309 780 (hoc
340 738 408 769 est.
440 731 541 767 dcis
571 733 753 779 grates)
785 733 864 769 dei
914 740 1145 770 sacratas
1177 739 1243 769 aut
1275 733 1414 769 similia
1444 734 1533 770 sub-

114 804 248 840 stituta
278 809 382 841 sunt:
413 801 480 838 sed
514 802 551 837 in
583 803 718 838 ceteris
748 803 1025 841 recentioribus
1057 804 1253 840 codicibus
1281 804 1331 846 (si
1355 804 1532 841 Draken-

115 874 261 911 borchii
293 880 329 910 et
361 873 398 909 in
430 872 669 909 Berolinensi
701 873 937 912 Alschefskii
971 875 1120 911 silentio
1154 872 1360 922 credimus)
1404 875 1533 912 subla-

115 954 194 983 tum
244 952 301 981 est
330 943 445 987 fuit,
490 950 594 979 recta
637 944 874 983 coniectura:
928 957 1016 981 nam
1070 957 1186 992 quum
1233 957 1432 982 necesse
1463 959 1533 995 pro

114 1030 191 1053 una
220 1028 315 1052 voce
346 1022 544 1063 acceptum
575 1020 686 1057 esset,
718 1015 890 1051 additum
913 1022 970 1052 est
984 1015 1266 1052 inconsiderate
1296 1016 1399 1062 fuit,
1431 1017 1535 1065 qnod

113 1100 234 1136 genus
263 1085 568 1134 interpolationis
602 1085 788 1121 Puteanei
818 1087 1047 1134 antiquitate
1076 1099 1153 1122 non
1185 1087 1357 1131 excludi,
1407 1094 1534 1124 osten-

115 1159 203 1194 dam
236 1156 348 1193 infra.
416 1156 516 1192 Huic
547 1164 624 1192 tam
660 1162 771 1192 eertae
802 1157 998 1193 sententiae
1029 1157 1076 1193 de
1105 1157 1339 1205 reliquorum
1360 1159 1533 1196 codicum

115 1243 135 1265 e
166 1229 364 1265 Puteaneo
413 1236 478 1263 aut
523 1228 602 1263 eius
649 1227 812 1275 gemello
845 1227 992 1276 origine
1024 1229 1107 1264 duae
1138 1241 1199 1265 res
1232 1241 1449 1277 repugnare
1479 1230 1535 1266 vi-

116 1299 197 1335 deri
228 1305 401 1347 possunt,
432 1299 499 1334 sed
520 1298 698 1334 videntur
728 1304 886 1337 tantum.
947 1300 1050 1336 Nam
1082 1299 1247 1348 primum
1279 1299 1316 1336 in
1338 1301 1372 1336 P
1401 1300 1440 1336 in
1470 1314 1536 1338 ex-

116 1377 238 1406 tremo
267 1369 365 1406 libro
397 1369 588 1406 XXVIII
632 1376 666 1405 et
698 1369 805 1405 initio
836 1369 921 1405 libri
972 1371 1123 1407 XXIX
1154 1370 1340 1407 eiusmodi
1372 1379 1428 1407 est
1458 1378 1535 1409 tra-

115 1440 239 1485 iectio,
268 1448 321 1485 ut,
357 1454 441 1489 quae
472 1441 602 1477 decem
634 1441 823 1488 capitibus
855 1442 903 1477 ab
930 1440 1134 1484 XXVIII,
1156 1441 1220 1485 37,
1240 1442 1261 1476 9
1295 1441 1344 1477 ad
1371 1442 1536 1485 XXIX,

117 1514 148 1556 1,
182 1513 231 1547 24
284 1511 526 1547 continentur
572 1511 889 1560 (conscriptis
937 1510 1198 1558 missisque
1238 1533 1287 1537 —
1322 1513 1377 1548 ab
1409 1515 1537 1550 omni

113 1582 357 1631 imperio),
392 1589 585 1630 praecepta
615 1583 909 1631 interponantur
939 1582 976 1618 in
1008 1581 1106 1617 libro
1142 1581 1355 1627 XXVIII,
1388 1584 1451 1628 22,
1489 1586 1534 1620 14

113 1653 229 1700 (inter
261 1653 492 1701 pertinax
520 1653 646 1689 caede
686 1660 721 1689 et
753 1653 1015 1701 primorum
1045 1651 1385 1700 insequentes)
1413 1653 1535 1702 iisque

113 1736 182 1760 suo
213 1724 297 1760 loco
330 1724 493 1765 omissis,
524 1724 581 1760 his
612 1724 700 1760 libri
730 1724 941 1767 XXVIII,
976 1724 1045 1765 37„
1077 1723 1098 1758 9
1132 1722 1280 1758 verbis:
1328 1724 1533 1761 auxilia-

113 1793 232 1829 rium
277 1793 386 1829 inde
427 1795 607 1831 continuo
655 1795 906 1832 subiiciantur
951 1794 1032 1829 haec
1078 1806 1097 1829 e
1141 1793 1313 1838 XXIX,
1373 1798 1410 1838 1,
1463 1798 1535 1833 24:

113 1871 315 1901 externo
347 1865 509 1901 soluta
536 1866 780 1914 reliquaque;
812 1865 921 1901 huius
955 1871 1082 1901 autem
1106 1865 1430 1912 transpositionis,
1448 1879 1531 1914 quae

113 1948 188 1971 non
219 1935 257 1971 in
289 1937 492 1973 Puteaneo
529 1937 613 1985 ipso
644 1936 746 1973 foliis
778 1937 925 1985 aliquot
955 1936 1041 1972 loco
1072 1935 1186 1971 motis
1221 1942 1306 1971 orta
1336 1942 1393 1971 est
1424 1939 1535 1984 (quo-

113 2006 216 2042 niam
246 2019 337 2054 pars
381 2009 616 2056 transposita
665 2020 789 2055 neque
821 2008 869 2043 ab
901 2007 1007 2043 initio
1055 2006 1136 2042 folii
1181 2005 1312 2053 incipit
1343 2018 1467 2053 neque
1496 2006 1534 2042 in

113 2079 187 2113 fine
219 2076 301 2113 folii
333 2078 499 2124 desinit)‚
529 2079 595 2114 sed
628 2091 676 2115 ex
704 2078 883 2114 foliorum
915 2079 953 2114 in
985 2077 1200 2125 antiquiore
1236 2075 1366 2112 codice
1398 2077 1534 2113 traiec-

113 2147 228 2185 tione.
258 2148 401 2184 nullam
433 2149 587 2185 omnino
619 2149 837 2197 superiores
868 2149 1034 2184 editores
1067 2147 1347 2191 (Gebhardus,
1379 2147 1533 2183 Grono-

115 2218 211 2263 vius,
244 2219 601 2267 Drakenborchius)
637 2219 867 2255 mentionem
898 2218 1090 2262 fecerunt,
1122 2224 1161 2253 ut
1192 2218 1229 2253 in
1264 2217 1399 2254 ceteris
1431 2218 1534 2255 codi-

115 2290 221 2326 cibus
252 2290 380 2325 onmia
422 2297 525 2325 recto
573 2290 704 2326 ordine
735 2289 877 2338 scripta
908 2301 990 2325 esse
1020 2295 1130 2337 putes
1161 2300 1284 2335 eaque
1315 2288 1534 2337 discrepan—

115 2359 169 2395 tia
199 2360 291 2396 satis
337 2360 547 2398 declarari.
598 2372 663 2397 eos
712 2373 788 2397 non
820 2373 868 2396 ex
898 2361 1098 2396 Puteaneo
1129 2358 1214 2407 ipso
1246 2358 1432 2406 originem
1464 2359 1533 2395 du-

116 2442 212 2466 cere.
273 2430 348 2467 Sed
381 2431 513 2467 eadem
543 2431 775 2480 negligentia
807 2431 856 2466 ab
886 2430 954 2475 iis,
1001 2430 1065 2478 qui
1096 2429 1248 2466 codices
1279 2429 1532 2474 contulerunt,

117 2507 183 2536 aut
212 2501 420 2537 editoribus
450 2503 487 2539 h.
520 2503 542 2538 l.
575 2503 756 2538 omissam
789 2513 884 2546 esse,
915 2513 1031 2549 quum
1062 2500 1156 2536 nihil
1202 2511 1338 2548 reapse
1373 2500 1534 2545 deesset,

115 2571 423 2620 transpositionis
480 2573 732 2613 mentionem,
787 2584 863 2619 qua
910 2583 1028 2620 supra
1081 2584 1118 2620 p.
1155 2572 1205 2607 25
1249 2576 1327 2606 not.
1385 2571 1535 2607 ostendi

116 2641 283 2678 eiusdem
342 2643 492 2691 generis
535 2642 854 2690 transpositiones
907 2643 945 2678 in
996 2642 1127 2679 codiee
1176 2641 1352 2678 Mediceo
1401 2642 1534 2690 primae
