1811 2925
856 129 933 164 439
1307 126 1382 159 Lib.
1393 125 1579 157 XXXVII.

192 264 274 288 cur
311 251 626 293 ambularem,
663 249 872 293 similiave,
905 263 928 286 a
975 249 1289 286 WVeissenbornio
1329 249 1522 298 corrumpi
1562 257 1598 286 et

193 335 276 359 cum
324 322 538 371 vulgarium
585 321 756 357 codicum
803 318 936 369 (etiam
976 317 1030 367 B)
1073 319 1428 368 interpretamento:
1472 321 1597 368 quod

193 405 288 428 rem
320 392 573 427 traherent
602 391 655 427 sic
684 390 863 435 conflari,
894 396 935 426 ut
964 390 1089 427 fieret:
1127 391 1250 438 quod
1283 390 1471 427 tamdiu
1502 404 1596 428 rem

192 463 456 507 traherent,
489 474 572 510 quae
607 468 664 498 est
692 462 778 511 ipsa
806 474 906 498 verae
936 460 1133 509 scripturae
1166 461 1370 497 enarratio.

311 532 402 582 Cap.
441 535 501 577 15,
533 534 554 568 9
589 532 640 581 (in
676 532 930 581 descriptione
966 531 1111 568 itineris
1143 530 1212 567 Cn.
1247 531 1381 568 Manlii
1415 532 1595 569 Vulsonis

192 618 258 654 per
290 602 605 651 Asiam):1nde
636 602 681 638 in
715 614 878 651 agrum
909 602 1289 651 Sagalassenum
1330 633 1366 641 ..
1406 610 1598 640 ventum

190 682 271 714 est.
348 674 533 712 Colunt
563 673 757 718 Pisidae,
796 673 936 722 longe
988 673 1159 722 optimi
1205 674 1337 710 bello
1381 674 1598 723 regionis

190 747 300 783 eius.
360 746 509 793 Quum
542 758 594 781 ea
617 757 691 781 res
721 743 903 780 animos
933 742 1078 788 facit,
1121 750 1213 780 tum
1247 745 1354 794 agri
1383 744 1598 781 fecundi-

190 826 262 853 tas
293 824 337 853 et
366 815 628 853 multitudo
659 815 904 851 hominum
937 821 979 850 et.
1009 815 1133 851 situs
1169 845 1205 851 ..
1247 816 1395 852 urbis.
1465 814 1598 863 (Con-

189 888 261 924 sul
297 917 306 926 .
327 919 334 925 .
355 918 362 925 .
403 887 533 923 misit-
564 890 667 930 cet.)
749 885 979 922 Necessario
1027 886 1269 923 scribendum
1299 886 1444 931 fecit7
1492 893 1534 923 ut.
1576 900 1598 923 a

190 959 385 996 notatione
416 959 470 995 rei
499 962 691 1006 perpet-uae
725 955 921 1004 (colunt)
952 963 1153 1004 separetur
1183 958 1366 1003 narratio,
1399 958 1488 1006 quid
1517 964 1596 994 tuin

188 1030 380 1075 acciderit,
426 1037 462 1065 et
502 1041 586 1065 cuin
620 1027 768 1075 reliqua
813 1027 1034 1063 narratione
1077 1028 1285 1075 (ventum
1330 1036 1402 1064 est
1440 1059 1475 1067 ..
1516 1029 1597 1065 mi-

187 1098 273 1150 sit)
332 1101 594 1148 coniungatur.
700 1096 983 1134 Correctionem
1042 1099 1223 1147 praecepit
1279 1099 1456 1136 librarius
1513 1101 1596 1137 cod.

188 1173 283 1208 Lov.
319 1174 356 1210 6.

297 1241 393 1291 Cap.
417 1244 486 1286 16,
520 1242 541 1277 3
574 1239 641 1289 (de
663 1239 808 1285 Gallis,
844 1240 906 1288 qui
928 1246 1064 1289 postea
1092 1240 1131 1276 in
1161 1240 1297 1291 Asiam
1333 1242 1597 1288 transierunt):

187 1314 471 1362 Byzantium
513 1325 648 1361 quum
695 1311 1064 1360 pervenissent,
1114 1311 1414 1360 aliquamdiu
1469 1325 1596 1348 orani

184 1385 511 1433 Propontidis
556 1382 849 1431 vectigalem
887 1382 1107 1419 habendo
1139 1382 1356 1431 regionis
1388 1382 1490 1419 eius
1521 1395 1596 1419 ur-

186 1453 264 1489 bes
296 1454 626 1491 obt-inuerunt.
700 1453 827 1490 Urbes
857 1465 933 1489 non
966 1453 1183 1489 obtinentur
1218 1466 1347 1498 oram,
1379 1467 1462 1502 quae
1492 1454 1597 1490 urbi-

185 1525 255 1560 bus
285 1531 396 1573 paret
426 1531 463 1561 et
490 1525 676 1560 adhaeret.
716 1523 941 1572 vectigalem
972 1524 1161 1561 habendo.
1270 1526 1420 1561 {arbari
1451 1532 1487 1562 et
1515 1526 1597 1562 bel-

185 1595 292 1631 licosi
331 1596 525 1635 homines,
571 1595 636 1632 sed
668 1596 716 1631 ab
749 1594 904 1631 urbibus
935 1602 972 1630 et
1003 1596 1270 1644 oppugnandis
1312 1603 1348 1632 et
1378 1597 1596 1633 habitandis

186 1665 317 1710 alieni,
350 1672 521 1715 apertam
558 1666 751 1714 regionem
793 1666 1070 1714 percursabant
1109 1667 1375 1715 vastandoque
1417 1680 1530 1716 agros
1562 1676 1596 1704 et

187 1735 366 1772 minando
399 1735 584 1782 Graecos‚
630 1736 695 1785 qui
734 1737 847 1773 urbes
886 1737 1050 1773 munitas
1080 1739 1281 1783 tenebant,
1331 1738 1495 1787 vectigal
1526 1739 1595 1775 sibi

184 1805 349 1853 pendere
383 1808 585 1855 cogebant.
653 1808 730 1844 Res
760 1820 829 1856 per
859 1819 899 1843 se
928 1808 1132 1856 perspicua
1162 1810 1409 1845 confirmatur
1425 1809 1482 1855 iis,
1514 1822 1596 1858 quae

187 1876 369 1925 Polybius
412 1878 491 1923 IV,
524 1881 574 1916 46
625 1878 671 1914 de
701 1877 925 1927 Byzantinis
956 1877 1081 1915 Gallis
1129 1880 1318 1929 stipendia
1362 1880 1596 1917 solventibus

184 1947 331 1984 scribit:
377 1942 504 1988 Κατιὶ
536 1950 622 2001 μὲν
649 1940 729 1988 οὖν
761 1943 843 1992 τοῖς
873 1941 1010 2002 ἆρχιῖς
1044 1951 1090 1989 ἐν
1124 1956 1222 1995 ταῖς
1248 1946 1424 2002 ἐφόδοις
1447 1944 1596 1991 (adedit

185 2016 297 2067 (τῶν
330 2017 564 2068 Γαλατῶν)
604 2051 640 2059 ..
683 2017 799 2072 δῶρα
834 2017 1058 2059 διετέλουν
1100 2022 1140 2059 οἱ
1175 2015 1418 2070 Βυζάντιοι
1448 2015 1596 2063 διδόν-

183 2103 270 2134 τες,
302 2084 388 2129 dm?
423 2089 691 2144 τρισχιλίους
715 2089 785 2130 καὶ
805 2089 1208 2143 πεντακισχιλίους,
1232 2092 1337 2131 ποτ.ὲ
1362 2092 1402 2133 δὲ
1425 2093 1493 2134 καὶ
1511 2109 1594 2148 μν-

184 2157 308 2211 ριόυς
337 2160 542 2214 χρυσοῦς,
575 2152 687 2215 ἐφίχῖ
715 2157 779 2215 μή
808 2160 1132 2214 καταφθὸίρειν
1163 2156 1246 2215 τήν
1265 2157 1592 2217 χώριιναύτῶν

182 2229 306 2274 »τέλος
338 2225 738 2285 δ’ἠναγκιιόθησαν
772 2225 1051 2286 ὀγδοήκοντα
1087 2228 1288 2275 ’τάλαντα
1315 2237 1592 2290 συγχωρῆσαι

183 2293 323 2353 φόρον
355 2301 499 2342 τελεῖν
535 2295 628 2341 κατ)
660 2297 880 2343 ἐνιαυτόν.
941 2307 1117 2354 Apparet
1148 2306 1278 2355 igitur,
1310 2308 1411 2356 apud
1442 2309 1594 2346 Livium

182 2385 313 2409 veram
351 2374 576 2422 scripturam
616 2381 806 2411 servatam
849 2388 932 2412 esse
960 2375 997 2411 in
1028 2377 1061 2412 B
1097 2376 1160 2424 (de
1202 2377 1245 2414 M
1282 2381 1467 2427 tacetur):
1506 2380 1594 2417 ali-

183 2444 412 2491 quamdiu
440 2445 946 2494 ora1nPropontidis5
977 2447 1242 2496 vectigalis
1273 2449 1497 2488 habendo
1528 2466 1593 2490 re-

181 2514 340 2562 gionis
369 2515 468 2551 eius
500 2516 655 2561 urbes,
689 2517 1024 2558 obtinuerunt,
1086 2519 1292 2556 Ablativus
1313 2522 1486 2569 gerundii
1516 2523 1594 2560 for-

181 2595 282 2620 mam
323 2592 359 2620 et
401 2586 555 2622 modum
600 2587 654 2623 rei
696 2587 894 2636 significat.
966 2588 1076 2631 (Vid.
1122 2588 1300 2629 Gramni.
1350 2593 1433 2630 Lat..
1467 2599 1484 2640 ξ
1518 2596 1593 2631 416
