1811 2925
210 150 429 183 Lib.XLIV.
890 151 967 187 568

212 275 298 320 suit,
334 272 566 317 narrati01113
600 272 702 320 (eam
735 273 835 309 enim
869 272 1089 322 significari,
1122 273 1287 309 ostendit
1310 273 1426 312 etiam
1448 276 1641 314 adiectum

212 345 368 394 longe,
392 357 461 381 nec
493 343 693 380 diversa
711 344 1059 393 traduntpotest
1076 356 1159 381 esse
1191 343 1276 380 alii
1302 345 1400 383 alia
1424 348 1641 393 tradunt;

214 415 445 451 diversus
477 413 577 452 enim
609 414 659 450 ad
689 420 834 451 certum
868 415 1013 463 aliquid
1044 414 1243 458 refertur).
1313 416 1452 465 Itaque
1472 419 1642 456 scriben-

213 486 302 522 dum
334 486 503 522 videtur:
535 486 604 521 De
626 485 671 521 E.
695 485 885 535 r.longe
919 486 1119 523 diversa
1152 486 1243 526 alii
1273 488 1481 526 tradunt.
1539 491 1641 527 Tum

213 556 325 593 huius
357 556 518 593 diversae
548 556 783 592 narrationis
832 563 968 594 auctor
1008 569 1105 594 unus
1145 570 1164 594 e
1205 557 1379 605 pluribus
1424 560 1644 597 nominatur

213 627 407 665 Valerius.

334 698 432 747 Cap.
471 701 514 735 14
534 726 543 743 ,
578 701 595 734 7
632 698 711 743 (ubi
740 705 1069 735 commemoratur
1098 698 1247 736 Prusiae
1279 698 1328 734 ad
1358 700 1558 737 Romanos
1588 701 1645 738 le-

213 770 354 818 gatio):
397 767 626 806 Ceterum
672 782 815 818 quum
847 770 905 806 ad
942 783 990 807 se
1023 783 1046 806 a
1077 770 1260 806 Perseo
1292 769 1444 818 legati
1475 772 1644 809 venis-

214 846 320 877 sent
351 841 405 876 de
432 839 664 877 finiendo
696 853 796 877 cum
828 842 1061 879 Romanis
1092 841 1246 885 bello,
1278 846 1322 877 et
1353 840 1415 877 iis
1444 842 1644 891 pollici—

213 918 306 949 tum
350 912 720 960 deprecatorem
769 913 901 960 apud
952 919 1172 949 Senatum
1221 912 1451 951 futurum.
1537 915 1645 951 Nihil

215 990 283 1028 est,
319 983 423 1031 quod
452 983 651 1032 partieulae
683 990 726 1019 et
758 985 1003 1033 respondeat.
1083 982 1220 1020 Codex
1263 984 1381 1020 habet
1425 985 1555 1021 bello
1602 992 1645 1023 et

214 1055 268 1090 is.
333 1055 451 1091 Recte
482 1055 1035 1100 Forchhammerus:bello‚
1069 1055 1112 1095 ci
1149 1053 1333 1105 (Perseo)
1364 1067 1413 1095 se
1443 1056 1646 1104 pollici-

214 1131 308 1161 tum
321 1130 390 1164 cet.
438 1125 589 1161 Deinde
609 1126 752 1162 codex:
776 1131 825 1161 ut
847 1125 1027 1161 finiant
1057 1125 1130 1161 ira
1161 1137 1209 1161 se
1229 1125 1419 1174 (eddira
1435 1140 1482 1171 m,
1501 1127 1578 1176 se),
1596 1140 1644 1165 ex

217 1209 291 1244 quo
322 1196 442 1232 idem:
474 1203 523 1232 ut
559 1195 584 1232 f.
617 1196 729 1239 iras„
762 1209 820 1232 se.
929 1195 1007 1233 Sed
1037 1196 1195 1245 gravius
1227 1204 1410 1245 corrupta
1440 1204 1539 1241 sunt„
1562 1211 1648 1246 quae

215 1267 332 1315 paulo
363 1274 451 1316 post
484 1267 520 1315 (ξ
564 1268 652 1314 10),
684 1267 749 1303 ubi
787 1266 954 1303 refertur
988 1267 1230 1304 Rhodiorum
1261 1267 1477 1315 legatorum
1510 1269 1648 1315 oratio,

215 1337 408 1386 leguntur,
437 1338 491 1375 sic
521 1339 560 1374 in
592 1338 723 1375 codice
756 1338 918 1387 scripta:
965 1337 1184 1374 Tertium
1218 1349 1265 1373 se
1297 1350 1470 1374 annum
1498 1339 1649 1376 multa

219 1407 319 1444 eius
346 1408 648 1446 incommoda
681 1409 801 1446 belli
831 1410 1029 1446 sentire.
1092 1408 1219 1444 Mari
1249 1408 1648 1446 interimincluso

218 1479 433 1527 inopiam
467 1480 680 1517 insulam
714 1481 908 1529 inopem
941 1480 1055 1516 miss
1087 1490 1107 1511 ἦε
1146 1480 1332 1529 (spatium
1378 1491 1447 1515 sex
1477 1479 1558 1516 fere
1588 1481 1650 1517 lit-

216 1552 401 1597 terarum)
437 1551 618 1587 ritimis
649 1552 693 1588 iu
705 1564 825 1587 near
873 1552 974 1596 (tres
1006 1552 1064 1587 11ae
1094 1552 1229 1588 litterae
1261 1551 1375 1588 valde
1409 1551 1553 1598 dubiae)
1586 1565 1649 1589 co-

218 1621 350 1657 lendi
380 1622 548 1670 itaque.
583 1622 941 1659 commeatibus
973 1634 1071 1658 cum
1120 1623 1166 1658 id
1207 1623 1339 1658 ultra
1380 1621 1513 1669 parti
1557 1634 1650 1658 non

217 1700 441 1741 possent.
482 1694 687 1742 legatos
735 1693 864 1729 alios
910 1693 966 1729 ad
1001 1694 1184 1729 Persea
1229 1694 1277 1729 in
1309 1692 1648 1729 Macedoniam

218 1763 427 1807 misisse,
458 1772 530 1801 cet.
592 1766 716 1811 (Imus
749 1765 902 1813 paginae
936 1777 1070 1801 versus
1095 1764 1143 1799 ab
1174 1764 1367 1812 inopem
1400 1764 1447 1799 ad
1479 1764 1650 1800 iuuear

220 1833 274 1884 [?]
308 1836 447 1883 partim
479 1848 612 1872 erasus
645 1835 732 1882 est.)
794 1836 942 1871 Praeter
974 1837 1070 1873 alios
1103 1848 1253 1872 errores
1285 1835 1399 1871 etiam
1434 1835 1649 1883 transposi-

217 1905 359 1941 tionem
404 1919 542 1943 vocum
598 1906 783 1942 accidisse
827 1907 1026 1955 suspicor7
1075 1906 1381 1953 sententiamque
1422 1906 1536 1942 talem
1569 1905 1650 1942 fere

220 1976 353 2012 fuisso:
386 1977 604 2013 Tertium
637 1991 685 2013 se
717 1990 893 2013 annum
926 1978 1026 2014 eius
1057 1977 1364 2013 incommoda
1398 1976 1518 2012 belli
1549 1989 1649 2012 sen-

219 2047 309 2083 tire
342 2049 461 2084 mari
492 2049 786 2088 intercluso:
818 2049 1011 2097 inopem
1033 2047 1228 2098 [enim?]
1253 2047 1461 2084 insulam
1494 2047 1649 2084 colen-

219 2124 290 2154 tes
323 2119 588 2155 maritimis
622 2119 795 2155 vivere
829 2119 1200 2159 commeatibus:
1232 2119 1401 2166 itaque
1434 2131 1571 2166 quum
1604 2118 1649 2154 id

221 2189 351 2225 ultra
382 2190 484 2238 pati
515 2203 608 2226 non
640 2196 869 2239 possent.
905 2196 974 2228 cet.
1049 2190 1197 2227 Sterilis
1241 2189 1323 2238 agri
1372 2202 1495 2237 parva
1525 2189 1650 2225 insula

221 2260 380 2297 Rhodus
412 2261 631 2309 appellatur
662 2261 792 2303 XLV,
827 2262 890 2303 252
930 2263 988 2298 12.
1069 2260 1145 2297 Sed
1180 2262 1259 2297 haec
1290 2260 1495 2296 hariolatio
1527 2266 1593 2298 est.

339 2330 434 2379 Cap.
472 2333 537 2375 15,
577 2333 614 2366 1:
658 2329 889 2367 Claudius
920 2332 1041 2368 nihil
1074 2343 1356 2380 responsum
1391 2330 1648 2377 (Rhodiorum

222 2402 358 2450 legatis
390 2403 553 2450 superbe
587 2403 807 2438 Romanum
844 2408 1018 2439 senatum
1051 2403 1100 2439 ad
1131 2415 1265 2451 pacem
1298 2414 1383 2437 cum
1415 2401 1559 2437 Perseo
1591 2399 1650 2436 fa-

221 2472 394 2508 ciendam
442 2471 701 2517 hortantibus]
769 2479 944 2509 auctor
975 2479 1070 2514 cst2
1113 2478 1296 2509 tantum
1336 2476 1649 2507 senatuscon-

221 2542 402 2578 sultum
437 2543 714 2588 recitatum,
747 2555 839 2590 quo
872 2542 1025 2579 Caras
1051 2544 1290 2593 etLycios
1322 2542 1507 2578 liberos
1544 2552 1649 2576 esse

223 2614 309 2660 (nec
347 2626 483 2661 parere
516 2614 692 2660 Rhodiis)
741 2614 937 2650 iuberet
978 2614 1187 2662 populus
1218 2615 1482 2655 Romanus,
1514 2611 1649 2647 litte·
