1811 2925
795 116 873 152 609
1328 114 1402 145 Lib.
1434 113 1540 144 XLV.

131 239 362 283 tribunal,
392 245 627 275 summoto
658 237 839 282 aditus,
872 249 1040 285 praeco,
1074 249 1317 282 accensus,
1347 238 1542 275 insueta

131 310 288 348 omnia
318 309 475 346 oculis
506 309 818 357 auribusque,
848 308 925 344 vel
956 307 1133 348 socios,
1164 308 1332 345 nedum
1364 309 1540 353 hostes,

130 389 319 418 terrere
350 387 561 428 possent.
632 379 776 417 Sustuli
821 391 918 427 quae
961 386 1049 427 post
1091 378 1392 427 auribusque
1422 380 1540 428 gemi-

129 451 256 488 nando
303 458 440 489 ortum.
520 450 673 488 Retinui
717 456 868 494 autem,
931 449 1034 498 quod
1082 449 1329 497 Kreyssigius
1375 451 1540 498 primum

127 531 323 572 posuerat,
355 523 582 559 assentiente
616 520 817 565 Bekkero,
856 528 1092 557 summoto
1131 521 1292 556 aditus
1328 520 1541 570 (Grynaeus

128 600 399 629 summotor
428 593 610 637 aditus,
648 592 819 629 inaudito
850 591 1091 628 substantivo
1123 597 1160 627 et
1189 604 1312 640 prava
1342 593 1541 638 sententia,

129 664 311 713 quoniam
342 663 468 700 aditus
498 676 574 699 non
604 662 961 711 summovebatur);
1004 662 1165 699 ablativi
1190 663 1336 711 species
1370 663 1539 710 (aditu)

128 748 149 772 e
189 740 426 771 summoto
467 741 553 770 orta
594 741 660 772 est.
733 734 846 782 Quod
888 739 1025 783 postea
1055 733 1303 782 Kreyssigius
1340 734 1541 782 probavit:

128 805 347 842 tribunal
391 812 623 841 summoto
681 806 883 850 aditum,
941 804 1119 841 vitiosum
1166 811 1222 840 est
1269 805 1307 841 in
1350 804 1543 853 participii

127 885 318 926 tempore;
348 889 472 925 neque
503 876 614 921 enim,
646 877 748 925 quod
789 882 868 912 tum
900 876 1065 924 primum
1095 875 1280 912 videbant
1317 882 1353 911 et
1384 875 1543 912 adibant

129 948 317 992 tribunal,
357 948 537 984 aditum
577 948 650 983 dici
685 953 857 995 poterat3
904 954 939 983 et
969 947 1216 995 perturbatur
1247 946 1543 983 enumerationis

128 1019 345 1067 aequalitas3
378 1018 546 1054 tribunal
575 1031 643 1066 per
673 1029 725 1062 se,
755 1030 830 1053 non
862 1017 985 1053 minus
1017 1030 1131 1065 quam
1163 1030 1341 1066 praeco,
1379 1030 1542 1054 accen—

127 1102 227 1134 sus.v
258 1096 440 1141 terrorem
476 1089 683 1137 praebebat.
758 1088 868 1124 Infra.
898 1090 933 1135 (ξ
971 1092 1022 1135 6),
1065 1089 1131 1124 ubi
1162 1090 1209 1125 de
1239 1088 1427 1125 divisione
1458 1089 1542 1125 Ma-

126 1161 294 1198 cedoniae
323 1161 362 1196 in
393 1167 576 1208 quattuor
598 1169 727 1208 partes
750 1159 887 1207 agitur,
917 1159 955 1195 in
983 1160 1116 1208 primae
1137 1160 1256 1208 partis
1276 1159 1544 1208 descriptione,

130 1231 455 1280 quemadmodum
507 1238 641 1267 trans
682 1231 910 1275 Nessum,
955 1231 1010 1266 ad
1053 1231 1292 1267 orientem
1335 1243 1543 1273 versum,

126 1303 181 1339 sic
210 1310 312 1339 recte
343 1303 480 1339 dicitur
510 1302 643 1338 etiam:
679 1307 817 1337 trans
854 1302 1171 1350 Strymonem,
1200 1302 1456 1350 vergentia
1486 1301 1542 1337 ad

127 1385 372 1417 oceasum,
416 1372 698 1421 praepositionis
738 1384 809 1408 usu
839 1373 962 1408 relato
994 1372 1043 1408 ad
1074 1373 1353 1421 praecedentem
1384 1373 1543 1409 mentio-

128 1457 214 1480 nem
245 1444 412 1492 regionis
454 1443 552 1479 inter
583 1442 826 1492 Strymonem
857 1450 894 1479 et
922 1443 1091 1479 Nessum
1123 1442 1259 1487 sitam,
1306 1456 1389 1491 quae
1431 1450 1545 1492 caput

127 1514 240 1551 huius
288 1514 420 1563 primae
465 1514 584 1563 partis
631 1519 724 1550 erat.
814 1513 889 1551 Sed
942 1514 979 1550 in
1023 1513 1153 1550 codice
1193 1526 1287 1550 non:
1331 1515 1545 1558 Abdera,

129 1590 268 1621 trans
316 1584 622 1633 Strymonem
678 1590 833 1622 autem
879 1585 1077 1629 scribitur,
1127 1585 1213 1621 sed:
1260 1584 1545 1621 Abderatis-

130 1662 398 1704 trymonem
430 1663 611 1697 autem,
642 1657 679 1692 in
712 1669 787 1704 quo
818 1656 946 1705 potius
991 1657 1056 1693 cis
1089 1656 1397 1705 Strymonem
1428 1655 1547 1691 latere

131 1725 299 1768 videtui-3
346 1734 381 1762 et
420 1727 543 1774 potuit
576 1727 708 1763 Livius
745 1727 799 1763 sic
836 1727 1028 1772 scribere,
1070 1727 1195 1763 minus
1235 1726 1390 1763 omnino
1435 1738 1546 1762 accu-

131 1803 226 1840 rate,
258 1796 490 1844 cogitatione
521 1798 570 1834 ad
603 1798 756 1834 Italiam
789 1797 1059 1846 Graeciamque
1089 1795 1291 1843 reflexa.¹)

244 1865 340 1915 Cap.
374 1870 449 1912 30,
500 1871 514 1904 1
551 1868 775 1918 exponitur,
821 1869 1145 1917 quemadmodum
1176 1869 1434 1905 Macedonum
1466 1866 1547 1902 ani-

133 1950 216 1974 mos
263 1937 462 1974 affecerint
503 1939 656 1975 decreta
697 1941 979 1984 Romanorum3
1023 1939 1056 1975 is
1103 1939 1211 1976 locus
1253 1939 1292 1975 in
1334 1938 1466 1975 codice
1495 1937 1549 1973 sic

133 2009 300 2057 scriptus
337 2016 411 2045 est:
453 2010 687 2046 Libertas
727 2016 902 2058 praeter
943 2022 1025 2058 spe
1056 2010 1110 2059 (id
1142 2016 1209 2053 est,
1253 2008 1406 2058 spem)
1438 2009 1549 2044 data

134 2079 192 2115 ad
221 2092 304 2115 rex
348 2086 418 2116 est
461 2079 690 2129 (adrexit)
732 2086 775 2116 et
815 2079 1027 2117 levatum
1060 2093 1272 2117 annuum
1314 2079 1549 2128 vectiga13

136 2149 433 2197 regionatim
484 2151 661 2188 meseio
712 2151 1013 2199 interruptis
1057 2151 1283 2188 advideri
1326 2150 1550 2186 lacerata

135 2226 370 2267 tanquam
413 2222 649 2258 animalia
693 2223 738 2258 in
779 2229 914 2258 artus
958 2222 1164 2259 alteram
1197 2221 1399 2257 alterius
1428 2219 1549 2256 indi-

137 2290 291 2326 centis
335 2290 591 2330 distracto.
670 2293 771 2329 Tum
814 2299 942 2329 autem
981 2293 1162 2329 librarius
1202 2292 1400 2341 aliquanto
1437 2289 1550 2335 infra,

138 2364 156 2404 ς’
191 2362 227 2405 6,
256 2360 424 2409 quinque
449 2362 569 2398 verba
598 2363 709 2399 huius
740 2363 814 2400 loci
846 2364 983 2400 iterum
1015 2363 1168 2412 scripsit
1197 2362 1447 2407 emendat-ius,
1477 2362 1551 2397 hoe

168 2525 200 2568 ι)
238 2529 256 2569 g
285 2531 300 2560 7
330 2531 521 2561 necessario
549 2539 622 2561 cum
649 2530 934 2562 Drakenborchio
961 2530 1193 2562 scribendum:
1228 2539 1350 2570 quam
1379 2529 1428 2560 ab
1456 2535 1552 2559 ortu

233 2590 407 2631 Strymo
440 2593 788 2634 amplecteretur
832 2592 968 2623 amnis
993 2615 1000 2622 .
1029 2615 1037 2622 .
1065 2615 1091 2629 .,
1126 2591 1178 2622 ab
1212 2600 1371 2623 occasu
1410 2589 1552 2621 Axius

233 2653 499 2685 terminaret
523 2653 689 2685 fluvius
724 2653 815 2694 (cod.
842 2660 875 2684 et
904 2654 980 2686 edd.
1007 2651 1058 2683 ab
1089 2661 1248 2683 occasu
1274 2662 1354 2692 qua
1379 2651 1551 2690 Axius).

177 2722 544 2748 uADV1G11E2-mnn.t.u.
1243 2717 1285 2746 39
