1811 2925
269 147 346 179 Lib.
359 148 494 180 XXVI.
900 153 921 188 3
932 154 943 188 ι
955 154 977 188 0

225 271 294 316 cie,
325 271 432 307 cuius
467 271 695 320 significat-io
726 273 763 309 in
795 272 859 309 illo
891 273 977 322 ipso
1010 275 1164 311 nomine
1193 275 1296 311 latet.
1355 276 1507 325 Neque,
1539 279 1646 326 quic*-

226 341 316 389 quid
346 348 524 387 tentatur,
556 349 881 380 accusatores
914 344 1107 381 excidio
1143 346 1341 393 (tanquam
1382 350 1468 392 reo)
1501 348 1644 385 addu-

225 412 264 448 ci
299 419 402 448 recte
432 412 628 457 dicuntur,
659 413 799 450 nedum
833 414 983 451 excidio
1015 427 1060 451 ac
1091 415 1205 460 viris,
1236 428 1358 463 neque
1388 417 1441 453 illi
1470 418 1643 455 homines

224 481 414 518 excidium
446 482 662 518 accusaturi
694 491 823 529 erant,
856 484 923 520 sed
957 484 1047 522 victi
1079 485 1268 522 victorum
1298 486 1497 526 saevitiam.
1556 489 1650 526 Hoc

223 551 357 589 vitium
387 552 584 588 sententiae
613 554 876 591 removebitur
905 555 1059 592 sublata
1091 555 1282 604 particula
1312 569 1384 602 ac,
1428 570 1512 605 quae
1542 571 1590 594 ex
1621 572 1643 598 o

223 621 281 671 (a)
312 629 349 658 et
382 636 401 662 c
430 622 634 670 geminatis
677 632 764 660 orta
795 631 862 663 est.
939 625 1192 663 Scribendum
1223 632 1280 662 cst
1308 626 1408 663 euim
1440 627 1510 663 ita:
1543 629 1650 665 Hac

224 692 551 729 circumfusus
611 693 950 740 multitudine,
1013 696 1155 732 simul
1210 695 1389 731 Siculis
1449 698 1642 735 obviam

223 763 435 812 egressis
465 764 758 813 secutisque,
789 767 986 805 ferinam
1020 766 1227 815 praebuit
1258 766 1642 805 clarissimarum

224 834 411 870 urbium
443 835 635 871 excidio
666 836 1008 873 celeberrimis
1047 837 1173 873 viris
1213 837 1371 873 victos
1402 836 1538 873 bello
1570 850 1647 874 ac·

223 910 479 941 cusatores
510 905 555 941 in
587 906 748 942 urbem
782 907 1078 944 adducentis
1119 907 1210 951 (hoc
1245 912 1321 951 est,
1361 907 1526 955 speciem
1557 921 1641 944 eam

224 974 411 1023 praebuit,
444 976 553 1023 quasi
598 977 691 1013 viris
722 976 867 1026 Capuae
897 984 934 1014 et
967 978 1247 1027 Syracusarum
1281 977 1430 1014 excidio
1462 978 1644 1015 nobilita-

222 1044 269 1080 tis
299 1045 422 1081 victos
455 1046 555 1082 bello
586 1054 831 1083 accusatores
862 1048 1098 1095 adduceret).
1155 1047 1414 1092 Adiectivum,
1453 1049 1556 1096 quod
1587 1054 1643 1085 est

223 1115 584 1161 celeberrimus,
615 1130 708 1154 sane
731 1118 877 1166 primus
895 1118 1028 1154 Livius
1046 1131 1094 1154 ex
1116 1118 1173 1163 iis,
1205 1130 1368 1165 quorum
1399 1118 1542 1167 scripta
1574 1132 1645 1155 ex-

223 1192 340 1231 stant,
372 1193 409 1223 et
438 1187 511 1223 hoe
531 1199 605 1222 uno
627 1187 713 1223 loco
732 1188 779 1224 de
795 1188 950 1224 homine
966 1188 1107 1236 posuit,
1129 1200 1198 1223 nec
1214 1193 1341 1223 tamen
1363 1188 1550 1233 absolute,
1573 1190 1643 1225 sed

222 1257 354 1293 addito
389 1257 468 1293 eius
500 1257 580 1301 rei,
624 1258 674 1294 ob
718 1271 834 1305 quam
868 1257 953 1305 quis
984 1257 1220 1301 celebretur,
1269 1257 1435 1293 nomine.
1511 1258 1642 1296 Secuti

224 1333 311 1362 sunt
340 1327 514 1373 Tacitus,
545 1326 712 1374 Curtius,
744 1328 820 1364 alii.
934 1327 1093 1364 Addam
1125 1327 1310 1373 breviter,
1350 1328 1530 1364 Latinum
1564 1342 1644 1365 non¹

223 1409 318 1441 esse,
350 1398 452 1445 quod
483 1410 602 1447 supra
630 1399 667 1435 in
700 1400 773 1435 hoc
807 1397 934 1446 capite
965 1398 999 1443 (ξ
1034 1397 1073 1445 7)
1105 1398 1245 1434 editur:
1294 1398 1393 1446 qui,
1442 1411 1639 1446 quorum

223 1480 371 1516 opera
402 1469 451 1504 id
478 1468 748 1506 conflatum
779 1468 1083 1513 incendium,
1114 1468 1464 1517 profiteretur,
1496 1469 1644 1506 omisso«

223 1546 354 1574 esset
396 1538 434 1574 in
481 1539 784 1588 interrogatione
828 1539 1023 1588 pendenti.
1115 1539 1352 1576 Exciderunt
1390 1539 1427 1575 in
1454 1541 1488 1576 P
1519 1540 1641 1576 multa

223 1608 300 1644 alia
329 1622 406 1645 non
439 1609 562 1657 magis
594 1610 783 1646 eminente
814 1606 988 1658 causa.¹)

333 1678 429 1727 Cap.
461 1680 539 1726 29,
588 1682 634 1717 3:
687 1680 1032 1717 Circumibant
1074 1679 1209 1727 (Siculi
1251 1679 1385 1728 legati)
1417 1686 1638 1716 senatum

222 1761 323 1785 cum
353 1756 488 1786 veste
519 1751 747 1795 sordida,
786 1750 1112 1787 adfirmantes
1142 1762 1310 1786 senon
1341 1749 1477 1786 modo
1508 1761 1642 1785 suain

245 1941 276 1980 ¹)
308 1943 360 1975 Ne
385 1944 469 1974 illud
500 1944 636 1983 quidem
663 1945 736 1975 sine
767 1943 958 1984 suspicione
985 1943 1180 1983 legendum,
1224 1945 1314 1983 quod
1341 1944 1376 1974 in
1404 1944 1422 1981 ξ
1454 1946 1491 1974 12
1520 1943 1640 1974 scribi-

316 2011 387 2036 tur:
434 2006 537 2036 ideo
576 2015 620 2036 se
657 2005 889 2036 moenibus
924 2005 1122 2036 inclusos
1153 2010 1305 2035 tenere
1333 2015 1422 2043 eos,
1456 2005 1576 2045 quia,
1604 2005 1637 2035 si

315 2067 388 2108 qui
416 2067 673 2098 evasissent
703 2067 882 2106 aliqua,
910 2067 1033 2098 velut
1058 2066 1174 2097 feras
1201 2067 1367 2097 bestias
1403 2076 1477 2108 per
1510 2076 1638 2106 agros

314 2129 462 2168 vagari
498 2134 583 2166 cct.,
611 2128 741 2159 infinita
768 2128 934 2159 sententia
976 2128 1131 2159 subiecta
1157 2128 1332 2168 particulae
1359 2128 1498 2165 causali,
1544 2128 1638 2158 cuius

315 2190 448 2228 generis
466 2190 596 2220 nullum
623 2190 744 2230 opinor
768 2195 890 2230 praeter
913 2189 979 2220 hoc
1005 2189 1097 2230 apud
1123 2190 1232 2220 bonos
1249 2191 1429 2230 scriptores
1443 2189 1635 2229 exemplum

315 2260 409 2289 esse;
442 2251 528 2282 alius
567 2251 655 2282 enim
683 2252 818 2291 generis
853 2257 905 2281 est
933 2250 1064 2281 infinita
1089 2250 1196 2282 forma
1232 2256 1362 2281 retenta
1393 2251 1428 2280 in
1463 2250 1637 2281 sententiis

315 2321 435 2353 reapse
460 2322 503 2342 ex
530 2321 626 2351 aequo
652 2312 772 2354 positis
800 2312 1171 2353 (quemadmodum
1200 2337 1209 2346 .
1237 2335 1245 2342 .
1273 2313 1351 2350 ita3
1388 2312 1423 2342 si
1455 2321 1536 2342 non
1571 2334 1579 2341 .
1608 2335 1641 2349 ,7

313 2377 355 2402 at
379 2373 548 2412 tamen),
574 2374 682 2415 ipsum
711 2374 814 2404 ctiam
839 2373 923 2403 illud
950 2372 1030 2411 (IV,
1052 2373 1128 2413 51):
1172 2382 1296 2413 quum
1332 2373 1510 2404 interim
1553 2373 1641 2413 (hoc

315 2439 384 2464 cst:
411 2439 452 2464 ct
477 2434 672 2475 interim)
699 2458 727 2465 ..
755 2435 961 2466 exerceri.
1016 2435 1156 2473 Vereor,
1184 2444 1226 2465 nc
1254 2435 1353 2475 quia
1380 2435 1490 2465 aliena
1516 2444 1639 2465 manus

315 2495 482 2526 addiderit
508 2500 644 2536 propter
669 2496 790 2534 ideo,
823 2497 915 2536 quod
946 2497 989 2527 ad
1017 2497 1190 2538 superiora
1215 2503 1292 2536 apte
1319 2494 1434 2526 referri
1458 2501 1590 2536 potest,
1617 2505 1636 2525 a

314 2555 480 2596 Livioque
515 2556 674 2596 scriptum
709 2556 829 2589 fuerit:
860 2558 957 2588 idco
996 2568 1039 2589 se
1067 2568 1108 2588 m.
1144 2557 1342 2588 inclusos
1372 2564 1520 2588 tenere
1547 2566 1636 2594 eos3

314 2617 446 2656 siqui
475 2618 728 2649 evasissent
756 2620 928 2660 aliqua,
955 2642 963 2649 .
991 2642 999 2649 .
1032 2645 1036 2650 .
1064 2642 1070 2648 .
1099 2617 1255 2656 vagari
1284 2624 1345 2650 cet.
1420 2617 1549 2649 Saltem
1575 2628 1640 2649 110>

312 2679 453 2709 tandum
479 2678 591 2709 locum
618 2679 743 2719 putavi.
