1811 2925
214 135 290 167 Lib.
310 135 404 166 XLI.
884 136 962 172 502

213 274 276 297 am
307 260 433 304 Pisae,
476 257 660 307 Ligures,
703 258 837 296 Gallia
867 260 1057 309 contiguae
1091 268 1225 304 erant„
1257 268 1294 298 et
1324 262 1508 298 exercitui
1537 262 1639 299 diem

214 333 263 369 ad
295 330 596 369 conveniendum
632 330 748 367 Pisas
779 331 955 367 edixerat
985 333 1023 379 (ξ
1054 333 1097 369 8:
1136 333 1299 369 eodem
1331 333 1490 380 Pisas)
1524 339 1561 370 et
1591 332 1635 372 C.

215 401 418 440 Claudium
449 401 540 446 iam,
572 407 707 437 senatu
738 402 905 447 iubente,
937 403 974 450 (ξ
993 401 1033 451 9)
1075 402 1113 438 in
1144 403 1308 452 Ligures
1341 405 1556 453 ingressum
1588 405 1637 441 ad

214 487 255 511 se
284 474 324 510 in
355 473 528 511 Galliam
557 478 674 509 vocat
705 472 753 522 (c.
790 474 852 517 18,
888 476 943 517 5).
1006 473 1201 521 Quoniam
1234 475 1352 524 igitur
1398 479 1416 521 ξ
1451 478 1472 513 6
1503 476 1542 512 in
1573 488 1641 513 co-

214 545 298 582 diee
328 545 511 593 scriptum
543 551 616 580 est:
645 544 761 580 iiset
790 545 884 581 iam
916 544 994 581 diu
1026 546 1229 594 cupidus
1259 547 1528 596 provinciae
1550 555 1639 585 cet..

214 616 490 653 restituendum
523 621 600 659 est,
645 615 767 652 altero
806 617 818 655 i
850 615 888 652 in
933 630 955 668 p
987 623 1153 653 mutato:
1196 619 1300 670 lpse
1350 618 1415 665 (Q.
1454 619 1640 656 Petilius.

215 687 280 736 qui
310 687 511 724 Laevinum
542 686 728 735 collegam
761 687 953 737 creavit),
996 688 1092 724 iam
1124 685 1203 725 diu
1240 689 1445 738 cupidus
1476 703 1637 738 prov.⁹

213 764 285 795 cet.

327 828 421 878 Cap.
460 829 527 874 18,
564 832 602 865 1:
651 831 832 867 Hostes
882 832 1090 880 (Ligures)
1286 831 1406 867 duos
1438 838 1639 877 montes,

218 902 381 938 Letum
422 908 466 938 et
510 900 771 937 Ballistam
805 902 875 950 (sie
914 903 972 939 bis
1004 901 1107 952 cod.)
1139 909 1372 951 ceperunt
1402 915 1642 951 muroque

214 972 320 1023 (cod.
359 970 636 1021 murosque)
682 973 882 1022 insuper
929 973 1154 1022 amplexi.
1240 974 1327 1010 Hoc
1375 973 1526 1022 quidem
1566 986 1642 1022 pro-

215 1044 428 1093 amplexi
458 1049 570 1080 sunt
600 1043 722 1092 accipi
752 1057 829 1080 non
859 1058 974 1094 posse
1001 1050 1259 1093 (ceperunt
1289 1057 1519 1093 muroque
1550 1058 1639 1081 am-

214 1116 390 1165 plexi),
432 1115 493 1151 vel
523 1114 867 1152 Drakenborchius
903 1116 1021 1152 sensit
1052 1116 1144 1162 (vid.
1177 1117 1225 1152 ad
1259 1117 1387 1160 XXI,
1420 1118 1496 1160 25,
1530 1118 1551 1151 ἓ)
1600 1129 1638 1165 p.

216 1188 330 1231 214).
401 1186 541 1233 Itaque
584 1193 650 1222 aut
694 1200 826 1223 muro
861 1187 1063 1236 insuper
1094 1194 1161 1223 aut
1191 1200 1321 1224 muro
1355 1185 1637 1236 [fossa]que

216 1258 414 1306 insuper
444 1258 687 1293 scribendum
719 1256 831 1305 estl).

328 1327 424 1377 Cap.
462 1330 533 1371 19ἢ
580 1331 609 1365 1.
691 1329 846 1366 Initium
900 1329 1035 1378 capitis
1077 1330 1130 1366 sic
1174 1328 1522 1377 interpungendum
1563 1336 1641 1365 est:

215 1398 294 1435 Cis
344 1399 650 1447 Apenninum
702 1400 877 1437 Garuli
929 1410 973 1436 et
1016 1400 1240 1449 Lapicini
1290 1407 1335 1436 et
1373 1401 1637 1438 HercateS-

216 1477 351 1507 trans
389 1471 701 1519 Apenninum
735 1472 989 1508 Briniates
1035 1471 1232 1509 fuerant
1261 1472 1391 1507 intra
1433 1471 1503 1519 (sic
1537 1478 1645 1508 recte

215 1540 328 1582 CreV.
360 1555 431 1591 pro
462 1542 606 1587 inter)
653 1544 902 1581 Audenam
950 1556 1142 1579 amnem.
1205 1544 1317 1587 (Haee
1356 1543 1546 1592 pertinent
1592 1544 1641 1579 ad

214 1613 379 1662 populos
430 1626 453 1649 a
493 1614 643 1663 Lepido
691 1616 873 1651 subactos
919 1621 956 1650 et
997 1614 1034 1650 in
1066 1615 1162 1651 alias
1193 1614 1303 1650 sedes
1334 1614 1549 1661 deductos)
1592 1614 1638 1650 P.

216 1684 404 1721 Mucius
436 1698 536 1721 cum
588 1685 667 1731 iis,
717 1685 797 1734 qui
830 1686 1010 1722 Lunam
1052 1685 1296 1733 Pisasque
1346 1683 1640 1732 depopulati

214 1761 367 1800 erant,
395 1757 554 1804 gessit
586 1757 776 1793 bellum.
838 1758 1026 1793 Perverse
1054 1757 1162 1793 initio
1194 1762 1402 1805 poneretur
1423 1755 1529 1792 locus
1551 1754 1639 1791 belli

214 1826 310 1875 gesti
344 1826 517 1875 mireque
549 1828 689 1864 bellum
720 1828 822 1864 intra
851 1829 992 1865 flumen
1024 1836 1102 1870 aut,
1133 1828 1164 1864 si
1196 1828 1280 1876 quis
1316 1826 1477 1864 alterum
1500 1838 1641 1862 nomen

214 1897 401 1933 excidisse
432 1899 604 1948 fingeret,
635 1899 734 1935 inter
779 1900 919 1935 flumen
971 1899 1165 1948 aliumque
1218 1899 1343 1935 locum
1389 1904 1538 1945 gestum
1581 1897 1640 1932 di·-

213 1975 373 2005 ceretur.

238 2135 265 2179 ¹)
303 2139 363 2176 Ea,
391 2149 465 2180 quae
491 2140 510 2180 ξ
537 2144 556 2170 8
585 2140 624 2170 dc
651 2140 732 2170 vitio
759 2140 792 2170 in
819 2140 996 2170 sortitione
1024 2139 1114 2170 sau-to
1142 2139 1340 2176 traduntur,
1378 2147 1418 2168 eo
1445 2136 1636 2168 difficiliora

307 2206 385 2232 sunt
410 2202 451 2231 ad
480 2203 737 2241 corrigendum,
768 2202 858 2242 quod
886 2207 919 2232 et
945 2211 997 2232 res
1024 2202 1200 2241 ignoratur
1227 2207 1259 2230 et
1286 2200 1443 2230 librarius
1474 2208 1542 2229 nou
1567 2208 1637 2229 uno

306 2264 407 2293 modo
435 2263 613 2293 aberrasse
638 2262 781 2293 videtur.
832 2263 959 2294 Forma
985 2263 1052 2293 loci
1079 2263 1149 2294 haec
1172 2262 1275 2293 fuisse
1289 2262 1437 2292 videtur:
1464 2261 1504 2291 id
1529 2260 1634 2290 vitii

307 2325 417 2364 (viti)
438 2324 600 2355 factum
627 2331 785 2366 postea
811 2336 1001 2366 augures
1027 2326 1360 2366 responderunt,
1380 2323 1493 2363 quod
1513 2328 1635 2353 sorte

307 2388 346 2417 in
383 2387 533 2418 sitella
576 2387 616 2417 in
657 2386 865 2427 templum
912 2387 1046 2418 illata
1085 2387 1196 2418 soris
1238 2388 1325 2427 ipse
1366 2384 1637 2427 [mansisset,

306 2459 429 2488 quum
458 2449 667 2490 templum
694 2447 873 2489 ingredi
901 2453 941 2477 et
968 2447 1117 2491 ipsum]
1147 2452 1386 2489 oporteret.
1440 2446 1496 2477 Ad
1523 2445 1634 2477 soris

305 2511 443 2541 aliunde
466 2511 619 2542 additum
646 2517 728 2552 puto
754 2516 881 2541 extra
917 2511 1133 2551 templum.
1193 2510 1315 2540 Vitio
1343 2514 1476 2539 creatur
1502 2507 1635 2547 consul,

305 2573 363 2603 sed
388 2573 422 2603 in
447 2573 596 2604 creando
622 2573 759 2604 consule
786 2572 959 2609 vitium,
1000 2572 1079 2603 hoc
1105 2578 1163 2603 aut
1188 2572 1297 2602 illud
1326 2570 1424 2600 vitii
1458 2569 1528 2600 fit.
1578 2569 1634 2599 Ex

306 2634 443 2665 Manli
478 2633 606 2665 factum
644 2641 693 2665 est
721 2634 885 2665 Manlio
914 2634 947 2664 in
975 2635 1090 2666 codice
1118 2645 1144 2664 c.
1178 2638 1238 2666 10.
1268 2635 1285 2663 6
1322 2631 1479 2673 (sugam
1513 2642 1529 2663 e
1564 2641 1634 2662 ca-

305 2696 408 2727 stris
435 2696 628 2731 Manlio).
