1811 2925
879 137 921 170 71
1401 132 1475 163 Lib.
1504 132 1566 162 111.

307 258 403 307 Cap.
425 262 460 298 5,
483 260 524 295 8:
558 258 616 294 Ni
647 258 696 295 T.
732 257 988 304 Quinctius
1020 257 1294 305 peregrinis
1326 255 1482 304 copiis
1517 268 1614 291 eum

195 330 370 366 Latino
395 329 704 376 Hernicoque
736 328 953 364 exercitu
985 327 1310 364 subvenisset.
1364 327 1409 362 In
1433 327 1506 362 hac
1529 339 1615 362 ora·

194 400 308 436 tionis
332 399 470 443 forma-1
501 399 602 447 quod
625 399 700 435 iam
722 398 1074 439 Drakenborchius,
1105 398 1221 433 homo
1244 397 1400 433 minime
1423 396 1615 444 suspicax,

194 470 307 514 vidit,
352 469 464 506 nullis
508 468 694 504 machinis
729 469 826 505 effici
867 476 1011 517 potest.
1056 481 1102 504 ne
1144 467 1419 516 peregrinis
1462 466 1616 516 copiis

195 541 349 577 dativus
381 540 446 576 sit.
479 540 617 587 quibus
649 540 833 576 auxilium
865 540 985 576 latum
1017 540 1084 584 sit,
1125 538 1310 574 indicans.
1387 537 1509 585 Atqui
1539 538 1616 573 Ro-

195 611 319 647 manis
349 610 560 660 peregrinae
604 611 724 659 copiae
756 611 876 659 (quod
919 618 1103 658 tanquam
1143 609 1250 645 tristc
1290 621 1334 644 ac
1367 607 1617 644 memorabile

194 682 322 718 verbis
355 681 486 718 Livius
517 681 673 730 signat).
709 683 866 719 Latinus
899 681 1165 727 Hel-uictisque
1197 679 1398 722 exercitu&
1429 679 1617 714 subvene-

192 760 293 789 runt.
352 752 583 789 Tollendum
615 753 730 801 igitur
761 761 816 789 est
848 767 966 794 cum,
998 751 1100 799 quod
1133 749 1300 786 oscitans
1340 748 1477 796 aliquis
1509 748 1614 784 addi-

195 823 260 859 dit.
327 824 428 859 Nam
463 824 565 870 quod
597 820 868 860 Alschefskius
903 822 1146 871 appositione
1177 820 1269 856 illud
1314 826 1402 855 ante
1432 819 1616 867 praeposi-

194 893 337 929 tionem
370 893 541 929 additum
572 902 701 943 putatq
735 894 924 930 somnium
957 900 1011 928 est
1045 891 1177 939 (quasi
1207 891 1332 926 dicas:
1375 890 1616 938 imperitis

194 964 467 1000 hominibus
499 964 552 1001 de
583 964 901 1001 Alschefskio
945 971 986 999 et
1029 961 1309 1003 similibus);
1350 961 1521 1008 sequitur
1559 967 1616 996 ta-

194 1047 280 1070 men
311 1034 670 1078 Weissenbornius,
719 1035 913 1084 adscripto
956 1035 1070 1071 etiam
1113 1046 1133 1069 6
1176 1033 1275 1069 111110
1307 1031 1515 1075 XXXIX]
1556 1032 1617 1067 12:

194 1103 590 1141 Bacchanalibus
621 1104 666 1140 in
705 1117 844 1142 sacro
874 1114 1131 1149 nocturum
1174 1111 1326 1153 poterat
1365 1102 1500 1138 eodem
1535 1103 1617 1138 iure

195 1188 440 1223 comparare:
466 1175 681 1211 Tarenti.
712 1175 758 1211 in
793 1176 911 1212 urbe
940 1175 1197 1224 locupleti;
1229 1174 1617 1210 natnssacchana-

195 1247 323 1283 libus
357 1247 437 1282 sine
472 1246 742 1294 praepositione
772 1247 809 1282 in
840 1254 1013 1295 tempore
1042 1245 1248 1282 indicando
1280 1243 1447 1294 ponitur.

307 1316 402 1366 Cap.
442 1319 502 1361 18,
541 1320 576 1352 l:
627 1317 804 1353 Eadem
854 1325 994 1353 nocte
1032 1324 1074 1352 et
1114 1315 1371 1352 Tusculum
1414 1315 1466 1349 de
1509 1327 1618 1349 arce

195 1396 339 1437 capta
368 1411 413 1413 —-
448 1388 604 1424 nuntii
636 1388 849 1425 veniunt.
910 1387 1017 1424 Nihil
1051 1387 1181 1423 Livius
1213 1398 1281 1421 nec
1313 1393 1401 1421 ante
1431 1398 1499 1420 nec
1530 1392 1617 1433 post

196 1458 285 1494 dicit
316 1458 362 1494 (16
403 1458 537 1494 iisdem
581 1458 722 1494 nuntiis
763 1459 838 1494 alio
868 1458 1044 1506 perlatis.
1093 1470 1168 1505 quo
1217 1464 1258 1493 et
1303 1456 1438 1492 referri
1481 1456 1615 1504 possit.

196 1528 333 1566 Ortum
370 1529 408 1564 id
440 1536 495 1565 cst
527 1542 574 1565 ex
604 1529 864 1577 geminatione
895 1529 1029 1564 litterae
1058 1527 1307 1577 praecedentis
1343 1534 1378 1562 et
1413 1527 1618 1574 sequentis,

197 1600 521 1648 quemadmodum
563 1600 643 1636 IV.
685 1601 725 1641 Si
772 1603 791 1636 4
833 1613 904 1648 pro
963 1599 1292 1646 custodiaeque
1341 1597 1616 1633 tabularum

195 1671 378 1719 scriptum
410 1684 530 1720 prave
561 1683 644 1706 esse
683 1671 1014 1718 custodiaeque
1057 1677 1099 1705 et
1146 1669 1442 1712 tabularum,
1493 1668 1617 1704 Weis-

195 1743 421 1778 senbornius
464 1742 578 1787 vidit,
629 1754 744 1789 quam
785 1741 866 1790 ipse
905 1741 1164 1777 coniecturam
1209 1746 1296 1775 ante
1326 1739 1466 1775 multos
1497 1751 1618 1775 annos

197 1812 439 1848 adnotaram.
524 1813 699 1848 Eundem
739 1825 905 1848 errorem
947 1812 984 1847 111
1027 1812 1163 1847 iisdem
1206 1811 1340 1846 litteris
1372 1810 1615 1846 commissum

194 1883 327 1918 notavi
361 1883 449 1919 olim
486 1884 523 1919 111
555 1882 752 1919 Ciceronis
782 1883 966 1919 librorum
999 1883 1045 1918 de
1074 1884 1137 1918 fin.
1167 1882 1362 1918 codicibus
1392 1881 1617 1929 vulgaribus

195 1954 257 1998 IL
289 1955 364 1994 25,
397 1956 445 1990 84
483 1953 740 2002 (praeclare
784 1960 826 1988 et
867 1954 1091 2000 tuebere)
1135 1960 1170 1989 et
1208 1953 1246 1988 in
1277 1952 1449 1989 Suetonii
1481 1950 1615 1988 Claud.

195 2036 226 2060 c.
257 2026 304 2060 37
340 2026 562 2073 (utraque
595 2031 637 2060 et
677 2024 879 2072 tophina
917 2037 988 2072 pro
1020 2032 1229 2072 utraque
1260 2021 1491 2071 tophina).

308 2094 437 2144 *Cap.
474 2097 534 2131 19.
575 2099 636 2131 ll:
688 2098 751 2130 At
791 2095 910 2130 enim
948 2115 993 2120 -—
1041 2095 1194 2143 legem
1237 2107 1322 2129 vos
1364 2095 1451 2130 hoc
1495 2106 1616 2129 anno

195 2165 476 2213 perlaturos
516 2165 776 2202 dictitatis
853 2165 967 2200 Tum
1013 2165 1209 2201 hercule
1255 2165 1341 2201 illo
1385 2165 1478 2207 die„
1526 2177 1616 2212 quo

196 2247 283 2284 ego
315 2236 482 2272 consul
512 2248 608 2271 sum
641 2243 854 2271 creatus.
895 2235 1015 2271 male
1045 2242 1183 2283 gesta
1214 2236 1495 2284 respublica
1527 2243 1617 2271 est.

195 2305 332 2353 peius
363 2305 533 2351 multo,
565 2319 701 2354 quam
742 2318 878 2353 quum
910 2307 955 2344 P.
987 2306 1219 2342 Valerius
1251 2307 1419 2343 consul
1449 2307 1616 2355 periit,

195 2376 234 2411 si
276 2376 505 2412 tuleritis.
588 2377 832 2426 Ineptissime
871 2376 1044 2412 condicio
1083 2375 1273 2424 particula
1314 2383 1408 2414 tum
1447 2377 1618 2426 graviter

197 2455 234 2483 et
264 2447 432 2483 breviter
461 2449 738 2495 comprehensa
772 2455 807 2483 et
839 2460 924 2483 cum
956 2447 1268 2482 adversariorum
1300 2446 1411 2482 minis
1442 2459 1618 2482 connexa

197 2518 382 2566 repetitur
410 2517 447 2553 in
482 2517 555 2552 fine
586 2516 735 2565 periodi
773 2517 834 2562 (si
864 2517 1127 2564 tuleritis).,
1168 2517 1380 2565 praesertim
1423 2525 1509 2565 post
1549 2517 1616 2552 ad-

196 2589 367 2624 iunctam
388 2587 723 2636 amplificationem
751 2586 874 2622 illam:
905 2588 1041 2636 peius
1071 2587 1220 2623 multo
1256 2609 1304 2612 -—
1336 2587 1502 2635 periit.v
1533 2594 1616 2622 tan-

198 2670 312 2706 quam
343 2659 392 2694 ad
423 2671 508 2694 eam
539 2658 713 2694 condicio
742 2657 943 2706 pertineat.
1001 2659 1174 2694 Pravum
1206 2658 1320 2693 etiam
1351 2657 1511 2693 verbum
1533 2668 1618 2692 esse
