1811 2925
827 141 875 174 55
1366 135 1442 166 Lib.
1468 135 1514 165 ΙΙ.

147 271 185 301 et
217 264 308 300 alibi
342 264 595 312 depravatum
628 259 725 308 est¹)
757 268 791 298 et
822 262 883 298 hic
906 260 1097 301 facillime,
1129 259 1232 308 quod
1256 260 1340 295 duae
1359 266 1562 308 postremae

148 335 280 372 litterae
315 336 406 381 (ue)
444 340 602 383 propter
643 333 926 369 similitudinem
973 332 1160 381 proximae
1200 331 1306 367 vocis
1337 330 1375 379 (u
1391 330 1416 375 i)
1448 329 1561 365 inter-

147 407 317 443 ciderant
343 405 520 455 (deniq,
550 405 637 441 inde
667 405 865 451 dehinc).

759 627 856 674 Lib.
893 627 954 674 ΙΙ.

257 754 352 803 Cap.
388 756 420 792 1.
459 756 516 792 11.
578 754 653 791 Hic
683 754 789 791 locus
821 754 858 789 in
890 753 1078 795 omnibus,
1110 764 1271 799 quorum
1306 750 1423 786 ullum
1452 748 1562 784 mini-

144 839 249 862 mum
281 832 337 861 est
366 830 614 869 momentum„
645 825 839 862 codicibus
869 830 971 861 recte
1002 825 1055 860 sic
1085 823 1281 861 scribitur:
1314 820 1562 857 traditum—

147 909 234 945 que
264 896 373 932 inde
402 895 577 940 fertur,
618 896 740 932 utin
781 902 997 932 senatum
1028 899 1340 933 vocarentur,
1372 890 1451 939 qui
1480 903 1562 938 pa-

145 974 242 1004 tres
273 967 448 1014 quique
473 967 742 1015 conscripti
765 973 943 1010 essent;
975 965 1302 1013 conscriptos,
1330 961 1563 997 videlicet

145 1051 314 1074 novum
349 1043 578 1081 senatum,
618 1037 938 1086 appellabant
966 1035 1132 1073 lectos.
1208 1035 1414 1071 Postrema
1443 1033 1564 1068 verba

143 1108 302 1147 rectius.
351 1120 466 1155 quam
508 1107 546 1143 in
585 1108 813 1144 editionibus
852 1108 912 1152 fit„
955 1105 1194 1155 interpmmi,
1240 1110 1430 1141 commate
1476 1111 1562 1139 anto

143 1179 374 1216 videlieet
402 1178 541 1227 posito.
619 1178 819 1227 Significat
849 1178 1004 1223 Livius,
1036 1178 1100 1226 qui
1129 1178 1168 1213 in
1197 1177 1262 1213 illo
1293 1182 1447 1212 senatus
1491 1188 1563 1211 vo-

144 1251 256 1288 candi
278 1250 445 1286 carmine
477 1249 745 1298 conscripti
777 1249 1028 1297 appellentur,
1062 1248 1171 1284 initio
1193 1247 1311 1283 fuisse
1334 1247 1419 1283 illos
1445 1246 1563 1295 ipsos,

143 1334 240 1370 quos
267 1323 339 1358 hoc
370 1320 495 1369 capite
524 1321 698 1357 narravit
722 1334 745 1357 a
775 1321 908 1369 primis
940 1320 1159 1356 consulibus
1188 1319 1325 1357 lectos:
1357 1317 1394 1353 id
1424 1330 1563 1353 nomen

141 1405 212 1442 pro
243 1398 395 1442 patrum
425 1392 591 1435 nomine,
622 1393 725 1440 quod
756 1398 904 1428 veteres
932 1398 1129 1428 senatores
1159 1397 1344 1437 tanquam
1368 1389 1564 1425 honestius

144 1463 380 1512 aliquamdiu
411 1463 607 1512 proprium
640 1463 851 1508 servarint,
894 1464 946 1499 sic
975 1461 1197 1510 impositum
1230 1460 1339 1504 dicit,
1377 1466 1562 1507 tanquam

143 1548 267 1573 novus
299 1535 454 1583 quidam
485 1535 545 1570 hic
576 1542 731 1570 senatus
762 1540 861 1569 essct
893 1533 1162 1582 (videlicet,
1206 1532 1280 1567 hoc
1311 1537 1389 1575 est,
1421 1531 1562 1566 credo

145 1606 283 1654 quasi
313 1618 484 1642 novum
515 1605 762 1650 senatum).
822 1604 908 1640 Hac
939 1603 1126 1639 sententia
1151 1615 1226 1638 non
1250 1601 1453 1645 intellecta
1485 1601 1563 1636 edi-

144 1683 246 1713 tores
276 1677 364 1712 inde
401 1689 424 1711 a
462 1674 621 1722 Sigonio
652 1675 837 1723 plerique,
871 1675 974 1723 quod
1004 1674 1236 1710 videlicet
1266 1679 1400 1708 contra
1430 1684 1563 1707 verum

144 1754 389 1795 veteremque
419 1759 529 1782 usum
558 1745 739 1793 loquendi
776 1759 846 1794 pro
878 1747 998 1782 enim
1030 1743 1234 1794 (niimlich)
1264 1745 1301 1780 in
1332 1756 1450 1779 causa
1479 1743 1563 1778 red-

145 1819 270 1854 denda
316 1817 484 1866 positum
530 1823 779 1865 acceperant,
839 1830 1007 1853 errorem
1052 1817 1198 1853 librarii
1245 1815 1386 1852 codicis
1432 1814 1563 1851 infimi.

143 1889 260 1926 Voss.
298 1892 311 1926 1
349 1895 401 1937 (et
433 1888 649 1936 Sigoniani)
681 1887 799 1924 secuti
829 1888 875 1923 in
906 1888 1133 1924 addiderunt
1166 1888 1227 1935 (in
1257 1899 1358 1924 nov.
1391 1892 1447 1930 s.)‚
1478 1898 1563 1933 per-

143 1971 257 1996 versa
300 1959 505 2003 sententia;
555 1972 678 2007 neque
724 1959 821 1995 enim
866 1960 903 1995 in
947 1972 1089 1995 novum
1121 1965 1294 1995 senatum
1325 1957 1564 2005 legebantur,

143 2031 210 2067 sed
238 2030 275 2066 in
307 2043 411 2073 eum,
453 2030 517 2078 qui
552 2031 615 2066 diu
658 2030 796 2067 fuerat.
870 2030 951 2066 Alii
986 2041 1108 2077 nuper
1149 2028 1307 2077 gravius
1336 2028 1433 2076 lapsi
1465 2035 1563 2064 sunt.

255 2099 338 2148 Cap
388 2101 424 2145 2,
457 2102 478 2136 3
512 2100 631 2136 miror
662 2113 794 2137 omnes
836 2101 992 2137 tacitam
1023 2099 1310 2147 praetermisisse
1340 2100 1439 2135 hanc
1470 2112 1563 2135 sen-

143 2171 319 2207 tentiam:
351 2170 577 2207 Consulis
609 2171 834 2216 alterius,
866 2184 1002 2219 quum
1034 2170 1155 2206 nihil
1187 2169 1318 2205 aliud
1347 2168 1562 2206 offende-

144 2243 224 2287 rit,
254 2255 421 2278 nomen
450 2242 658 2278 invisum
701 2242 895 2278 civitati
928 2241 1033 2278 fuit.
1108 2240 1318 2277 Manifesta
1347 2241 1446 2276 euim
1478 2253 1564 2276 ser-

144 2313 268 2349 monis
306 2313 368 2349 lex
403 2312 678 2349 offenderet
722 2313 900 2361 requirit,
950 2314 1023 2349 hoc
1066 2320 1139 2349 est:
1194 2324 1426 2360 quamquam
1471 2310 1564 2346 nihil

144 2384 248 2420 aliud
280 2383 499 2420 offendebat
529 2384 590 2427 (de
622 2384 800 2420 universo
822 2384 976 2432 ingenio
1007 2391 1044 2420 et
1062 2384 1236 2428 habitu);
1265 2396 1354 2419 nam
1383 2383 1430 2418 de
1459 2382 1563 2418 nulla

170 2557 203 2602 ²)
242 2561 316 2592 Hoc
343 2562 414 2602 ipso
440 2561 528 2592 libro
557 2572 584 2592 c,
614 2565 651 2598 5,
687 2565 704 2591 6
737 2561 950 2592 scribendum
989 2567 1089 2602 puto:
1127 2561 1486 2599 sciscitandoque
1520 2569 1565 2589 co

241 2621 420 2667 denique
446 2624 663 2663 pervenit,
701 2629 745 2653 ut
771 2629 832 2653 cet.
898 2622 956 2654 Eo
990 2624 1151 2654 demum
1178 2633 1234 2660 ea,
1273 2631 1346 2662 quae
1373 2622 1426 2652 hic
1453 2621 1564 2661 requi—

239 2685 342 2722 ritur,
369 2684 613 2725 significatione
640 2688 690 2722 (ut
715 2686 775 2716 sit:
803 2691 1063 2725 postremum
1090 2685 1152 2725 eo)
1179 2685 1358 2717 barbarum
1385 2691 1443 2715 est.
