1811 2925
809 142 886 178 319
1290 140 1364 173 Lib.
1383 140 1530 172 Xxvn.

676 260 778 307 Lib.
811 260 1023 307 XXVII.

254 400 418 450 Cap..2,
465 403 486 437 6
532 409 569 437 et
621 415 629 437 t
686 401 757 446 (de
799 400 973 437 Marcelli
1004 406 1040 436 et
1071 400 1302 437 Hannibalis
1336 401 1385 437 ad
1415 402 1554 438 Numi-

145 480 312 508 stronem
334 472 524 520 proeliol:
558 472 631 508 Ab
653 472 773 508 hora
804 471 955 507 tertia
986 483 1122 518 quum
1146 471 1202 507 ad
1224 478 1412 508 noctem
1445 485 1555 521 pug-

143 554 246 578 nam
279 542 619 578 extendissent
652 541 890 589 fessaeque
921 541 1180 589 pugnando
1225 541 1390 590 primae
1422 543 1555 578 acies

142 617 306 647 essent
337 611 411 660 (ab
443 612 673 649 Romanis
717 612 873 660 prima
917 611 1046 659 legio
1091 617 1135 647 et
1176 612 1349 648 dextra
1379 612 1468 657 ala,
1498 614 1554 649 ab

145 681 418 718 Hannibale
459 683 571 729 ...),
611 682 689 718 diu
720 694 879 730 pugna
908 687 1082 717 neutro
1114 681 1357 718 inclinata
1393 684 1555 725 stetit;

144 751 304 799 primae
344 751 526 801 legioni
576 753 742 791 tertia.
788 752 968 788 dextrae
1015 752 1102 788 alae
1150 751 1353 788 sinistra
1406 753 1557 790 subiit

144 827 189 857 et
218 823 340 870 apud
374 823 538 859 hostes
583 823 763 871 integri
810 836 830 858 a
877 822 1024 859 fessis
1067 834 1273 871 pugnam
1305 835 1556 872 accepere;

145 905 311 929 novum
344 899 491 942 atque
522 899 668 929 atrox
706 893 943 941 proelium
975 905 1030 928 ex
1060 898 1151 928 tam
1183 893 1317 941 segni
1360 900 1556 942 repente

145 962 331 997 exarsit
379 964 658 999 recentibus
719 963 891 999 animis
947 963 1346 1011 corporibusque.
1439 965 1555 1001 Recte

145 1031 479 1069 Weissenbornius
510 1034 646 1078 sensit,
677 1033 821 1081 aliquid
853 1033 985 1069 deesse
1015 1033 1065 1068 ad
1094 1033 1353 1069 narrationem
1386 1034 1556 1070 vincien-

145 1101 252 1145 dam3
282 1102 446 1139 debebat
477 1103 612 1140 saltem
644 1103 736 1139 dici:
766 1110 862 1139 tum
893 1103 1053 1151 primae
1083 1103 1267 1151 legioni
1412 1111 1555 1152 atque

143 1185 313 1209 novum
339 1181 383 1209 et
413 1180 553 1210 atrox
585 1173 828 1222 proelium
860 1181 929 1210 cet.
990 1174 1067 1211 Sed
1098 1174 1200 1222 quod
1232 1179 1319 1210 ante
1350 1175 1426 1210 diu
1457 1175 1555 1211 inse-

144 1243 194 1278 rit
234 1243 310 1280 ubi
343 1244 438 1290 (ubi
480 1244 556 1280 diu
596 1244 771 1292 pugna)
816 1250 853 1280 et
878 1244 1077 1292 periodum
1108 1243 1207 1280 finiri
1247 1244 1329 1280 vult
1361 1245 1399 1281 in
1427 1258 1555 1283 acce-

143 1326 277 1361 pere,
308 1314 472 1362 primum
503 1314 583 1350 ubi
623 1343 659 1352 ..
698 1315 837 1350 stetit
882 1327 956 1350 non
997 1320 1098 1350 recte
1138 1314 1294 1362 ponitur
1324 1328 1395 1364 pro
1429 1325 1556 1365 post-

145 1395 285 1430 quam
326 1383 420 1430 (diu
462 1390 692 1428 steterat,
736 1397 784 1421 ex
826 1385 924 1421 Livii
965 1385 1002 1421 in
1033 1385 1101 1421 tali
1131 1397 1171 1421 re
1204 1387 1314 1432 usu);
1356 1399 1444 1423 nam
1475 1388 1556 1424 ubi

141 1453 329 1501 significat
361 1466 473 1490 unam
504 1454 673 1502 aliquam
704 1469 783 1492 rem
815 1455 932 1492 semel
962 1455 1125 1499 factam3
1163 1455 1298 1492 deinde
1328 1457 1554 1505 relinquitur

142 1536 219 1559 non
273 1524 396 1561 minus
447 1524 647 1561 molestum
704 1526 914 1574 asyndeton
960 1525 998 1561 in
1043 1525 1134 1561 illis:
1184 1538 1361 1563 novum
1411 1534 1553 1576 atque

143 1599 285 1630 atrox
317 1601 388 1631 cet.
426 1594 534 1643 (proz
576 1595 692 1631 Tum
725 1607 897 1632 novum
930 1599 1032 1639 cet.).
1094 1595 1346 1633 Scribendum
1378 1605 1451 1634 est:
1480 1599 1554 1635 Ab

143 1665 262 1700 hora
287 1666 435 1701 tertia
465 1677 603 1712 quum
649 1665 705 1701 ad
742 1672 927 1702 noctem
971 1678 1175 1714 pugnam
1218 1667 1555 1704 extendissent

258 1735 392 1781 (...),
443 1735 520 1771 diu
563 1747 723 1784 pugna
765 1742 940 1772 neutro
985 1736 1233 1773 inclinata
1280 1738 1432 1774 stetit.
1507 1739 1556 1778 Ut

144 1805 306 1853 primae
337 1804 520 1853 legioni
550 1805 720 1850 tertia,
871 1806 1022 1843 subiit
1056 1814 1099 1843 et
1130 1807 1256 1855 apud
1295 1808 1462 1844 hostes
1492 1808 1555 1844 in-

144 1875 270 1924 tegri
300 1887 323 1911 a
352 1875 498 1911 fessis
528 1887 735 1924 pugnam
766 1887 1017 1924 accepere.
1038 1889 1210 1913 novum
1243 1883 1386 1924 atque
1416 1883 1557 1913 atrox

143 1944 382 1993 proelium
528 1946 713 1982 exarsit
753 1952 823 1982 cet.
883 1947 1001 1998 Recte
1039 1947 1136 1992 iam,
1179 1948 1310 1984 addito
1348 1954 1415 1991 ut,
1454 1947 1556 1994 quod

145 2020 252 2063 patet
284 2027 398 2063 quam
428 2014 541 2051 facile
569 2022 658 2064 post
687 2016 724 2052 it
768 2015 940 2065 (stetit)
978 2017 1154 2054 excidere
1183 2018 1362 2066 pot-uerit,
1394 2030 1556 2054 conver-

145 2085 204 2120 sio
233 2085 288 2121 rei
318 2084 428 2121 novis
459 2085 579 2133 copiis
609 2085 646 2120 in
673 2087 837 2133 primam
866 2087 987 2123 aciem
1005 2087 1168 2124 inductis
1186 2086 1291 2123 facta
1312 2087 1558 2136 significatur.

147 2155 226 2190 Pro
270 2166 324 2190 ex
368 2159 462 2190 tam
506 2155 642 2203 segni
690 2163 792 2193 recte
834 2157 1015 2193 Dukerus
1055 2157 1171 2194 scribi
1212 2157 1335 2194 voluit
1373 2170 1428 2194 ex
1467 2157 1556 2194 iam

147 2224 303 2272 segni3
334 2236 457 2271 neque
488 2224 586 2260 enim
618 2225 752 2262 Livius
777 2239 906 2274 segne,
949 2227 1088 2263 nedum
1120 2228 1234 2264 valde
1268 2229 1399 2275 (tam)
1431 2239 1559 2277 segne,

148 2299 268 2330 toturn
299 2293 473 2341 superius
502 2294 690 2342 proelium
723 2295 841 2333 fuisse
871 2297 1073 2345 significat,
1103 2298 1182 2341 sed,
1214 2310 1330 2345 quum
1361 2310 1430 2346 per
1463 2297 1559 2334 mul-

148 2370 208 2399 tas
236 2364 352 2399 horas
382 2371 592 2411 pugnatum
614 2363 802 2413 fessaeque
823 2367 943 2415 copiae
973 2374 1111 2411 essent,
1144 2368 1221 2405 iam
1252 2380 1368 2416 segne
1401 2367 1559 2405 factum.

261 2432 357 2482 Cap.
398 2436 439 2476 5,
490 2436 512 2470 4
559 2434 648 2479 (ubi
679 2435 732 2471 M.
775 2436 954 2473 Valerius
986 2437 1164 2474 Laevinus
1206 2438 1253 2474 de
1295 2438 1427 2476 Sicilia
1469 2451 1492 2475 a
1520 2450 1560 2475 se

153 2501 201 2537 ad
233 2502 425 2539 meliorem
455 2510 596 2539 statum
627 2511 810 2541 revocata
838 2505 1066 2557 gloriatur):
1097 2507 1329 2544 neminem
1362 2506 1561 2544 Cartha-

152 2571 419 2618 giniensem
464 2573 508 2610 in
547 2573 722 2610 Sicilia
759 2586 883 2619 esse;
927 2575 1157 2613 neminem
1201 2576 1436 2620 Siculum,
1484 2578 1562 2626 qui

154 2639 310 2689 fugati
358 2643 639 2682 metu,inde
692 2643 928 2688 afuerint,
985 2657 1078 2682 non
1131 2658 1256 2689 esse;
1314 2659 1472 2684 omnes
1517 2648 1561 2683 in
