1811 2925
298 139 359 169 Lib
397 138 509 170 xxn.
918 139 995 175 240

253 264 316 300 ubi
344 262 504 299 conferti
534 263 655 298 boves
687 267 826 305 essent,
856 273 1001 310 paucos
1028 267 1156 297 tamen
1186 263 1305 298 boves
1337 275 1360 298 a
1390 261 1523 298 ceteris
1553 262 1662 310 pala-

253 340 312 370 tos
343 334 434 369 alibi
463 334 639 369 flammas
671 333 900 376 ostendisse3
942 333 1154 381 eodemque
1192 333 1355 381 pertinet
1392 332 1514 381 ipsum
1548 332 1663 368 illud:

254 404 377 441 haud
410 415 550 439 secus
583 416 718 451 quam
893 403 1128 441 accensis.
1192 404 1310 440 Recte
1342 403 1476 452 igitur„
1507 410 1548 439 ut
1578 404 1664 451 opi-

255 488 335 520 nor,⁴
366 477 458 512 Ant.
500 474 723 511 Perizonius
753 474 858 509 visa
886 474 1106 522 requirebat
1136 475 1369 523 (virgulta
1402 474 1571 510 ardere
1602 474 1664 510 vi-

255 558 324 589 sa3
355 545 483 581 malim
515 545 735 593 virgulta
767 545 872 582 visa
910 545 1120 591 ardere);
1173 552 1374 593 potestque
1406 545 1444 580 in
1477 545 1549 581 hac
1580 557 1665 593 spe-

256 617 325 653 ciei
362 615 524 652 incendii
555 616 834 664 significatione
865 616 1018 652 defendi
1050 615 1306 663 virgultorum
1337 629 1358 652 a
1388 615 1536 664 reliqua
1569 615 1667 651 silva

257 687 462 736 separatio.
522 687 623 723 Nam
662 687 831 735 virgulta
860 688 980 723 boves
1014 699 1090 722 non
1121 686 1196 721 alte
1226 686 1432 722 eminentes
1461 687 1668 735 aequabant

259 764 295 795 et
324 758 403 794 fere
433 758 632 805 tegebant3
667 757 797 805 itaque
827 758 907 793 haec
935 757 1100 793 flammis
1131 763 1307 805 correpta
1344 757 1589 801 videbantur3
1621 769 1668 792 ex

259 829 460 866 arboribus
492 828 692 865 altioribus
724 828 815 865 nihil
849 828 1074 864 collucebat.

369 898 498 947 *Cap
535 901 595 944 19,
628 901 648 936 3
682 900 745 946 (de
776 899 1060 947 Hasdrubale):
1092 899 1437 947 Quadraginta
1475 898 1669 934 navium

261 971 463 1007 classem
494 970 761 1007 Himilconi
791 970 943 1007 tradit
975 976 1118 1018 atque
1148 971 1216 1007 ita
1234 970 1539 1018 Karthagine
1564 982 1671 1018 pro—

260 1043 416 1078 fectus
458 1041 662 1077 navibus
700 1054 853 1090 prope
896 1047 1080 1077 terram
1126 1041 1393 1078 exercitum
1434 1041 1482 1076 in
1524 1040 1673 1076 litore

262 1113 489 1156 ducebat,
532 1118 737 1160 paratus
768 1111 1066 1161 confligere.
1109 1125 1395 1161 quacunque
1424 1117 1563 1160 parte
1593 1123 1671 1146 co-

261 1184 449 1232 piarum
485 1182 639 1218 hostis
682 1183 991 1222 occurrisset.
1070 1185 1160 1220 Non
1200 1190 1301 1219 recte
1339 1181 1517 1230 coniungi
1558 1193 1671 1229 pro-

262 1254 419 1291 fectus
451 1253 680 1297 navibus,
722 1253 850 1301 plures
881 1261 1097 1299 senserunt3
1145 1267 1233 1290 nam
1274 1266 1398 1302 neque
1442 1253 1580 1289 dicitur
1618 1252 1673 1288 ita

262 1326 344 1370 (sed
376 1331 411 1361 ct
444 1323 704 1373 proficisci
738 1325 848 1361 navi
879 1325 926 1361 de
956 1338 1014 1370 ca,
1044 1325 1082 1361 in
1114 1338 1189 1373 qua
1218 1324 1384 1368 veharis5
1418 1330 1454 1359 et
1483 1323 1672 1372 proficisci

262 1396 446 1439 multis,
492 1396 649 1432 decem
690 1396 899 1431 navibus
936 1395 982 1431 de
1015 1395 1197 1431 comitatu
1230 1401 1266 1431 et
1298 1394 1454 1438 classi),
1491 1406 1560 1429 nec
1591 1393 1674 1442 ipse

263 1466 486 1502 Hasdrubal
516 1465 553 1502 in
584 1467 717 1510 classe,
749 1479 864 1514 quam
895 1466 1105 1503 Himilconi
1136 1466 1357 1505 tradiderat„
1392 1465 1458 1501 sed
1490 1465 1538 1501 ad
1555 1470 1673 1501 terre-

262 1544 376 1574 strem
408 1537 615 1574 exercitum
647 1536 765 1573 fuisse
796 1536 958 1581 videtur,
993 1543 1029 1573 et
1060 1544 1233 1585 apparet,
1265 1538 1343 1573 haeo
1365 1536 1557 1572 contraria
1577 1536 1676 1572 inter

264 1620 304 1644 se
333 1608 480 1654 referri,
511 1621 594 1656 quae
624 1608 814 1656 pertinent
845 1607 894 1643 ad
923 1607 1067 1643 itineris
1101 1608 1283 1644 formam:
1328 1607 1533 1643 navibus
1559 1619 1675 1655 pro-

263 1692 318 1727 pe
350 1687 543 1723 tcrram,
575 1679 841 1714 exercitum
871 1678 916 1713 in
946 1677 1117 1721 litore,
1151 1677 1349 1726 praemisso
1380 1689 1573 1714 seorsum:
1604 1677 1676 1713 ita

264 1749 578 1797 Karthagine
606 1749 876 1798 profectus.
951 1748 1027 1785 Sed
1059 1749 1162 1796 quod
1193 1749 1241 1784 ad
1273 1748 1484 1784 ablativum
1523 1746 1675 1793 (navi-

265 1819 374 1869 bus)
414 1833 463 1856 ex
503 1820 711 1856 ducebat
754 1826 885 1867 aptum
917 1819 951 1855 ei
982 1820 1085 1855 casui
1117 1820 1274 1856 verbum
1308 1818 1431 1854 audiri
1461 1817 1675 1858 voluerunn

266 1892 330 1939 qui
358 1904 480 1940 nuper
508 1891 588 1926 haec
619 1896 868 1931 enarrarunt,
910 1889 992 1925 fieri
1033 1903 1109 1926 non
1150 1896 1274 1938 potest
1315 1889 1352 1924 in
1389 1888 1497 1924 brevi
1537 1888 1609 1924 hac
1640 1893 1675 1923 et

266 1968 399 2010 aperta
449 1961 633 1997 orationis
678 1962 805 1996 forma
850 1966 886 1996 et
927 1961 1184 1996 membrorum
1229 1959 1515 2003 coniunctione,
1559 1971 1676 2006 quum

266 2033 475 2082 praesertim
518 2045 586 2080 per
627 2044 667 2067 se
698 2031 910 2067 ducebat
952 2031 1102 2078 utrique
1146 2031 1317 2067 membro
1347 2028 1583 2077 aptissimum
1615 2028 1675 2066 sit.

266 2106 413 2147 Restat,
444 2110 484 2139 ut
515 2102 738 2151 simpliciter
769 2102 973 2138 seribatur:
1004 2102 1144 2138 navis
1175 2100 1366 2149 (naves)
1409 2112 1558 2148 prope
1588 2106 1677 2134 ter-

266 2188 376 2219 ram,
407 2173 675 2210 exercitum
709 2173 754 2209 in
784 2173 932 2210 litore
963 2173 1180 2209 ducebat,
1240 2170 1389 2206 Eodem
1420 2169 1677 2214 erroreXXL

269 2246 333 2290 43‚
365 2248 386 2281 4
421 2258 466 2280 ex
497 2244 724 2280 habentis
756 2243 901 2280 factum
933 2250 989 2279 est
1020 2241 1313 2279 habentibus
1345 2248 1381 2277 et
1410 2242 1473 2285 58,
1505 2241 1519 2276 1
1554 2240 1677 2276 haud

266 2315 424 2364 longis
455 2315 564 2350 inde
598 2314 907 2362 temporibus
939 2327 1004 2350 ex:
1035 2313 1160 2350 haud
1189 2311 1323 2360 longi
1352 2312 1464 2347 inde
1493 2318 1677 2359 tempo-

268 2387 351 2425 ris.
464 2385 590 2422 Paulo
622 2392 709 2433 post
749 2382 766 2434 ξ
804 2388 870 2430 10,
915 2385 979 2421 ubi
1017 2384 1055 2420 in
1087 2382 1279 2420 codicibus
1319 2381 1497 2418 scribitur
1540 2381 1678 2417 miles

268 2457 625 2505 prohibebatur
657 2464 745 2504 (pro
773 2455 1095 2504 prohibetur)
1126 2453 1237 2490 video
1268 2466 1389 2501 nuper
1410 2453 1470 2488 edi
1501 2458 1678 2500 coeptum

269 2527 404 2563 miles
444 2526 799 2575 prohibentur,
845 2539 985 2575 genere
1033 2524 1182 2561 dicendi
1223 2523 1470 2560 Alschefskio
1523 2528 1679 2558 auctore

270 2598 398 2646 digno.
457 2597 515 2633 Ea
551 2604 607 2632 cst
637 2597 734 2632 euim
766 2597 852 2644 ipsa
882 2597 990 2645 origo
1022 2603 1058 2632 et
1086 2596 1144 2631 vis
1177 2606 1267 2630 usus
1289 2594 1381 2638 eius,
1413 2607 1489 2642 quo
1517 2606 1571 2641 eq
1584 2606 1607 2628 u
1620 2604 1679 2637 es,

271 2668 420 2704 miles.
455 2669 696 2705 Romanus
711 2695 720 2704 .
754 2667 894 2704 similia
923 2680 993 2715 pro
1027 2665 1191 2715 equestri
1223 2665 1354 2701 ordine
1397 2671 1462 2700 aut
1496 2663 1680 2712 equitatu,
