1811 2925
811 151 887 186 195
1358 146 1435 177 Lib.
1468 145 1512 176 X.

136 274 372 323 procedant,
414 274 656 311 emendanda
697 272 976 309 sententiarum
1014 270 1208 307 distinctio
1245 276 1314 309 est.
1388 269 1563 306 Primum

137 345 237 381 enim
269 345 445 381 universe
475 345 736 393 significatur.
769 343 873 392 quod
903 349 1041 391 postea
1070 340 1292 389 singulatim
1323 339 1563 376 describitur.

139 415 197 451 his
239 415 387 452 verbis:
426 422 469 452 et
505 415 700 451 deorum
739 414 884 451 etiam
915 412 1253 449 adhibuerant
1283 423 1423 459 opes,
1468 410 1562 446 ritu

139 485 351 533 quodam
395 486 695 522 sacramenti
740 491 935 521 vetusto
983 483 1118 519 velut
1148 481 1365 518 initiatis
1400 481 1563 518 militi-

138 557 236 592 bus·
306 557 457 593 Deinde
507 556 630 605 ipsam
684 556 739 592 rei
784 553 1082 603 descriptionem
1125 552 1179 588 sic
1221 551 1355 588 Livius
1398 552 1564 588 orditur:

140 627 351 664 Delectu
395 640 479 676 per
526 640 660 663 omne
692 626 942 663 Samnium
984 623 1154 660 habito
1186 634 1312 658 nova
1340 623 1458 671 lege,
1505 629 1565 667 ut,

139 698 221 746 qui
246 698 492 734 iuniorum
526 710 618 734 non
643 697 957 733 convenisset
979 695 1036 731 ad
1062 694 1418 741 imperatorum
1443 692 1565 728 edic-

141 776 235 805 tum
270 768 449 816 quique
490 768 679 804 iniussu
719 767 931 808 abisset,
982 771 1127 814 caput
1168 764 1280 800 Iovi
1318 769 1566 800 sacratum

142 846 258 884 crat,
289 846 384 875 turn
415 839 662 876 exercitus
693 838 848 875 omnis
880 836 1202 885 Aquiloniam
1241 842 1310 870 est
1342 834 1567 872 indictus,

141 910 226 946 Iam
259 917 433 959 apparet,
467 911 646 947 mendum
663 909 768 952 illud,
801 908 905 956 quod
935 907 974 942 in
1007 912 1250 942 sacratum
1283 912 1383 940 erat
1416 904 1567 940 eminet.

142 980 337 1016 levissima
369 980 517 1028 Sigonii
548 979 845 1029 interpolatione
876 978 986 1024 (sac.
1006 983 1152 1018 esset)
1171 976 1237 1011 vix
1268 981 1454 1022 tanquam
1485 974 1569 1023 pel-

142 1051 269 1087 lucido
312 1051 398 1086 velo
441 1051 736 1094 obumbratum„
782 1048 973 1098 pertinere
1020 1046 1135 1082 etiam
1183 1046 1233 1082 ad
1278 1052 1394 1089 tum3
1446 1057 1569 1092 neque

143 1121 243 1157 enim
270 1122 344 1157 hoc
374 1120 459 1157 loco
501 1121 620 1157 ullum
651 1120 838 1158 eiusmodi
873 1125 929 1155 est
966 1118 1005 1154 in
1036 1117 1222 1165 temporis
1252 1116 1451 1153 notatione
1481 1128 1570 1152 ora-

143 1191 257 1227 tionis
285 1192 450 1240 pondus,
481 1198 521 1227 ut
554 1192 733 1228 ablativis
766 1191 808 1235 <d
823 1191 981 1227 electu
1018 1209 1061 1214 —
1090 1188 1275 1235 habito)
1308 1193 1402 1223 tum
1434 1199 1571 1235 super-

143 1261 234 1297 addi
276 1262 456 1310 potuerit..
523 1262 611 1298 Hoc
641 1262 818 1307 invento,
849 1261 917 1297 vix
946 1259 1114 1296 dubitari
1143 1264 1290 1308 potest7
1329 1258 1420 1306 quin
1465 1264 1571 1294 erat

143 1344 304 1380 prorsus
334 1332 544 1368 tollendum
576 1333 636 1377 sit,
668 1332 840 1368 additum
872 1332 973 1377 (cum
1004 1329 1115 1379 gravi
1148 1329 1342 1366 oblivione
1373 1334 1571 1365 construc-

144 1400 279 1452 tionis)
311 1403 360 1439 ad
393 1403 605 1440 orationem
638 1403 880 1451 explendam,
927 1414 1044 1449 quum
1076 1401 1237 1437 verbum
1270 1413 1293 1436 a
1323 1399 1434 1435 Livio
1464 1398 1571 1447 posi-

144 1480 225 1509 tum
250 1474 303 1509 sic
334 1480 433 1509 esset
463 1473 711 1518 distractum,
744 1479 786 1509 ut
815 1473 903 1509 inde
932 1477 1155 1508 nasceretur
1184 1477 1298 1515 tum.,
1332 1482 1380 1506 ex
1410 1482 1571 1506 sacra-

147 1552 243 1580 tum
282 1550 377 1579 tum
409 1551 537 1580 autem
574 1544 792 1581 faciendum
824 1548 1133 1585 sacraretur,
1164 1542 1239 1577 hac
1268 1541 1465 1577 sententiae
1494 1540 1574 1576 for-

147 1627 230 1650 ma:
270 1614 472 1650 Delectu
516 1636 566 1640 ——
608 1615 780 1651 habito
824 1626 949 1649 nova
992 1612 1120 1660 lege5
1171 1617 1243 1656 ut7
1292 1611 1373 1658 qui
1403 1623 1573 1647 ——non

149 1684 467 1721 convenisset
511 1706 586 1730 —,
631 1693 773 1734 caput
816 1684 925 1721 Iovi
963 1687 1272 1725 sacraretur,
1317 1680 1574 1716 exercitus

150 1755 303 1791 omnis
336 1761 406 1794 cet.
472 1755 524 1792 Et
555 1762 838 1793 sacraretur
879 1753 1122 1791 scribendum
1156 1763 1263 1796 esse,
1294 1750 1410 1786 etiam
1440 1750 1575 1786 W'eis-

151 1826 356 1862 senbornio
387 1825 425 1861 in
456 1834 620 1863 mentem
652 1827 803 1863 venisse
833 1825 960 1863 video.
1020 1822 1173 1859 Deinde
1200 1821 1334 1857 eodem
1353 1821 1478 1869 capite
1500 1824 1518 1866 ἓ
1542 1823 1577 1867 6,

153 1896 218 1932 ubi
249 1896 398 1932 editur:
431 1898 509 1945 qui
540 1910 587 1933 se
617 1897 663 1933 id
693 1910 880 1934 sacrum
913 1902 1080 1944 petere
1111 1891 1407 1928 affirmabat
1429 1905 1485 1928 ex
1504 1905 1578 1929 ve-

152 1974 285 2003 tusta
325 1968 613 2004 Samnitium
655 1967 914 2016 religione,
960 1977 1037 2001 non
1070 1963 1227 2007 dubito,
1269 1962 1361 2010 quin
1391 1967 1578 2010 perpetuo

154 2037 294 2073 Latine
323 2037 561 2085 loquentium
602 2051 671 2074 usu
708 2039 755 2074 de
785 2036 1010 2074 renovando
1043 2035 1202 2083 antiquo
1236 2033 1409 2070 instituto
1444 2032 1579 2069 Livius

156 2107 352 2155 scripserit:
382 2121 464 2156 rep
477 2117 577 2146 eter
588 2122 619 2145 e.
633 2105 668 2152 ¹)

274 2178 370 2227 Cap,
403 2181 468 2224 40,
502 2182 522 2215 6
557 2180 616 2225 (L.
648 2178 830 2227 Papirius
861 2176 1020 2220 consul,
1051 2181 1259 2224 postquam
1292 2174 1339 2210 de
1369 2187 1411 2210 re
1442 2186 1465 2210 a
1495 2186 1583 2222 per-

158 2248 252 2296 fuga
294 2249 465 2286 indicata
495 2250 544 2285 ad
575 2249 762 2298 collegam
791 2247 965 2283 nuntium
983 2247 1118 2291 misit‚)
1143 2246 1247 2294 ipse
1277 2245 1418 2293 signa
1448 2244 1583 2280 ocius

159 2318 378 2367 proferri
416 2319 574 2364 iubet„
616 2319 952 2366 subsidiaque
991 2317 1091 2353 suis
1141 2327 1342 2363 quaeque
1377 2314 1502 2351 locis
1542 2320 1586 2350 et

160 2390 420 2438 praefectos
463 2389 703 2426 subsidiis
745 2389 1066 2430 attribuerat-3
1112 2386 1288 2423 dextro
1329 2398 1480 2422 cornu
1512 2390 1585 2423 cet.

162 2460 315 2497 Vitiosa
357 2474 444 2509 que
474 2461 528 2497 ita
565 2460 741 2509 ponitur,
784 2466 826 2495 ut
866 2458 975 2495 brevi
1013 2464 1048 2494 et
1091 2457 1279 2493 universae
1315 2455 1587 2504 significationi

204 2623 232 2665 ι)
263 2626 346 2667 Cap.
374 2630 435 2664 39,
474 2630 512 2657 15
545 2626 593 2667 (in
619 2626 745 2667 Papirii
779 2624 1014 2655 cohortatione
1055 2622 1219 2661 militum)
1262 2622 1422 2653 mendum
1457 2630 1529 2651 esse
1555 2621 1590 2650 in

261 2689 312 2719 his
350 2688 478 2719 verbis:
527 2688 630 2718 deos
673 2686 949 2718 immortales
983 2684 1140 2715 adesse
1186 2689 1373 2724 propter
1417 2681 1592 2712 totiens

1267 2761 1322 2789 13‘
