<?xml version="1.0" encoding="UTF-8"?>
<!DOCTYPE html PUBLIC "-//W3C//DTD XHTML 1.0 Transitional//EN"
    "http://www.w3.org/TR/xhtml1/DTD/xhtml1-transitional.dtd">
<html xmlns="http://www.w3.org/1999/xhtml" xml:lang="en" lang="en">
 <head>
  <title>
</title>
<meta http-equiv="Content-Type" content="text/html;charset=utf-8" />
  <meta name='ocr-system' content='tesseract 3.04.00' />
  <meta name='ocr-capabilities' content='ocr_page ocr_carea ocr_par ocr_line ocrx_word'/>
</head>
<body>
  <div class='ocr_page' id='page_1' title='image "./emendationeslivi00madvuoft_0293.png"; bbox 0 0 1811 2925; ppageno 0'>
   <div class='ocr_carea' id='block_1_1' title="bbox 775 170 1475 211">
    <p class='ocr_par' dir='ltr' id='par_1_1' title="bbox 775 170 1475 211">
     <span class='ocr_line' id='line_1_1' title="bbox 775 170 1475 211; baseline -0.016 0"><span class='ocrx_word' id='word_1_1' title='bbox 775 174 850 211; x_wconf 85' lang='grc'>287</span> <span class='ocrx_word' id='word_1_2' title='bbox 1256 171 1332 202; x_wconf 90' lang='lat' dir='ltr'><strong>Lib.</strong></span> <span class='ocrx_word' id='word_1_3' title='bbox 1345 170 1475 202; x_wconf 86' lang='lat' dir='ltr'>XXIV.</span> 
     </span>
    </p>
   </div>
   <div class='ocr_carea' id='block_1_2' title="bbox 107 294 1535 2674">
    <p class='ocr_par' dir='ltr' id='par_1_2' title="bbox 107 294 1526 980">
     <span class='ocr_line' id='line_1_2' title="bbox 107 294 1524 345; baseline -0.004 -9"><span class='ocrx_word' id='word_1_4' title='bbox 107 298 331 336; x_wconf 83' lang='lat' dir='ltr'>Gronovius</span> <span class='ocrx_word' id='word_1_5' title='bbox 380 297 649 345; x_wconf 81' lang='lat' dir='ltr'>rapacitati</span> <span class='ocrx_word' id='word_1_6' title='bbox 700 297 813 333; x_wconf 79' lang='lat' dir='ltr'>scribi</span> <span class='ocrx_word' id='word_1_7' title='bbox 863 296 1002 334; x_wconf 79' lang='lat' dir='ltr'>voluit:</span> <span class='ocrx_word' id='word_1_8' title='bbox 1046 294 1284 343; x_wconf 81' lang='lat' dir='ltr'>(pravitas</span> <span class='ocrx_word' id='word_1_9' title='bbox 1331 294 1420 342; x_wconf 90' lang='lat' dir='ltr'>quid</span> <span class='ocrx_word' id='word_1_10' title='bbox 1464 294 1524 330; x_wconf 84' lang='lat' dir='ltr'>hic</span> 
     </span>
     <span class='ocr_line' id='line_1_3' title="bbox 109 365 1525 417; baseline -0.003 -13"><span class='ocrx_word' id='word_1_11' title='bbox 109 375 212 417; x_wconf 73' lang='lat' dir='ltr'>agat,</span> <span class='ocrx_word' id='word_1_12' title='bbox 243 367 413 417; x_wconf 77' lang='lat' dir='ltr'>nesoio);</span> <span class='ocrx_word' id='word_1_13' title='bbox 444 368 509 404; x_wconf 87' lang='lat' dir='ltr'>sed</span> <span class='ocrx_word' id='word_1_14' title='bbox 552 367 691 404; x_wconf 84' lang='lat' dir='ltr'>erroris</span> <span class='ocrx_word' id='word_1_15' title='bbox 723 368 832 416; x_wconf 88' lang='lat' dir='ltr'>origo</span> <span class='ocrx_word' id='word_1_16' title='bbox 863 367 1136 416; x_wconf 66' lang='lat' dir='ltr'>perspicietur,</span> <span class='ocrx_word' id='word_1_17' title='bbox 1179 365 1210 401; x_wconf 91' lang='lat' dir='ltr'>si</span> <span class='ocrx_word' id='word_1_18' title='bbox 1240 365 1525 413; x_wconf 65' lang='lat' dir='ltr'><strong>scripserimus:</strong></span> 
     </span>
     <span class='ocr_line' id='line_1_4' title="bbox 108 435 1524 487; baseline -0.003 -13"><span class='ocrx_word' id='word_1_19' title='bbox 108 439 452 476; x_wconf 71' lang='lat' dir='ltr'>crudelitatem</span> <span class='ocrx_word' id='word_1_20' title='bbox 499 450 687 486; x_wconf 83' lang='lat' dir='ltr'>quoque</span> <span class='ocrx_word' id='word_1_21' title='bbox 716 439 896 487; x_wconf 85' lang='lat' dir='ltr'>rapinae</span> <span class='ocrx_word' id='word_1_22' title='bbox 943 437 1146 474; x_wconf 82' lang='lat' dir='ltr'>addidit.</span> <span class='ocrx_word' id='word_1_23' title='bbox 1211 436 1272 472; x_wconf 85' lang='lat' dir='ltr'>Ex</span> <span class='ocrx_word' id='word_1_24' title='bbox 1322 435 1524 484; x_wconf 86' lang='lat' dir='ltr'>rapinae</span> 
     </span>
     <span class='ocr_line' id='line_1_5' title="bbox 108 508 1525 557; baseline -0.002 -12"><span class='ocrx_word' id='word_1_25' title='bbox 108 509 251 545; x_wconf 83' lang='lat' dir='ltr'>factum</span> <span class='ocrx_word' id='word_1_26' title='bbox 284 509 509 550; x_wconf 57' lang='lat' dir='ltr'>rauinae,</span> <span class='ocrx_word' id='word_1_27' title='bbox 557 516 636 544; x_wconf 90' lang='lat' dir='ltr'>tmn</span> <span class='ocrx_word' id='word_1_28' title='bbox 671 510 985 557; x_wconf 78' lang='lat' dir='ltr'>gravitatem.</span> <span class='ocrx_word' id='word_1_29' title='bbox 1068 508 1274 544; x_wconf 81' lang='lat' dir='ltr'>Postremo</span> <span class='ocrx_word' id='word_1_30' title='bbox 1318 509 1335 551; x_wconf 69' lang='grc' dir='ltr'>ξ</span> <span class='ocrx_word' id='word_1_31' title='bbox 1372 508 1417 542; x_wconf 78' lang='grc'>14</span> <span class='ocrx_word' id='word_1_32' title='bbox 1449 518 1525 542; x_wconf 92' lang='lat' dir='ltr'>non</span> 
     </span>
     <span class='ocr_line' id='line_1_6' title="bbox 108 578 1525 629; baseline -0.001 -14"><span class='ocrx_word' id='word_1_33' title='bbox 108 585 210 615; x_wconf 77' lang='lat' dir='ltr'>reete</span> <span class='ocrx_word' id='word_1_34' title='bbox 237 591 259 615; x_wconf 84' lang='lat' dir='ltr'>a</span> <span class='ocrx_word' id='word_1_35' title='bbox 289 579 351 614; x_wconf 81' lang='lat' dir='ltr'>W.</span> <span class='ocrx_word' id='word_1_36' title='bbox 383 592 453 628; x_wconf 91' lang='lat' dir='ltr'>pro</span> <span class='ocrx_word' id='word_1_37' title='bbox 498 580 667 616; x_wconf 88' lang='lat' dir='ltr'>habita</span> <span class='ocrx_word' id='word_1_38' title='bbox 711 580 912 629; x_wconf 88' lang='lat' dir='ltr'>primum</span> <span class='ocrx_word' id='word_1_39' title='bbox 954 579 1137 627; x_wconf 86' lang='lat' dir='ltr'>scriptum</span> <span class='ocrx_word' id='word_1_40' title='bbox 1177 585 1233 614; x_wconf 85' lang='lat' dir='ltr'>est</span> <span class='ocrx_word' id='word_1_41' title='bbox 1277 578 1441 614; x_wconf 85' lang='lat' dir='ltr'>habita</span> <span class='ocrx_word' id='word_1_42' title='bbox 1483 583 1525 613; x_wconf 88' lang='lat' dir='ltr'>et</span> 
     </span>
     <span class='ocr_line' id='line_1_7' title="bbox 108 647 1525 699; baseline -0.002 -13"><span class='ocrx_word' id='word_1_43' title='bbox 108 650 307 698; x_wconf 89' lang='lat' dir='ltr'>primum</span> <span class='ocrx_word' id='word_1_44' title='bbox 355 651 407 692; x_wconf 89' lang='lat' dir='ltr'>(P</span> <span class='ocrx_word' id='word_1_45' title='bbox 457 650 634 686; x_wconf 85' lang='lat' dir='ltr'>habitae</span> <span class='ocrx_word' id='word_1_46' title='bbox 692 651 929 699; x_wconf 87' lang='lat' dir='ltr'>primum);</span> <span class='ocrx_word' id='word_1_47' title='bbox 989 663 1112 698; x_wconf 86' lang='lat' dir='ltr'>neque</span> <span class='ocrx_word' id='word_1_48' title='bbox 1162 649 1262 685; x_wconf 88' lang='lat' dir='ltr'>enim</span> <span class='ocrx_word' id='word_1_49' title='bbox 1315 647 1525 692; x_wconf 76' lang='lat' dir='ltr'>Hannibal,</span> 
     </span>
     <span class='ocr_line' id='line_1_8' title="bbox 110 717 1525 768; baseline -0.002 -12"><span class='ocrx_word' id='word_1_50' title='bbox 110 732 194 768; x_wconf 84' lang='lat' dir='ltr'>quae</span> <span class='ocrx_word' id='word_1_51' title='bbox 221 721 406 757; x_wconf 83' lang='lat' dir='ltr'>sententia</span> <span class='ocrx_word' id='word_1_52' title='bbox 445 726 487 756; x_wconf 84' lang='lat' dir='ltr'>et</span> <span class='ocrx_word' id='word_1_53' title='bbox 513 721 643 757; x_wconf 83' lang='lat' dir='ltr'>addito</span> <span class='ocrx_word' id='word_1_54' title='bbox 676 719 851 758; x_wconf 67' lang='lat' dir='ltr'>effioitur.</span> <span class='ocrx_word' id='word_1_55' title='bbox 896 726 1132 768; x_wconf 84' lang='lat' dir='ltr'>quantum</span> <span class='ocrx_word' id='word_1_56' title='bbox 1181 719 1284 755; x_wconf 87' lang='lat' dir='ltr'>auri</span> <span class='ocrx_word' id='word_1_57' title='bbox 1316 717 1525 766; x_wconf 86' lang='lat' dir='ltr'>argenti-</span> 
     </span>
     <span class='ocr_line' id='line_1_9' title="bbox 110 789 1525 839; baseline -0.002 -12"><span class='ocrx_word' id='word_1_58' title='bbox 110 804 198 839; x_wconf 88' lang='lat' dir='ltr'>que</span> <span class='ocrx_word' id='word_1_59' title='bbox 227 791 449 828; x_wconf 80' lang='lat' dir='ltr'>relictum</span> <span class='ocrx_word' id='word_1_60' title='bbox 482 800 630 830; x_wconf 75' lang='lat' dir='ltr'>esset.</span> <span class='ocrx_word' id='word_1_61' title='bbox 676 791 833 827; x_wconf 90' lang='lat' dir='ltr'>omnia</span> <span class='ocrx_word' id='word_1_62' title='bbox 873 791 997 826; x_wconf 83' lang='lat' dir='ltr'>satis</span> <span class='ocrx_word' id='word_1_63' title='bbox 1031 789 1281 838; x_wconf 68' lang='lat' dir='ltr'>cognovit,</span> <span class='ocrx_word' id='word_1_64' title='bbox 1312 789 1377 824; x_wconf 85' lang='lat' dir='ltr'>sed</span> <span class='ocrx_word' id='word_1_65' title='bbox 1410 801 1525 837; x_wconf 90' lang='lat' dir='ltr'>quae-</span> 
     </span>
     <span class='ocr_line' id='line_1_10' title="bbox 109 859 1526 909; baseline -0.001 -12"><span class='ocrx_word' id='word_1_66' title='bbox 109 862 314 898; x_wconf 79' lang='lat' dir='ltr'>stionem</span> <span class='ocrx_word' id='word_1_67' title='bbox 344 862 528 905; x_wconf 85' lang='lat' dir='ltr'>habuit,</span> <span class='ocrx_word' id='word_1_68' title='bbox 561 870 794 909; x_wconf 88' lang='lat' dir='ltr'>quantum</span> <span class='ocrx_word' id='word_1_69' title='bbox 828 862 1049 899; x_wconf 84' lang='lat' dir='ltr'>relictum</span> <span class='ocrx_word' id='word_1_70' title='bbox 1083 867 1228 903; x_wconf 44' lang='lat' dir='ltr'>essetf</span> <span class='ocrx_word' id='word_1_71' title='bbox 1274 859 1526 907; x_wconf 88' lang='lat' dir='ltr'>omnibusque</span> 
     </span>
     <span class='ocr_line' id='line_1_11' title="bbox 110 932 825 980; baseline 0.001 -12"><span class='ocrx_word' id='word_1_72' title='bbox 110 932 271 980; x_wconf 84' lang='lat' dir='ltr'>cognitis</span> <span class='ocrx_word' id='word_1_73' title='bbox 301 933 474 969; x_wconf 88' lang='lat' dir='ltr'>homines</span> <span class='ocrx_word' id='word_1_74' title='bbox 505 932 678 969; x_wconf 83' lang='lat' dir='ltr'>comburi</span> <span class='ocrx_word' id='word_1_75' title='bbox 704 933 825 970; x_wconf 88' lang='lat' dir='ltr'>iussit.</span> 
     </span>
    </p>

    <p class='ocr_par' dir='ltr' id='par_1_3' title="bbox 109 999 1531 1830">
     <span class='ocr_line' id='line_1_12' title="bbox 222 999 1488 1051; baseline -0.002 -12"><span class='ocrx_word' id='word_1_76' title='bbox 222 1002 318 1051; x_wconf 79' lang='lat' dir='ltr'>Cap,</span> <span class='ocrx_word' id='word_1_77' title='bbox 363 1007 433 1040; x_wconf 72' lang='lat'>46.</span> <span class='ocrx_word' id='word_1_78' title='bbox 483 1006 529 1039; x_wconf 83' lang='lat'>5:</span> <span class='ocrx_word' id='word_1_79' title='bbox 588 1004 748 1039; x_wconf 80' lang='lat' dir='ltr'>Imber</span> <span class='ocrx_word' id='word_1_80' title='bbox 795 1033 830 1040; x_wconf 90' lang='lat'>..</span> <span class='ocrx_word' id='word_1_81' title='bbox 887 1001 1116 1038; x_wconf 80' lang='lat' dir='ltr'>custodes</span> <span class='ocrx_word' id='word_1_82' title='bbox 1150 999 1428 1048; x_wconf 80' lang='lat' dir='ltr'>vigilesque</span> <span class='ocrx_word' id='word_1_83' title='bbox 1481 1029 1488 1036; x_wconf 90' lang='lat'><strong><em>.</em></strong></span> 
     </span>
     <span class='ocr_line' id='line_1_13' title="bbox 110 1069 1525 1122; baseline -0.004 -12"><span class='ocrx_word' id='word_1_84' title='bbox 110 1074 375 1122; x_wconf 86' lang='lat' dir='ltr'>subfugere</span> <span class='ocrx_word' id='word_1_85' title='bbox 416 1074 459 1109; x_wconf 94' lang='lat' dir='ltr'>in</span> <span class='ocrx_word' id='word_1_86' title='bbox 504 1081 631 1109; x_wconf 79' lang='lat' dir='ltr'>tecta</span> <span class='ocrx_word' id='word_1_87' title='bbox 675 1073 837 1121; x_wconf 72' lang='lat' dir='ltr'>coegit</span> <span class='ocrx_word' id='word_1_88' title='bbox 878 1074 1139 1120; x_wconf 86' lang='lat' dir='ltr'>sonituque</span> <span class='ocrx_word' id='word_1_89' title='bbox 1186 1070 1338 1119; x_wconf 88' lang='lat' dir='ltr'>primo</span> <span class='ocrx_word' id='word_1_90' title='bbox 1382 1069 1525 1117; x_wconf 84' lang='lat' dir='ltr'>largi-</span> 
     </span>
     <span class='ocr_line' id='line_1_14' title="bbox 110 1144 1526 1192; baseline -0.003 -13"><span class='ocrx_word' id='word_1_91' title='bbox 110 1144 208 1180; x_wconf 88' lang='lat' dir='ltr'>oris</span> <span class='ocrx_word' id='word_1_92' title='bbox 246 1144 474 1192; x_wconf 74' lang='lat' dir='ltr'>proeellae</span> <span class='ocrx_word' id='word_1_93' title='bbox 503 1145 761 1192; x_wconf 86' lang='lat' dir='ltr'>strepitum</span> <span class='ocrx_word' id='word_1_94' title='bbox 808 1144 1110 1180; x_wconf 84' lang='lat' dir='ltr'>molientium</span> <span class='ocrx_word' id='word_1_95' title='bbox 1154 1148 1341 1191; x_wconf 85' lang='lat' dir='ltr'>portam</span> <span class='ocrx_word' id='word_1_96' title='bbox 1385 1153 1526 1176; x_wconf 84' lang='lat' dir='ltr'>exau-</span> 
     </span>
     <span class='ocr_line' id='line_1_15' title="bbox 109 1212 1526 1263; baseline -0.001 -13"><span class='ocrx_word' id='word_1_97' title='bbox 109 1214 203 1250; x_wconf 85' lang='lat' dir='ltr'>diri</span> <span class='ocrx_word' id='word_1_98' title='bbox 244 1214 519 1263; x_wconf 73' lang='lat' dir='ltr'>prohibuit,</span> <span class='ocrx_word' id='word_1_99' title='bbox 562 1214 749 1252; x_wconf 90' lang='lat' dir='ltr'>lentior</span> <span class='ocrx_word' id='word_1_100' title='bbox 800 1215 978 1251; x_wconf 89' lang='lat' dir='ltr'>deinde</span> <span class='ocrx_word' id='word_1_101' title='bbox 1018 1212 1352 1261; x_wconf 66' lang='lat' dir='ltr'>aequaliorque</span> <span class='ocrx_word' id='word_1_102' title='bbox 1406 1212 1526 1248; x_wconf 83' lang='lat' dir='ltr'>acci-</span> 
     </span>
     <span class='ocr_line' id='line_1_16' title="bbox 109 1282 1526 1334; baseline 0 -14"><span class='ocrx_word' id='word_1_103' title='bbox 109 1284 224 1321; x_wconf 89' lang='lat' dir='ltr'>dens</span> <span class='ocrx_word' id='word_1_104' title='bbox 271 1285 472 1321; x_wconf 85' lang='lat' dir='ltr'>auribus</span> <span class='ocrx_word' id='word_1_105' title='bbox 528 1298 745 1334; x_wconf 83' lang='lat' dir='ltr'>magnam</span> <span class='ocrx_word' id='word_1_106' title='bbox 794 1293 980 1334; x_wconf 87' lang='lat' dir='ltr'>partem</span> <span class='ocrx_word' id='word_1_107' title='bbox 1035 1283 1277 1321; x_wconf 87' lang='lat' dir='ltr'>hominum</span> <span class='ocrx_word' id='word_1_108' title='bbox 1331 1282 1526 1330; x_wconf 83' lang='lat' dir='ltr'>sopivit.</span> 
     </span>
     <span class='ocr_line' id='line_1_17' title="bbox 109 1353 1528 1405; baseline -0.002 -14"><span class='ocrx_word' id='word_1_109' title='bbox 109 1356 238 1392; x_wconf 84' lang='lat' dir='ltr'>Imber</span> <span class='ocrx_word' id='word_1_110' title='bbox 273 1355 428 1393; x_wconf 87' lang='lat' dir='ltr'>auribus</span> <span class='ocrx_word' id='word_1_111' title='bbox 451 1369 526 1392; x_wconf 90' lang='lat' dir='ltr'>non</span> <span class='ocrx_word' id='word_1_112' title='bbox 558 1357 696 1393; x_wconf 80' lang='lat' dir='ltr'>accidit</span> <span class='ocrx_word' id='word_1_113' title='bbox 726 1370 849 1405; x_wconf 84' lang='lat' dir='ltr'>neque</span> <span class='ocrx_word' id='word_1_114' title='bbox 879 1356 1003 1392; x_wconf 84' lang='lat' dir='ltr'>lentus</span> <span class='ocrx_word' id='word_1_115' title='bbox 1027 1367 1152 1402; x_wconf 85' lang='lat' dir='ltr'>neque</span> <span class='ocrx_word' id='word_1_116' title='bbox 1182 1353 1373 1396; x_wconf 76' lang='lat' dir='ltr'>incitatus,</span> <span class='ocrx_word' id='word_1_117' title='bbox 1403 1365 1528 1401; x_wconf 90' lang='lat' dir='ltr'>neque</span> 
     </span>
     <span class='ocr_line' id='line_1_18' title="bbox 109 1423 1527 1476; baseline -0.002 -14"><span class='ocrx_word' id='word_1_118' title='bbox 109 1426 141 1462; x_wconf 84' lang='lat' dir='ltr'>is</span> <span class='ocrx_word' id='word_1_119' title='bbox 172 1427 297 1463; x_wconf 88' lang='lat' dir='ltr'>sonitu</span> <span class='ocrx_word' id='word_1_120' title='bbox 327 1427 504 1475; x_wconf 85' lang='lat' dir='ltr'>procellae</span> <span class='ocrx_word' id='word_1_121' title='bbox 536 1427 742 1476; x_wconf 66' lang='lat' dir='ltr'>quicquam</span> <span class='ocrx_word' id='word_1_122' title='bbox 786 1428 921 1471; x_wconf 63' lang='lat' dir='ltr'>efficit,</span> <span class='ocrx_word' id='word_1_123' title='bbox 964 1427 1030 1462; x_wconf 80' lang='lat' dir='ltr'>sed</span> <span class='ocrx_word' id='word_1_124' title='bbox 1068 1426 1142 1474; x_wconf 88' lang='lat' dir='ltr'>ipsi</span> <span class='ocrx_word' id='word_1_125' title='bbox 1172 1425 1318 1461; x_wconf 86' lang='lat' dir='ltr'>sonitus</span> <span class='ocrx_word' id='word_1_126' title='bbox 1350 1423 1527 1472; x_wconf 81' lang='lat' dir='ltr'>procellae</span> 
     </span>
     <span class='ocr_line' id='line_1_19' title="bbox 113 1494 1531 1546; baseline -0.002 -13"><span class='ocrx_word' id='word_1_127' title='bbox 113 1497 271 1534; x_wconf 86' lang='lat' dir='ltr'>imbrem</span> <span class='ocrx_word' id='word_1_128' title='bbox 303 1498 520 1534; x_wconf 87' lang='lat' dir='ltr'>comitantis</span> <span class='ocrx_word' id='word_1_129' title='bbox 553 1506 620 1535; x_wconf 84' lang='lat' dir='ltr'>aut</span> <span class='ocrx_word' id='word_1_130' title='bbox 649 1499 918 1546; x_wconf 84' lang='lat' dir='ltr'>subsequentis</span> <span class='ocrx_word' id='word_1_131' title='bbox 960 1495 1160 1544; x_wconf 84' lang='lat' dir='ltr'>Strepitum</span> <span class='ocrx_word' id='word_1_132' title='bbox 1204 1494 1321 1531; x_wconf 84' lang='lat' dir='ltr'>alium</span> <span class='ocrx_word' id='word_1_133' title='bbox 1353 1494 1531 1531; x_wconf 84' lang='lat' dir='ltr'>exaudiri</span> 
     </span>
     <span class='ocr_line' id='line_1_20' title="bbox 114 1565 1531 1617; baseline -0.003 -12"><span class='ocrx_word' id='word_1_134' title='bbox 114 1568 290 1617; x_wconf 89' lang='lat' dir='ltr'>prohibet</span> <span class='ocrx_word' id='word_1_135' title='bbox 331 1576 367 1605; x_wconf 87' lang='lat' dir='ltr'>et</span> <span class='ocrx_word' id='word_1_136' title='bbox 407 1569 562 1605; x_wconf 90' lang='lat' dir='ltr'>auribus</span> <span class='ocrx_word' id='word_1_137' title='bbox 604 1570 763 1617; x_wconf 82' lang='lat' dir='ltr'>aequalis</span> <span class='ocrx_word' id='word_1_138' title='bbox 801 1569 976 1605; x_wconf 75' lang='lat' dir='ltr'>accidens</span> <span class='ocrx_word' id='word_1_139' title='bbox 1022 1566 1196 1603; x_wconf 86' lang='lat' dir='ltr'>homines</span> <span class='ocrx_word' id='word_1_140' title='bbox 1241 1567 1354 1614; x_wconf 82' lang='lat' dir='ltr'>sopit.</span> <span class='ocrx_word' id='word_1_141' title='bbox 1427 1565 1531 1602; x_wconf 88' lang='lat' dir='ltr'>Vera</span> 
     </span>
     <span class='ocr_line' id='line_1_21' title="bbox 114 1636 1530 1688; baseline -0.001 -14"><span class='ocrx_word' id='word_1_142' title='bbox 114 1638 231 1687; x_wconf 81' lang='lat' dir='ltr'>igitur</span> <span class='ocrx_word' id='word_1_143' title='bbox 272 1639 490 1675; x_wconf 76' lang='lat' dir='ltr'>coniectura</span> <span class='ocrx_word' id='word_1_144' title='bbox 530 1640 567 1676; x_wconf 92' lang='lat' dir='ltr'>in</span> <span class='ocrx_word' id='word_1_145' title='bbox 611 1647 794 1688; x_wconf 80' lang='lat' dir='ltr'>quattuor</span> <span class='ocrx_word' id='word_1_146' title='bbox 831 1638 1108 1675; x_wconf 83' lang='lat' dir='ltr'>recentioribus</span> <span class='ocrx_word' id='word_1_147' title='bbox 1141 1637 1244 1685; x_wconf 81' lang='lat' dir='ltr'>apud</span> <span class='ocrx_word' id='word_1_148' title='bbox 1277 1636 1530 1673; x_wconf 85' lang='lat' dir='ltr'>Drakenbor-</span> 
     </span>
     <span class='ocr_line' id='line_1_22' title="bbox 114 1707 1530 1757; baseline -0.001 -13"><span class='ocrx_word' id='word_1_149' title='bbox 114 1709 238 1745; x_wconf 74' lang='lat' dir='ltr'>chium</span> <span class='ocrx_word' id='word_1_150' title='bbox 270 1709 464 1747; x_wconf 81' lang='lat' dir='ltr'>codicibus</span> <span class='ocrx_word' id='word_1_151' title='bbox 503 1711 698 1747; x_wconf 79' lang='lat' dir='ltr'>scribitur:</span> <span class='ocrx_word' id='word_1_152' title='bbox 750 1710 1046 1757; x_wconf 82' lang='lat' dir='ltr'>sonitusque</span> <span class='ocrx_word' id='word_1_153' title='bbox 1090 1708 1246 1757; x_wconf 90' lang='lat' dir='ltr'>primo</span> <span class='ocrx_word' id='word_1_154' title='bbox 1292 1707 1530 1756; x_wconf 84' lang='lat' dir='ltr'>largioris</span> 
     </span>
     <span class='ocr_line' id='line_1_23' title="bbox 113 1779 1355 1830; baseline -0.002 -15"><span class='ocrx_word' id='word_1_155' title='bbox 113 1780 339 1828; x_wconf 80' lang='lat' dir='ltr'>procellae</span> <span class='ocrx_word' id='word_1_156' title='bbox 370 1788 440 1817; x_wconf 81' lang='lat' dir='ltr'>cet.</span> <span class='ocrx_word' id='word_1_157' title='bbox 502 1781 622 1830; x_wconf 85' lang='lat' dir='ltr'>Origo</span> <span class='ocrx_word' id='word_1_158' title='bbox 655 1781 782 1817; x_wconf 91' lang='lat' dir='ltr'>mendi</span> <span class='ocrx_word' id='word_1_159' title='bbox 814 1783 879 1826; x_wconf 85' lang='lat' dir='ltr'>(ex</span> <span class='ocrx_word' id='word_1_160' title='bbox 910 1779 1085 1828; x_wconf 82' lang='lat' dir='ltr'>primo)</span> <span class='ocrx_word' id='word_1_161' title='bbox 1121 1784 1256 1826; x_wconf 85' lang='lat' dir='ltr'>aperta</span> <span class='ocrx_word' id='word_1_162' title='bbox 1288 1784 1355 1814; x_wconf 85' lang='lat' dir='ltr'>est.</span> 
     </span>
    </p>

    <p class='ocr_par' dir='ltr' id='par_1_4' title="bbox 113 1847 1535 2674">
     <span class='ocr_line' id='line_1_24' title="bbox 225 1847 1530 1901; baseline -0.004 -14"><span class='ocrx_word' id='word_1_163' title='bbox 225 1849 319 1899; x_wconf 85' lang='lat' dir='ltr'>Cap.</span> <span class='ocrx_word' id='word_1_164' title='bbox 344 1854 408 1896; x_wconf 65' lang='lat'>47,</span> <span class='ocrx_word' id='word_1_165' title='bbox 438 1855 481 1888; x_wconf 88' lang='lat'>15</span> <span class='ocrx_word' id='word_1_166' title='bbox 514 1859 550 1888; x_wconf 88' lang='lat' dir='ltr'>et</span> <span class='ocrx_word' id='word_1_167' title='bbox 588 1853 636 1889; x_wconf 89' lang='lat'>16</span> <span class='ocrx_word' id='word_1_168' title='bbox 670 1852 734 1901; x_wconf 89' lang='lat' dir='ltr'>(de</span> <span class='ocrx_word' id='word_1_169' title='bbox 759 1851 947 1889; x_wconf 82' lang='lat' dir='ltr'>incendio.</span> <span class='ocrx_word' id='word_1_170' title='bbox 979 1849 1082 1898; x_wconf 88' lang='lat' dir='ltr'>quod</span> <span class='ocrx_word' id='word_1_171' title='bbox 1110 1850 1245 1886; x_wconf 87' lang='lat' dir='ltr'>Romae</span> <span class='ocrx_word' id='word_1_172' title='bbox 1277 1848 1382 1891; x_wconf 61' lang='lat' dir='ltr'>suin:</span> <span class='ocrx_word' id='word_1_173' title='bbox 1414 1847 1530 1885; x_wconf 87' lang='lat' dir='ltr'>Solo</span> 
     </span>
     <span class='ocr_line' id='line_1_25' title="bbox 113 1917 1531 1969; baseline -0.003 -12"><span class='ocrx_word' id='word_1_174' title='bbox 113 1928 301 1969; x_wconf 85' lang='lat' dir='ltr'>aequata</span> <span class='ocrx_word' id='word_1_175' title='bbox 331 1923 491 1958; x_wconf 84' lang='lat' dir='ltr'>omnia</span> <span class='ocrx_word' id='word_1_176' title='bbox 522 1923 651 1958; x_wconf 84' lang='lat' dir='ltr'>inter</span> <span class='ocrx_word' id='word_1_177' title='bbox 686 1922 888 1959; x_wconf 88' lang='lat' dir='ltr'>Salinas</span> <span class='ocrx_word' id='word_1_178' title='bbox 930 1933 982 1957; x_wconf 82' lang='lat' dir='ltr'>ac</span> <span class='ocrx_word' id='word_1_179' title='bbox 1022 1926 1217 1969; x_wconf 88' lang='lat' dir='ltr'>portam</span> <span class='ocrx_word' id='word_1_180' title='bbox 1252 1917 1531 1955; x_wconf 86' lang='lat' dir='ltr'>Carmenta-</span> 
     </span>
     <span class='ocr_line' id='line_1_26' title="bbox 113 1976 1532 2042; baseline -0.002 -15"><span class='ocrx_word' id='word_1_181' title='bbox 113 1991 200 2027; x_wconf 87' lang='lat' dir='ltr'>lem</span> <span class='ocrx_word' id='word_1_182' title='bbox 235 2005 334 2028; x_wconf 87' lang='lat' dir='ltr'>eum</span> <span class='ocrx_word' id='word_1_183' title='bbox 364 1976 673 2040; x_wconf 67' lang='lat' dir='ltr'>AEquiniaelio</span> <span class='ocrx_word' id='word_1_184' title='bbox 718 1993 1020 2042; x_wconf 86' lang='lat' dir='ltr'>Iugarioque</span> <span class='ocrx_word' id='word_1_185' title='bbox 1061 1991 1182 2027; x_wconf 86' lang='lat' dir='ltr'>vico.</span> <span class='ocrx_word' id='word_1_186' title='bbox 1247 1990 1300 2025; x_wconf 92' lang='lat' dir='ltr'>In</span> <span class='ocrx_word' id='word_1_187' title='bbox 1331 1988 1532 2037; x_wconf 84' lang='lat' dir='ltr'>templis</span> 
     </span>
     <span class='ocr_line' id='line_1_27' title="bbox 114 2059 1533 2109; baseline -0.002 -11"><span class='ocrx_word' id='word_1_188' title='bbox 114 2063 338 2099; x_wconf 84' lang='lat' dir='ltr'>Fortunae</span> <span class='ocrx_word' id='word_1_189' title='bbox 379 2076 431 2099; x_wconf 84' lang='lat' dir='ltr'>ac</span> <span class='ocrx_word' id='word_1_190' title='bbox 467 2064 640 2100; x_wconf 83' lang='lat' dir='ltr'>Mat-ris</span> <span class='ocrx_word' id='word_1_191' title='bbox 682 2060 881 2100; x_wconf 75' lang='lat' dir='ltr'>Matu&#39;tae</span> <span class='ocrx_word' id='word_1_192' title='bbox 922 2070 964 2099; x_wconf 87' lang='lat' dir='ltr'>et</span> <span class='ocrx_word' id='word_1_193' title='bbox 1009 2068 1146 2097; x_wconf 82' lang='lat' dir='ltr'>extra</span> <span class='ocrx_word' id='word_1_194' title='bbox 1191 2067 1382 2109; x_wconf 85' lang='lat' dir='ltr'>portam</span> <span class='ocrx_word' id='word_1_195' title='bbox 1432 2059 1533 2095; x_wconf 87' lang='lat' dir='ltr'>late</span> 
     </span>
     <span class='ocr_line' id='line_1_28' title="bbox 114 2129 1531 2183; baseline -0.003 -15"><span class='ocrx_word' id='word_1_196' title='bbox 114 2140 324 2181; x_wconf 81' lang='lat' dir='ltr'>vagatus</span> <span class='ocrx_word' id='word_1_197' title='bbox 354 2133 481 2182; x_wconf 82' lang='lat' dir='ltr'>ignis</span> <span class='ocrx_word' id='word_1_198' title='bbox 523 2146 663 2170; x_wconf 86' lang='lat' dir='ltr'>saera</span> <span class='ocrx_word' id='word_1_199' title='bbox 699 2134 1013 2183; x_wconf 85' lang='lat' dir='ltr'>profanaque</span> <span class='ocrx_word' id='word_1_200' title='bbox 1057 2131 1210 2168; x_wconf 87' lang='lat' dir='ltr'>multa</span> <span class='ocrx_word' id='word_1_201' title='bbox 1241 2129 1531 2178; x_wconf 85' lang='lat' dir='ltr'>absumpsit.</span> 
     </span>
     <span class='ocr_line' id='line_1_29' title="bbox 116 2200 1534 2253; baseline -0.003 -14"><span class='ocrx_word' id='word_1_202' title='bbox 116 2201 180 2240; x_wconf 83' lang='lat' dir='ltr'>Sic</span> <span class='ocrx_word' id='word_1_203' title='bbox 223 2204 346 2240; x_wconf 86' lang='lat' dir='ltr'>oratio</span> <span class='ocrx_word' id='word_1_204' title='bbox 393 2205 441 2241; x_wconf 89' lang='lat' dir='ltr'>ab</span> <span class='ocrx_word' id='word_1_205' title='bbox 482 2204 692 2241; x_wconf 86' lang='lat' dir='ltr'>editoribus</span> <span class='ocrx_word' id='word_1_206' title='bbox 736 2204 1031 2253; x_wconf 85' lang='lat' dir='ltr'>interpungitur.</span> <span class='ocrx_word' id='word_1_207' title='bbox 1116 2202 1193 2240; x_wconf 86' lang='lat' dir='ltr'>Sed</span> <span class='ocrx_word' id='word_1_208' title='bbox 1235 2213 1351 2249; x_wconf 90' lang='lat' dir='ltr'>quum</span> <span class='ocrx_word' id='word_1_209' title='bbox 1388 2200 1534 2248; x_wconf 85' lang='lat' dir='ltr'>templa</span> 
     </span>
     <span class='ocr_line' id='line_1_30' title="bbox 115 2271 1532 2321; baseline -0.003 -11"><span class='ocrx_word' id='word_1_210' title='bbox 115 2274 297 2311; x_wconf 83' lang='lat' dir='ltr'>Fortunae</span> <span class='ocrx_word' id='word_1_211' title='bbox 327 2282 363 2311; x_wconf 88' lang='lat' dir='ltr'>et</span> <span class='ocrx_word' id='word_1_212' title='bbox 393 2275 531 2312; x_wconf 82' lang='lat' dir='ltr'>Matris</span> <span class='ocrx_word' id='word_1_213' title='bbox 562 2277 722 2312; x_wconf 83' lang='lat' dir='ltr'>Matutae</span> <span class='ocrx_word' id='word_1_214' title='bbox 764 2289 840 2312; x_wconf 91' lang='lat' dir='ltr'>non</span> <span class='ocrx_word' id='word_1_215' title='bbox 888 2281 998 2311; x_wconf 84' lang='lat' dir='ltr'>extra</span> <span class='ocrx_word' id='word_1_216' title='bbox 1037 2281 1189 2321; x_wconf 86' lang='lat' dir='ltr'>portam</span> <span class='ocrx_word' id='word_1_217' title='bbox 1235 2271 1532 2314; x_wconf 74' lang='lat' dir='ltr'>Carmentalem,</span> 
     </span>
     <span class='ocr_line' id='line_1_31' title="bbox 115 2340 1535 2391; baseline -0.003 -11"><span class='ocrx_word' id='word_1_218' title='bbox 115 2344 182 2380; x_wconf 87' lang='lat' dir='ltr'>sed</span> <span class='ocrx_word' id='word_1_219' title='bbox 225 2345 325 2381; x_wconf 87' lang='lat' dir='ltr'>intra</span> <span class='ocrx_word' id='word_1_220' title='bbox 368 2359 453 2382; x_wconf 80' lang='lat' dir='ltr'>eam</span> <span class='ocrx_word' id='word_1_221' title='bbox 497 2346 616 2383; x_wconf 85' lang='lat' dir='ltr'>fuisse</span> <span class='ocrx_word' id='word_1_222' title='bbox 657 2352 826 2391; x_wconf 72' lang='lat' dir='ltr'>constet,</span> <span class='ocrx_word' id='word_1_223' title='bbox 876 2345 1061 2381; x_wconf 88' lang='lat' dir='ltr'>retinetur</span> <span class='ocrx_word' id='word_1_224' title='bbox 1102 2345 1151 2380; x_wconf 87' lang='lat' dir='ltr'>ab</span> <span class='ocrx_word' id='word_1_225' title='bbox 1184 2343 1383 2387; x_wconf 75' lang='lat' dir='ltr'>omnibus,</span> <span class='ocrx_word' id='word_1_226' title='bbox 1431 2340 1535 2389; x_wconf 88' lang='lat' dir='ltr'>quod</span> 
     </span>
     <span class='ocr_line' id='line_1_32' title="bbox 115 2411 1529 2464; baseline -0.002 -14"><span class='ocrx_word' id='word_1_227' title='bbox 115 2415 244 2451; x_wconf 80' lang='lat' dir='ltr'>neseio</span> <span class='ocrx_word' id='word_1_228' title='bbox 276 2416 359 2464; x_wconf 88' lang='lat' dir='ltr'>quis</span> <span class='ocrx_word' id='word_1_229' title='bbox 389 2423 498 2453; x_wconf 80' lang='lat' dir='ltr'>vetus</span> <span class='ocrx_word' id='word_1_230' title='bbox 529 2418 666 2462; x_wconf 76' lang='lat' dir='ltr'>editor,</span> <span class='ocrx_word' id='word_1_231' title='bbox 697 2417 850 2454; x_wconf 86' lang='lat' dir='ltr'>nomine</span> <span class='ocrx_word' id='word_1_232' title='bbox 882 2415 999 2464; x_wconf 83' lang='lat' dir='ltr'>Spei</span> <span class='ocrx_word' id='word_1_233' title='bbox 1031 2420 1165 2451; x_wconf 87' lang='lat' dir='ltr'>contra</span> <span class='ocrx_word' id='word_1_234' title='bbox 1199 2413 1352 2449; x_wconf 88' lang='lat' dir='ltr'>codices</span> <span class='ocrx_word' id='word_1_235' title='bbox 1383 2411 1529 2455; x_wconf 70' lang='lat' dir='ltr'>addito,</span> 
     </span>
     <span class='ocr_line' id='line_1_33' title="bbox 117 2484 1534 2536; baseline -0.003 -15"><span class='ocrx_word' id='word_1_236' title='bbox 117 2484 262 2522; x_wconf 82' lang='lat' dir='ltr'>effecit:</span> <span class='ocrx_word' id='word_1_237' title='bbox 306 2487 358 2523; x_wconf 93' lang='lat' dir='ltr'>In</span> <span class='ocrx_word' id='word_1_238' title='bbox 392 2488 588 2536; x_wconf 87' lang='lat' dir='ltr'>templis</span> <span class='ocrx_word' id='word_1_239' title='bbox 618 2488 663 2524; x_wconf 82' lang='lat' dir='ltr'>F.</span> <span class='ocrx_word' id='word_1_240' title='bbox 696 2494 739 2523; x_wconf 89' lang='lat' dir='ltr'>et</span> <span class='ocrx_word' id='word_1_241' title='bbox 770 2488 822 2523; x_wconf 86' lang='lat' dir='ltr'>M.</span> <span class='ocrx_word' id='word_1_242' title='bbox 855 2487 908 2523; x_wconf 85' lang='lat' dir='ltr'>M.</span> <span class='ocrx_word' id='word_1_243' title='bbox 940 2492 983 2522; x_wconf 89' lang='lat' dir='ltr'>et</span> <span class='ocrx_word' id='word_1_244' title='bbox 1015 2485 1132 2534; x_wconf 82' lang='lat' dir='ltr'>Spei</span> <span class='ocrx_word' id='word_1_245' title='bbox 1162 2490 1301 2521; x_wconf 82' lang='lat' dir='ltr'>extra</span> <span class='ocrx_word' id='word_1_246' title='bbox 1340 2488 1534 2531; x_wconf 84' lang='lat' dir='ltr'>portam</span> 
     </span>
     <span class='ocr_line' id='line_1_34' title="bbox 116 2554 1534 2606; baseline -0.003 -14"><span class='ocrx_word' id='word_1_247' title='bbox 116 2562 187 2592; x_wconf 86' lang='lat' dir='ltr'>eet.</span> <span class='ocrx_word' id='word_1_248' title='bbox 244 2556 348 2592; x_wconf 85' lang='lat' dir='ltr'>Nam</span> <span class='ocrx_word' id='word_1_249' title='bbox 387 2556 479 2606; x_wconf 84' lang='lat' dir='ltr'>Spei</span> <span class='ocrx_word' id='word_1_250' title='bbox 514 2558 698 2606; x_wconf 92' lang='lat' dir='ltr'>templum</span> <span class='ocrx_word' id='word_1_251' title='bbox 741 2563 851 2593; x_wconf 83' lang='lat' dir='ltr'>extra</span> <span class='ocrx_word' id='word_1_252' title='bbox 896 2563 1049 2605; x_wconf 89' lang='lat' dir='ltr'>portam</span> <span class='ocrx_word' id='word_1_253' title='bbox 1091 2555 1197 2592; x_wconf 86' lang='lat' dir='ltr'>illam</span> <span class='ocrx_word' id='word_1_254' title='bbox 1238 2554 1356 2590; x_wconf 71' lang='lat' dir='ltr'>fuisse</span> <span class='ocrx_word' id='word_1_255' title='bbox 1386 2559 1423 2589; x_wconf 85' lang='lat' dir='ltr'>et</span> <span class='ocrx_word' id='word_1_256' title='bbox 1454 2559 1534 2588; x_wconf 90' lang='lat' dir='ltr'>tum</span> 
     </span>
     <span class='ocr_line' id='line_1_35' title="bbox 118 2622 1534 2674; baseline -0.002 -13"><span class='ocrx_word' id='word_1_257' title='bbox 118 2627 401 2674; x_wconf 69' lang='lat' dir='ltr'>conflagrasse,</span> <span class='ocrx_word' id='word_1_258' title='bbox 433 2627 573 2664; x_wconf 81' lang='lat' dir='ltr'>scimus</span> <span class='ocrx_word' id='word_1_259' title='bbox 602 2641 621 2664; x_wconf 90' lang='lat' dir='ltr'>e</span> <span class='ocrx_word' id='word_1_260' title='bbox 652 2628 752 2664; x_wconf 89' lang='lat' dir='ltr'>libro</span> <span class='ocrx_word' id='word_1_261' title='bbox 793 2627 939 2671; x_wconf 85' lang='lat' dir='ltr'>XXV,</span> <span class='ocrx_word' id='word_1_262' title='bbox 987 2630 1022 2664; x_wconf 83' lang='lat'>7.</span> <span class='ocrx_word' id='word_1_263' title='bbox 1089 2626 1167 2664; x_wconf 89' lang='lat' dir='ltr'>Sed</span> <span class='ocrx_word' id='word_1_264' title='bbox 1201 2625 1266 2673; x_wconf 92' lang='lat' dir='ltr'>qui</span> <span class='ocrx_word' id='word_1_265' title='bbox 1304 2629 1465 2673; x_wconf 86' lang='lat' dir='ltr'>possunt</span> <span class='ocrx_word' id='word_1_266' title='bbox 1496 2622 1534 2658; x_wconf 87' lang='lat' dir='ltr'>in</span> 
     </span>
    </p>
   </div>
   <div class='ocr_carea' id='block_1_3' title="bbox 119 2694 1534 2746">
    <p class='ocr_par' dir='ltr' id='par_1_5' title="bbox 119 2694 1534 2746">
     <span class='ocr_line' id='line_1_36' title="bbox 119 2694 1534 2746; baseline -0.002 -14"><span class='ocrx_word' id='word_1_267' title='bbox 119 2696 191 2732; x_wconf 86' lang='lat' dir='ltr'>hac</span> <span class='ocrx_word' id='word_1_268' title='bbox 222 2697 401 2745; x_wconf 84' lang='lat' dir='ltr'>copulata</span> <span class='ocrx_word' id='word_1_269' title='bbox 431 2699 718 2736; x_wconf 86' lang='lat' dir='ltr'>enumeratione</span> <span class='ocrx_word' id='word_1_270' title='bbox 756 2697 832 2734; x_wconf 89' lang='lat' dir='ltr'>duo</span> <span class='ocrx_word' id='word_1_271' title='bbox 874 2697 1006 2746; x_wconf 86' lang='lat' dir='ltr'>priora</span> <span class='ocrx_word' id='word_1_272' title='bbox 1038 2695 1183 2744; x_wconf 86' lang='lat' dir='ltr'>templa</span> <span class='ocrx_word' id='word_1_273' title='bbox 1225 2708 1248 2731; x_wconf 83' lang='lat' dir='ltr'>a</span> <span class='ocrx_word' id='word_1_274' title='bbox 1278 2694 1389 2731; x_wconf 87' lang='lat' dir='ltr'>tertio</span> <span class='ocrx_word' id='word_1_275' title='bbox 1421 2706 1534 2742; x_wconf 88' lang='lat' dir='ltr'>sepa-</span> 
     </span>
    </p>
   </div>
  </div>
 </body>
</html>
