1811 2925
799 126 876 161 363

128 246 426 287 AEtolorum,
461 255 538 282 lum
571 247 608 282 in
641 248 867 289 XXXVII,
902 248 964 287 48,
1002 250 1023 282 b·
1057 246 1300 283 substitutum
1334 247 1548 283 subiecit

129 329 200 365 pro
232 317 455 353 subtexit.
486 325 521 353 et
553 318 758 361 XXXIX,
806 320 841 357 4,
889 319 910 353 S
943 317 1213 353 notissimae
1244 331 1314 366 pro
1346 318 1546 354 nobilis-

129 387 295 432 simae),
328 388 463 423 deinde
497 388 663 435 antiquae
697 394 733 424 et
757 400 857 424 verze
877 387 1074 435 scripturae
1100 387 1138 423 in
1165 388 1442 436 Bambergensi
1467 401 1546 424 ser-

128 462 238 497 vatae,
258 469 341 504 quae
360 457 396 493 in
415 458 644 505 Moguntino
664 471 739 494 non
759 457 924 494 fuerunt.
956 458 1203 505 Quamquam
1221 459 1318 495 enim
1336 459 1546 507 permultae,

128 538 212 574 quae
242 539 342 562 nuno
380 540 399 562 e
440 528 522 563 solo
566 528 844 576 Bambergensi
884 534 1085 564 notantur.
1132 528 1182 564 ibi
1217 541 1299 565 esse
1340 536 1549 578 potuerunt

128 596 249 640 (velut
293 597 386 646 ipsae
422 598 494 634 illae
540 599 576 633 in
607 598 714 633 initio
754 598 839 634 libri
883 598 1075 634 XXXIV
1113 600 1315 646 gemmulae
1353 612 1384 635 e.
1420 601 1462 644 2,
1499 602 1544 635 ll)

127 668 230 703 sine
262 674 423 704 tutore
454 676 673 712 auctore,
719 681 750 704 e.
786 671 820 704 4.
874 670 917 704 IS
965 669 1244 705 exorabilis
1277 682 1324 705 es
1356 676 1391 705 et
1430 669 1545 713 aliae),

126 737 392 785 relinquuntur
423 746 548 773 tamen
575 738 670 779 aliae,
702 739 738 774 in
771 740 908 786 quibus
939 740 1105 776 dubitari
1126 747 1305 788 nequeat,
1330 747 1368 775 ut
1391 740 1548 787 egregia

126 807 192 843 illa
215 808 251 843 in
284 809 464 850 XXXV,
496 810 558 844 25.
593 810 633 843 3:
665 809 911 857 regionem
946 811 1149 846 maxime
1179 810 1308 847 Oetae
1342 816 1546 858 spectat,

127 879 308 927 oppido
342 891 478 926 quam
512 879 658 914 breve
694 879 1033 919 intervallumq
1078 881 1142 916 ubi
1173 880 1357 917 Gelenius
1388 881 1425 916 in
1461 882 1547 916 Mo-

125 949 286 997 guntino
315 955 476 984 testatur
506 960 608 984 esse:
658 950 901 997 regionem
951 964 1003 987 ea
1046 951 1251 987 maxime
1296 952 1547 999 despectat

127 1019 368 1067 oppidum,
399 1032 488 1066 qua
518 1019 663 1054 breve
689 1018 1028 1067 intervallum).
1060 1023 1266 1058 Postremo
1299 1021 1398 1057 idem
1420 1022 1547 1058 decla-

125 1097 212 1125 rant
238 1096 385 1125 retenta
417 1089 584 1124 maxime
603 1089 640 1124 in
666 1089 763 1125 libro
781 1090 975 1126 XXXIII
992 1091 1116 1139 plura.
1135 1104 1219 1139 quae
1249 1092 1284 1127 in
1318 1093 1547 1140 Moguntino

126 1160 365 1204 exciderant3
384 1158 557 1209 (eollegit
576 1172 621 1195 ea
636 1159 883 1208 Kreyssigius
908 1160 1015 1209 praef.
1041 1175 1078 1210 p.
1111 1162 1184 1210 X).
1307 1162 1403 1199 Cum
1427 1164 1544 1199 Bam-

126 1229 303 1277 bergensi
341 1229 393 1265 ita
425 1230 707 1277 coniunguntur
743 1231 893 1267 codices
934 1232 1126 1280 vulgares.
1170 1241 1209 1269 ut
1252 1241 1440 1282 appareat.
1481 1246 1547 1269 eos

124 1311 201 1335 non
232 1312 278 1334 ex
317 1299 401 1347 ipso
433 1300 732 1348 Bambergensi,
779 1302 846 1337 sed
892 1315 940 1338 ex
984 1303 1059 1339 alio
1102 1304 1214 1340 simili
1248 1312 1353 1340 ortos
1399 1317 1481 1340 esse
1512 1311 1549 1340 et-

124 1369 263 1405 sensim
296 1370 559 1417 degenerasse.
622 1370 696 1408 Sed
728 1372 764 1407 in
796 1374 988 1409 communi
1019 1374 1083 1409 illo
1113 1381 1285 1422 parente,
1325 1388 1372 1411 ex
1404 1388 1479 1422 quo
1512 1382 1547 1410 et

125 1441 426 1488 Bambergensis
457 1448 491 1476 et
534 1441 765 1477 deteriorum
804 1443 980 1491 princeps
1012 1445 1115 1480 ducti
1145 1453 1251 1483 sunt,
1289 1446 1365 1481 iam
1398 1445 1546 1481 initium

124 1510 267 1547 factum
327 1520 407 1547 erat
458 1512 624 1560 propriae
680 1512 877 1549 cuiusdam
932 1513 1042 1550 labis.
1118 1518 1178 1551 Ae
1241 1516 1545 1552 coniunctionem

127 1581 280 1629 quidem
313 1582 412 1617 hane
443 1583 618 1630 labisque
650 1584 956 1619 communionem
980 1584 1244 1621 ‹le111011st1·ant
1263 1599 1379 1634 quum
1402 1587 1548 1623 lacunae

126 1653 409 1700 verborumque
451 1653 677 1689 omissiones
725 1656 821 1701 (quo
867 1666 1007 1702 genere
1054 1655 1135 1691 vitii
1175 1656 1236 1691 vel
1267 1658 1433 1694 maxime
1464 1658 1546 1694 vul-

125 1734 239 1769 gares
268 1723 508 1771 premuntur)
539 1724 668 1759 multa}
706 1724 924 1772 partimque
970 1725 1136 1774 insignes
1176 1727 1478 1776 Bambergensis
1511 1735 1547 1763 et

124 1792 341 1840 vulgarium
374 1806 607 1839 communes,
651 1807 734 1842 quae
775 1809 822 1831 ex
857 1796 939 1832 solo
970 1797 1200 1845 Moguntino
1244 1799 1406 1846 expletae
1447 1806 1547 1843 sunt7

124 1863 227 1899 velut
258 1864 295 1899 in
326 1864 403 1900 XL
433 1864 566 1912 primis
607 1865 796 1913 capitibus
835 1866 921 1902 libri
963 1866 1154 1904 XXXIV
1184 1869 1264 1904 hae:
1301 1868 1339 1904 in
1383 1881 1466 1917 cap.
1512 1872 1546 1913 7,

126 1936 146 1969 2
182 1934 275 1977 (hic
316 1935 474 1970 Romae
515 1934 686 1971 infimo
733 1937 899 1984 generi
938 1938 1189 1985 magistris
1235 1937 1482 1988 vicorum),
1514 1952 1548 1977 e.

133 2006 190 2045 16,
229 2007 240 2040 l
280 2012 315 2039 et
348 2005 369 2039 2
421 2006 502 2053 (ubi
540 2006 625 2054 plus
658 2007 937 2055 quinquaginta
977 2021 1092 2044 voees
1125 2009 1384 2054 omittuntur),
1417 2022 1448 2045 (·.
1487 2012 1545 2048 16.

126 2078 146 2110 5
182 2074 412 2123 (vinoque
443 2082 487 2111 et
527 2077 633 2112 cibo
678 2077 903 2127 curatae).
949 2092 979 2116 ο.
1018 2080 1081 2123 21,
1115 2081 1135 2115 8
1170 2080 1237 2124 (in
1269 2079 1548 2128 Hispania),

123 2157 155 2180 c.
189 2146 253 2181 27.
285 2148 306 2180 4
341 2145 571 2190 (Dromon
603 2147 695 2194 ipsi
729 2149 934 2196 vocant),
980 2162 1011 2185 c.
1045 2151 1108 2187 31.
1143 2153 1161 2185 4
1198 2158 1233 2186 et
1266 2152 1286 2186 6
1321 2150 1478 2195 (video
1509 2157 1546 2186 et

125 2220 257 2259 eam),
303 2227 334 2252 o.
385 2216 448 2253 32.
498 2218 542 2251 12
591 2217 837 2263 (civibus),
889 2232 919 2255 c.
954 2221 1017 2256 34.
1066 2222 1087 2255 2
1136 2220 1271 2268 (illud
1318 2222 1454 2257 modo
1493 2234 1549 2256 ne

124 2283 302 2327 fallat),
346 2297 378 2320 e.
412 2287 476 2328 36,
523 2287 543 2321 3
579 2287 962 2334 (praedationis),
1009 2296 1088 2326 tum
1120 2292 1275 2327 'menda
1319 2304 1548 2340 erroresque

123 2354 257 2390 formae
285 2355 333 2390 ad
358 2355 536 2391 indicium
568 2357 779 2404 perspieuae
804 2365 839 2393 et
862 2365 973 2395 certae
994 2361 1185 2409 permulti,
1215 2362 1321 2398 velut
1342 2363 1546 2407 XXXVI,

125 2426 188 2468 23,
234 2427 252 2460 7
306 2432 349 2460 et
395 2426 701 2474 exspectatio
748 2430 980 2476 temporis
1040 2444 1111 2479 pro
1157 2438 1201 2467 et.
1252 2445 1309 2469 ex
1354 2433 1546 2469 ratione

124 2496 359 2542 temporis
392 2496 551 2541 (omisso
583 2497 620 2532 in
653 2498 931 2547 Bambergcnsi
971 2500 1085 2536 etiam
1131 2503 1316 2547 consul,
1363 2504 1466 2550 quod
1508 2504 1545 2539 in

124 2564 258 2600 ceteris
283 2565 483 2613 retinetur)
517 2575 583 2602 aut
599 2579 630 2602 e.
655 2568 718 2607 24,
739 2569 760 2602 5
795 2580 887 2615 qua
916 2571 1166 2617 progressi
1196 2580 1337 2609 erant
1366 2587 1436 2622 pro
1467 2575 1548 2610 his:

122 2634 167 2669 in
209 2646 301 2682 qua
341 2635 557 2672 aedificia
598 2644 739 2673 extra
784 2638 946 2674 urbem
991 2648 1145 2677 erant.
1192 2649 1229 2677 et
1267 2641 1545 2678 eiusdemmodi
