1811 2925
820 161 897 196 515
1364 160 1438 192 Lib.
1457 160 1570 192 XLII:

145 285 246 321 mine
279 284 316 320 in
347 289 482 319 senatu
515 284 693 319 Romano
724 282 860 318 habita
889 288 947 318 est
976 282 1163 318 adversus
1184 295 1313 330 regem
1358 289 1572 322 externum.

146 354 373 403 optimatum
412 353 622 401 populique
666 352 833 401 partium
877 352 1091 388 dissensum
1130 366 1206 389 non
1248 353 1460 404 attingens3
1501 369 1572 391 nec

144 425 241 460 bene
286 424 545 472 popularis
591 436 635 459 ac
680 428 821 472 grata
862 422 1060 471 populis
1110 423 1239 459 Asiae
1290 425 1412 472 (quod
1457 425 1571 474 longe

144 495 248 530 aliud
279 495 350 541 est)
398 494 692 541 coniunguntur.
768 495 814 531 In
845 493 978 530 codice
1009 494 1192 542 scriptum
1226 500 1371 530 exstat:
1415 507 1571 544 popu-

142 565 289 601 larem
326 565 516 613 quidem
549 565 740 613 quidem
770 565 1017 613 ingratam
1045 564 1364 613 populisnam
1389 577 1441 600 eo
1459 577 1571 613 quo-

143 649 232 683 que
262 641 334 674 cet.
410 635 544 671 Livius
589 635 683 671 nihil
714 636 921 683 scripserat
970 635 1043 671 nisi
1092 636 1191 672 haec:
1236 635 1570 684 popularibus

142 707 329 754 quidem
387 706 534 749 (seinen
581 706 857 750 Landsleuten)
899 711 1095 753 gratam
1141 705 1264 756 (nam
1296 718 1349 742 eo
1381 719 1571 754 quoque

142 777 233 813 iam
264 777 406 813 favor
434 777 607 813 Persei
639 777 858 823 venerat)
891 777 1167 813 orationem
1200 777 1387 815 habuit..
1454 777 1569 817 Exm

141 854 330 896 gratam
364 853 488 884 ortum
519 849 778 896 ingratam.
845 847 926 884 Pro
947 847 1277 896 popularibus
1305 860 1421 895 quum
1453 847 1571 884 libra-

139 919 218 954 rius
250 919 350 954 male
380 919 671 967 popularem
704 917 944 966 scripsisset,
976 917 1172 965 corrigere
1201 918 1335 954 volens
1370 917 1569 966 populis

139 989 315 1037 scripsit.
363 1002 466 1025 novo
498 989 656 1033 mendo,
688 994 730 1024 ut
761 988 851 1024 alibi
882 1000 960 1023 non
991 1000 1081 1024 raro
1115 988 1206 1029 (vid.
1238 1001 1276 1036 p.
1314 986 1426 1038 492).
1502 989 1569 1025 Eo

138 1059 274 1095 referri
321 1065 485 1108 apparet
536 1059 585 1095 ad
628 1059 809 1095 Rhodum
857 1058 1170 1106 popularium
1222 1059 1376 1094 nomine
1425 1058 1570 1106 signifi-

139 1136 279 1166 catam.

250 1200 347 1249 Cap.
384 1203 455 1244 15,
503 1203 523 1236 5
575 1201 641 1247 (de
671 1201 782 1244 loco,
824 1199 889 1235 ubi
932 1198 1099 1235 Eumeni
1130 1198 1306 1246 Delphos
1352 1198 1569 1235 escendenti

136 1270 322 1306 Euander
364 1276 401 1307 et
435 1271 499 1307 alii
544 1271 713 1307 insidiati
747 1270 871 1317 sunt):
918 1268 1315 1306 Escendentibus
1352 1269 1409 1304 ad
1452 1275 1570 1305 tem-

135 1340 262 1388 plum
439 1342 658 1378 maceria
702 1347 810 1378 erat
867 1341 923 1377 ab
966 1340 1089 1375 laeva
1133 1339 1313 1375 semitae
1368 1340 1567 1388 paulum

135 1416 337 1447 exstans
360 1424 383 1447 a
409 1411 856 1460 fundamento‚qua
887 1410 1070 1459 singuli
1102 1410 1394 1448 transirent.
1436 1410 1570 1447 Maee-

135 1480 233 1517 riam
259 1482 418 1529 paulum
451 1483 643 1519 exstitisse
675 1496 697 1518 a
727 1482 994 1525 fundamento,
1039 1480 1217 1529 profecto
1248 1493 1327 1516 non
1358 1493 1455 1529 opus
1488 1489 1569 1518 erat

137 1551 225 1597 dici,
257 1553 323 1588 sed
356 1553 480 1601 qualis
512 1553 650 1589 semita
679 1552 830 1597 fuisset3
862 1565 934 1589 nec
966 1557 1056 1600 apte
1087 1551 1187 1587 inter
1217 1551 1398 1587 semitae
1415 1557 1452 1588 et
1473 1564 1570 1600 qua

136 1621 393 1670 interponitur
423 1625 469 1660 de
514 1625 684 1660 maceria
723 1623 919 1672 paulum
955 1629 1163 1659 exstans
1209 1635 1232 1658 a
1262 1622 1415 1666 fund,
1459 1623 1569 1670 quasi

137 1694 307 1729 maceria
324 1694 556 1731 transierint.
616 1696 662 1731 In
685 1695 817 1731 codice
834 1694 1031 1731 scribitur:
1064 1692 1448 1728 macerieratabl
1463 1693 1569 1729 evia

136 1764 356 1800 semitam
387 1764 579 1813 paulum
613 1771 859 1801 extantem
893 1778 916 1801 a
947 1764 1269 1800 fundamento
1301 1775 1404 1810 qua.
1445 1762 1569 1800 Scribi

136 1833 253 1881 igitur
283 1834 414 1871 debet:
460 1836 676 1872 maceria
727 1842 835 1872 erat
867 1835 923 1871 ab
954 1834 1075 1870 laeva
1106 1834 1163 1869 ad
1194 1832 1414 1869 semitam
1446 1846 1570 1882 pau-

136 1903 229 1940 lum
264 1911 553 1944 exstantem.
618 1908 800 1955 Persaepe
845 1906 884 1942 in
916 1905 1048 1942 codice
1090 1916 1114 1943 a
1152 1916 1223 1952 pro
1267 1903 1325 1939 ad
1377 1903 1567 1942 scribitur.

137 1974 226 2022 (Ab
256 1975 376 2012 laeva
408 1976 452 2012 in
483 1977 703 2013 semitam
745 1976 928 2013 Latinum
958 1989 1037 2012 non
1068 1980 1147 2019 est,
1190 1974 1249 2009 ab
1276 1973 1395 2009 laeva
1425 1975 1569 2010 semi-

136 2053 234 2082 tam
264 2059 341 2083 non
372 2047 496 2083 minus
527 2049 736 2084 barbarum
765 2059 881 2094 quam
912 2045 1029 2089 illud,
1062 2045 1166 2093 quod
1196 2044 1232 2080 iu
1264 2043 1393 2088 VIII„
1428 2046 1474 2080 15
1494 2072 1503 2086 ,
1547 2045 1569 2081 8

135 2117 354 2165 fingebatur
385 2118 558 2154 dextra
589 2118 744 2165 viam.)

252 2187 350 2236 Cap·
392 2190 457 2231 16„
490 2189 511 2223 9
545 2189 769 2235 (postquam
803 2187 924 2230 dixit,
970 2185 1146 2222 Attalum
1180 2184 1292 2232 signa
1322 2185 1474 2221 dedisse
1505 2198 1569 2222 cu—

138 2258 310 2305 piditatis
326 2258 553 2307 regnandi):
582 2258 692 2305 Quae
722 2262 897 2305 postea
926 2268 1022 2292 non
1042 2255 1279 2292 fefellere
1295 2255 1568 2300 Eumenem,

139 2334 184 2364 et
220 2341 510 2376 quamquam
543 2328 862 2363 dissimulare
894 2333 938 2363 et
968 2326 1123 2362 tacite
1153 2325 1334 2361 habere
1363 2324 1409 2360 id
1439 2325 1568 2374 pati-

138 2412 226 2447 que
257 2404 513 2440 statuerat,
544 2398 781 2434 tamenin
815 2397 969 2446 primo
993 2407 1262 2444 congressu
1282 2401 1569 2444 nontempe-

138 2469 281 2513 ravit,
306 2469 418 2516 quin
436 2474 507 2504 cet.
547 2468 683 2505 Otiose
700 2474 791 2517 post
807 2467 1120 2503 dissimulare
1144 2471 1186 2502 et
1217 2465 1367 2501 tacite
1388 2466 1568 2501 habere

141 2539 296 2575 additur
326 2538 532 2586 patique
564 2545 601 2574 et
633 2538 771 2574 vitiose
804 2538 919 2574 etiam
952 2537 1109 2581 dicitur3
1142 2549 1230 2572 nam
1266 2548 1350 2583 quae
1380 2536 1455 2571 iam
1489 2535 1568 2572 fac-

138 2615 179 2644 ta
209 2615 315 2652 sunt,
345 2621 422 2644 non
454 2608 650 2656 patimur,
703 2608 770 2643 sed
798 2607 921 2643 inulta
963 2620 1046 2643 esse
1077 2607 1256 2655 patimur.
1315 2606 1417 2642 Tum
1448 2618 1569 2654 prave

140 2684 229 2726 post.
259 2691 356 2726 quae
390 2679 545 2726 ponitur
575 2678 631 2713 id.
698 2677 800 2714 Illud
833 2690 988 2725 quoque
1021 2676 1139 2725 quaeri
1170 2680 1325 2724 potest,
1368 2676 1569 2716 dicaturne

1235 2756 1298 2789 33*
