1811 2925
828 120 905 155 235
1307 120 1379 152 Lib.
1406 121 1522 155 XXII.

165 241 389 280 adnotaret.
434 254 548 290 quum
582 255 693 278 nemo
726 241 880 277 omnino
911 241 1148 289 prodictator
1175 250 1262 278 ante
1293 243 1438 284 fuisset.
1499 246 1571 282 Re-

166 312 386 361 pugnantiae
417 320 543 348 autem
576 312 787 348 manifestae
830 319 864 347 et
896 311 1143 349 intolerabilis
1175 326 1289 350 causa
1321 327 1396 351 non
1426 315 1463 352 in
1493 316 1571 353 dic-

165 383 301 419 tatoris
332 383 484 419 nomine
514 383 640 431 posita
671 389 738 419 est.
770 382 834 418 scd
867 383 902 418 in
926 383 1162 432 superiorum
1194 385 1398 422 verborum
1433 386 1569 435 depra-

166 453 334 499 vatione,
387 466 500 502 quam
547 453 673 501 arguit
710 454 818 501 gravi
861 453 999 490 indicio
1037 454 1121 490 cod.
1167 456 1223 502 1’,
1255 457 1453 504 populo.
1496 471 1571 494 non

166 523 372 571 populus
417 524 582 561 habens.
638 536 721 559 cum
764 536 905 573 magna
943 524 1088 561 lacunae
1129 526 1355 574 suspicione.
1443 528 1570 575 Quum

165 594 263 630 enim
295 601 450 631 senatus
483 596 708 631 dictatorem
739 595 942 631 creandum
978 596 1186 632 censuisset
1215 608 1281 632 nec
1312 597 1473 644 adesset,
1506 599 1571 646 qui

165 677 250 700 eum
282 665 435 702 diceret.
466 667 610 710 consul.v
641 666 856 715 proximum
891 679 1090 702 occurrere
1120 674 1290 714 poterat,
1337 675 1376 704 ut
1406 669 1454 705 ab
1489 669 1573 718 ipso

164 743 299 772 senatu
330 744 539 776 crearetur:
586 738 622 773 id
665 750 780 785 quum
824 750 899 772 non
939 737 1091 782 liceret,
1131 738 1178 774 ad
1222 739 1425 787 populum,
1467 740 1573 776 cuius

164 818 354 842 summum
385 808 442 843 ius
473 816 573 844 erat.
615 815 766 844 ventum
806 814 873 844 est.
940 807 1104 844 Videtur
1145 809 1258 857 igitur
1294 810 1424 846 Livius
1455 811 1573 859 scrip—

165 876 278 912 sisse:
329 890 412 913 nec
462 878 749 915 dictatorem
796 879 976 928 populo
1028 877 1122 928 [non
1174 880 1347 916 consulto
1397 880 1570 931 senatus]

166 960 338 984 creare
369 956 580 997 poterat.
612 949 734 997 quod
768 962 1004 998 nunquam
1038 957 1147 985 ante
1178 964 1279 986 cum
1316 952 1439 988 diem
1472 952 1573 988 fac·

166 1027 260 1055 tum
294 1028 419 1063 erat,
450 1020 742 1056 dictatorem
772 1021 982 1069 populus
1014 1028 1102 1062 cet.q
1133 1020 1295 1057 similive
1326 1023 1452 1058 modo.
1513 1024 1572 1060 De

119 1115 122 1118 -
165 1089 310 1126 lacunis
354 1091 390 1126 in
423 1091 495 1127 hae
536 1090 678 1127 decade
720 1091 983 1138 frequentibus
1023 1091 1101 1127 dixi
1139 1103 1257 1140 supra
1288 1104 1324 1140 p.
1359 1093 1463 1135 ἳυῧ,
1505 1107 1573 1130 ex-

165 1161 300 1209 emplis
331 1175 378 1198 cx
409 1163 481 1198 hoc
511 1161 595 1210 ipso
626 1161 722 1197 libro
755 1161 899 1209 positis.
965 1162 1088 1198 Paulo
1120 1170 1206 1198 ante
1240 1160 1273 1212 (ξ
1293 1164 1331 1208 3)
1362 1176 1437 1200 non
1461 1177 1574 1213 posse

164 1240 250 1280 post
290 1233 533 1269 aestimare
574 1233 630 1276 (id
671 1240 751 1268 cst.
795 1232 1116 1277 aestimabant)
1166 1233 1264 1268 inter
1307 1234 1575 1271 sentiretur

163 1310 201 1339 et
255 1312 550 1352 aggravaret
601 1335 635 1342 ..
684 1311 883 1353 possent
941 1303 1031 1339 ferri
1081 1303 1245 1339 medium
1309 1304 1572 1353 interpositum

164 1374 416 1418 inciderit,
460 1375 526 1411 sed
557 1388 670 1411 unam
702 1375 865 1411 litteram
897 1374 1119 1410 mutandam
1159 1386 1266 1414 esse,
1307 1383 1344 1410 ut
1376 1375 1422 1411 sit
1453 1376 1574 1413 inci-

165 1444 312 1489 deret,
343 1454 521 1494 apparet:
552 1446 783 1494 ineptissime
804 1445 839 1481 in
871 1446 942 1481 hoc
973 1458 1046 1481 uno
1079 1445 1249 1481 membro
1286 1446 1409 1494 figura
1444 1447 1575 1494 aliqua

166 1516 329 1563 tingitur.

278 1586 374 1635 Cap.
407 1590 442 1628 9,
475 1589 495 1624 2
530 1588 598 1637 (cle
633 1587 847 1623 Hannibale
879 1599 901 1622 a
931 1586 1102 1634 SpoletQ
1136 1586 1238 1634 quod
1270 1595 1573 1636 oppugnaverat,

166 1669 249 1693 cum
283 1671 423 1707 magna
453 1671 608 1695 suorum
646 1658 747 1694 caede
778 1658 966 1706 repulso):
1012 1657 1296 1693 coniectans
1337 1670 1393 1694 ex
1436 1658 1573 1694 unius

166 1728 366 1765 coloniae
408 1730 534 1766 haud
592 1729 731 1765 nimis
784 1740 1018 1777 prospere
1074 1734 1316 1776 temptatae
1366 1728 1572 1764 viribus.

166 1808 348 1847 quanta
386 1801 533 1837 moles
565 1802 788 1837 Rwomanae
835 1799 968 1835 urbis
1011 1806 1152 1836 esset.
1224 1799 1369 1847 Figura
1401 1812 1457 1842 ea‚
1489 1811 1573 1847 quse

166 1862 343 1921 Imo'ttsg
386 1872 622 1920 appellatur,
665 1871 812 1907 Livium
857 1882 963 1905 usum
995 1875 1153 1918 putant.
1196 1882 1279 1917 quae
1318 1870 1354 1905 iu
1386 1869 1572 1906 hocloco

165 1949 277 1978 esset.
307 1941 338 1977 si
369 1955 439 1990 pro
471 1942 610 1978 valde
641 1940 918 1978 infeliciter
949 1939 1105 1975 dixisset
1138 1940 1286 1976 minus
1317 1953 1573 1989 prospere:

165 2024 282 2059 quum
314 2025 359 2048 ea
393 2014 494 2053 urbs',
526 2026 548 2048 a
582 2025 658 2061 qua
688 2012 772 2060 quis
803 2023 887 2047 cum
919 2022 1059 2058 magna
1090 2011 1191 2047 czede
1221 2011 1406 2055 discessit,
1449 2011 1573 2047 haud

166 2082 306 2119 nimis
336 2096 572 2133 prospere
617 2090 762 2119 tentata
791 2081 945 2121 dicitur,
992 2081 1131 2117 acerba
1174 2089 1210 2117 et
1257 2094 1377 2130 prope
1407 2082 1574 2118 scurrilis

165 2153 290 2190 irrisio
321 2162 389 2190 est.
431 2167 565 2203 parum
600 2153 699 2190 Livii
728 2151 938 2189 narrationi
981 2158 1083 2201 apta.
1159 2151 1235 2189 Sed
1268 2152 1455 2201 scriptura
1491 2153 1572 2188 nul·

166 2223 241 2261 lum
272 2225 389 2261 habet
433 2233 566 2261 testem
612 2224 860 2273 locupletem3
898 2234 985 2258 nam
1024 2222 1060 2258 in
1104 2222 1170 2259 PC
1208 2223 1402 2259 scribitur:
1447 2223 1572 2259 haud

164 2295 564 2345 minueprospere
613 2295 666 2333 ‹in
697 2293 728 2331 C
773 2306 796 2328 a
826 2305 900 2331 sec.
951 2305 1065 2329 manu
1110 2293 1232 2329 haud
1272 2289 1420 2330 minu’
1469 2306 1571 2343 pro-

164 2365 340 2416 spere).
370 2367 406 2403 in
439 2367 478 2402 M
513 2365 660 2411 (Harl,
691 2366 786 2401 Lov.
819 2364 862 2413 3)
904 2363 1027 2400 haud
1061 2363 1216 2399 minus
1254 2375 1505 2412 prospere3
1535 2364 1572 2400 in

163 2437 439 2474 recentioribus
476 2436 626 2485 longius
671 2436 882 2474 aberratur,
963 2435 1106 2470 Verum
1154 2440 1211 2470 est
1261 2434 1412 2470 minus
1462 2447 1572 2483 pro-

164 2519 305 2555 spere
335 2514 599 2555 temptatae,
638 2506 702 2542 sed
741 2506 866 2542 haud
902 2505 1148 2554 praepositum
1191 2504 1375 2549 ostendit,
1421 2504 1569 2540 Livium

163 2578 212 2614 ad
234 2578 332 2614 hanc
352 2577 516 2614 formam
538 2577 754 2626 scripsisse:
788 2589 843 2612 ex
872 2575 1012 2612 unius
1041 2576 1244 2612 coloniae
1269 2575 1394 2611 haud
1427 2573 1571 2624 [max-

163 2648 280 2697 imae]
312 2648 464 2684 minus
493 2659 729 2696 prospere
759 2653 1004 2696 temptatae
1046 2646 1251 2691 viribus,
1279 2645 1483 2695 {aptissime
1523 2645 1572 2682 ad
