1811 2925
267 129 340 160 Lib.
369 128 449 162 vn.
895 130 967 165 142

223 252 510 294 consuetudine,
540 250 766 293 iudicamus,
795 255 836 285 ut
867 249 945 285 haee
976 249 1023 285 sit
1061 248 1270 285 sententia:
1318 247 1444 295 quod
1474 247 1632 283 erede-

223 329 330 358 rent
361 322 505 358 ullum
541 326 626 364 etc„
643 321 789 356 ullum
822 319 972 366 quidem
989 331 1201 367 pronomen
1218 322 1423 354 excusatur
1440 329 1498 361 eo,
1531 317 1633 364 qnod

224 393 410 442 praeeedit
439 391 681 440 improbandi
711 390 936 439 significatio
973 388 1165 435 (Gramm.
1199 389 1282 424 Lat.
1318 392 1335 432 ξ
1368 389 1445 423 494
1477 388 1538 431 b),
1568 388 1635 423 sed

227 466 371 500 haereas
411 475 486 497 non
525 461 714 497 immerito
757 460 793 496 in
824 461 896 496 hae
927 460 1009 507 ipsa
1041 458 1229 506 opinionis
1260 464 1296 494 et
1325 458 1551 505 suspicionis
1578 457 1634 493 in-

223 540 336 570 eertae
369 531 647 580 significatione
680 537 717 567 et
748 530 1056 578 reprehensione.
1122 529 1260 576 Neque
1289 535 1417 564 tamen
1441 528 1550 564 aliter
1579 527 1635 563 in-

224 603 425 652 terpretari
456 603 576 637 verba
609 602 708 640 licet.
773 602 876 637 Nam
908 601 1010 647 quod
1040 599 1399 643 Weissenbornius,
1440 599 1505 645 qui
1536 596 1634 634 diffi-

225 675 405 711 cultatem
435 672 598 708 sensisse
644 672 816 715 videtur,
857 676 979 706 totum
1010 671 1100 706 hoe:
1142 682 1198 705 an
1240 669 1389 704 ullum
1426 689 1470 694 —
1506 674 1636 704 esset

226 744 374 792 seiungi
410 742 492 778 vult
522 755 545 778 a
570 742 772 790 participio
804 741 1090 776 dubitantes
1126 746 1163 776 et
1192 752 1262 788 pro
1295 740 1380 788 ipsa
1411 738 1533 775 Curtii
1566 740 1636 775 ob-

226 815 412 864 iurgantis
451 811 751 859 interrogatione
793 811 939 859 aeeipi,
989 811 1026 846 id
1058 811 1210 858 quidem
1250 810 1331 846 fieri
1376 810 1478 845 nullo
1520 815 1634 857 paeto

226 891 353 936 potest
381 885 419 920 in
449 884 521 919 hac
552 885 834 922 structurasan
857 902 908 908 ———
940 884 1086 929 esset)
1117 879 1319 929 participio
1351 879 1636 915 dubitantes

228 957 416 997 subiecta;
453 952 653 989 dicendum
694 959 775 988 erat
807 952 941 988 saltem
972 952 1141 999 legitima
1173 950 1336 997 obliquae
1366 949 1637 997 interrogatio·

226 1028 284 1063 nis
314 1026 457 1062 forma:
480 1035 534 1059 an
566 1022 709 1058 ullum
742 1043 787 1047 ——
813 1034 951 1069 quam
984 1035 1114 1057 arma
1143 1021 1475 1067 virtutemque
1507 1018 1637 1055 esse?

229 1097 338 1142 (oder
387 1095 440 1130 sei
471 1092 606 1138 wohl);
649 1093 713 1128 sed
763 1105 810 1128 ne
851 1093 949 1128 hane
990 1092 1142 1140 quidem
1182 1090 1443 1138 interrogandi
1474 1089 1638 1125 formam

232 1174 311 1202 tam
345 1166 505 1211 abrupte
534 1162 588 1197 illi
618 1162 902 1198 dubitantes
933 1163 1170 1198 subiecturus
1201 1161 1333 1197 Livius
1359 1167 1458 1199 erat:
1480 1160 1639 1196 saltem:

229 1250 285 1273 an
316 1236 438 1272 enim
469 1233 608 1269 ullum
639 1239 709 1269 eet.
742 1230 1012 1281 scripsisset.¹)

255 1491 286 1534 ¹)
321 1493 501 1532 Exponere
525 1488 618 1525 libet,
648 1497 714 1526 quo
740 1487 1003 1527 perveniendum
1030 1487 1072 1517 sit
1098 1486 1148 1522 ei,
1189 1485 1245 1524 qui
1285 1484 1376 1513 illam
1414 1483 1641 1523 suspicionem

324 1554 364 1583 de
391 1553 463 1592 ipsa
491 1549 598 1580 Curtii
625 1547 890 1587 interrogatione
923 1547 1099 1578 interiecta
1125 1546 1280 1587 persequi
1305 1545 1394 1575 velit.
1446 1544 1532 1574 Nam
1559 1553 1642 1584 quo-

326 1615 415 1645 niam
450 1612 613 1642 infinitam
648 1610 789 1641 formam
828 1609 1019 1640 necessario
1058 1614 1169 1639 tenere
1204 1606 1340 1637 debebit
1381 1614 1491 1644 neque
1530 1610 1644 1635 tamen

325 1676 461 1706 virtus
486 1674 519 1702 in
546 1673 751 1702 virtutem
779 1671 849 1701 sine
863 1681 996 1701 summa
1010 1673 1198 1702 temeritate
1212 1674 1342 1699 mutare
1362 1667 1496 1708 poterit,
1524 1666 1644 1696 redibit

325 1739 366 1768 ad
393 1746 464 1767 eam
492 1734 631 1765 formam
658 1733 897 1773 interpretandi
916 1733 1033 1762 moniti
1047 1733 1116 1762 sive
1130 1731 1295 1761 librorum
1308 1728 1551 1769 Sibyllinorum
1563 1727 1643 1759 sive,

324 1805 361 1830 ut
387 1798 497 1828 Varro
526 1795 637 1831 tradit⁷
663 1794 892 1834 haruspicum,
920 1803 993 1832 quae
1020 1794 1089 1824 sine
1119 1793 1221 1823 dubio
1247 1792 1354 1832 prima
1380 1790 1503 1820 tradita
1528 1790 1561 1818 in
1579 1789 1643 1818 hac

329 1860 522 1891 narratione
549 1862 608 1887 est.
659 1855 777 1894 Neque
803 1855 889 1885 enim
916 1864 984 1884 rem
1023 1855 1184 1894 optimam
1220 1852 1334 1892 populi
1372 1850 1534 1887 Romani,
1569 1858 1644 1890 quae

331 1921 475 1953 dicanda
501 1923 606 1955 esset,
645 1916 782 1948 Curtius
809 1916 1047 1956 interpretatus
1073 1914 1273 1945 narrabatur
1299 1922 1417 1942 arma
1443 1917 1482 1941 et
1506 1911 1645 1940 virtu-

323 1991 429 2019 tem3
456 1990 532 2011 nam
561 1980 665 2009 virtus
692 1988 768 2008 eum
794 1977 895 2007 armis
920 1977 954 2006 in
981 1976 1037 2006 tali
1066 1985 1099 2005 re
1126 1974 1284 2013 coniungi
1313 1979 1344 2003 et
1369 1974 1420 2003 dis
1447 1972 1552 2002 dicari
1572 1974 1645 2008 (an-

331 2046 500 2084 tiquorum
527 2040 803 2079 sensu).nequit;
853 2039 992 2067 virum
1028 2036 1145 2075 (viros)
1188 2040 1246 2065 aut
1287 2044 1404 2064 arma
1441 2039 1479 2063 et
1503 2033 1643 2062 virum

329 2107 450 2145 (virum
478 2105 658 2135 armatum)
696 2102 934 2140 interpretatus
961 2103 1048 2134 erat;
1093 2099 1194 2137 idque
1235 2096 1409 2137 perspicue
1451 2096 1646 2123 narraverat

328 2168 395 2197 Dio
421 2165 576 2201 Cassius,
615 2164 670 2203 qui
697 2172 766 2193 rem
794 2160 949 2192 Graecula
986 2165 1057 2190 arte
1083 2168 1250 2189 exornans
1278 2156 1431 2187 Curtium
1467 2154 1647 2183 induxerat

328 2227 495 2258 rhetorice
522 2225 760 2265 explicantem,
787 2227 912 2263 quanta
938 2226 1024 2251 esset
1049 2221 1108 2250 viri
1137 2219 1304 2258 dignitas3
1331 2217 1409 2255 (vid.
1438 2215 1559 2254 fragm.
1586 2214 1645 2244 lib.

330 2289 415 2320 XIV
442 2298 471 2327 p.
501 2291 542 2317 26
571 2287 699 2323 Bekk.,
726 2285 849 2316 Zonar.
874 2283 962 2316 VII,
997 2285 1050 2312 25.
1115 2280 1217 2320 Apud
1252 2279 1442 2309 Varronem
1470 2276 1588 2307 L.L.V
1615 2286 1646 2316 p.

331 2355 369 2381 41
402 2350 474 2390 Bip.
516 2349 597 2378 civis
629 2347 833 2378 fortissimus
871 2345 963 2376 utin
997 2344 1125 2375 hiatum
1153 2342 1402 2377 demitteretur,
1436 2338 1646 2378 postulatum

332 2417 497 2442 narratur,
524 2410 671 2440 Procilio
699 2406 862 2446 auctore),
922 2406 1021 2444 Quid⁷
1056 2404 1183 2445 quode
1215 2399 1559 2444 Suidav.Al{359vog
1590 2409 1648 2438 ap-

333 2477 427 2514 paret
445 2472 557 2507 fuisse,
586 2470 787 2509 quiVirgilii
814 2469 968 2500 AEneidis
985 2467 1113 2497 initium
1142 2465 1273 2504 (arma
1295 2460 1534 2501 virumque)
1568 2460 1646 2489 hine

334 2542 449 2565 natum
467 2532 655 2571 fingerent?
692 2531 865 2561 Scribetur
881 2529 997 2568 igitur:
1024 2537 1075 2557 an
1098 2525 1234 2556 ullum
1261 2523 1647 2562 magisRomanum

333 2598 489 2628 bonum
517 2603 638 2634 quam
665 2602 780 2622 arma
812 2591 1034 2629 virumque
1061 2587 1177 2618 esse?
1220 2587 1289 2616 Hae
1309 2590 1422 2615 utatur
1445 2584 1648 2617 coniectura,

334 2658 391 2697 qni
418 2657 528 2691 volet;
556 2665 618 2693 ego
644 2664 710 2684 non
734 2659 817 2683 utor.
