1811 2925
278 126 351 157 Lib.
378 124 421 156 V.
895 124 966 159 122

220 250 374 286 missum
406 248 440 284 oi
475 248 522 284 ab
555 246 779 293 Ambigato,
811 251 850 281 ut
884 257 931 280 ex
961 244 1122 292 imperio
1154 257 1223 281 suo
1254 245 1427 281 homines
1474 245 1631 291 egge-iret.

221 322 371 370 Opinoi·
402 319 553 355 Livium
590 316 806 364 scripsisse:
838 316 900 359 Is,
933 315 1053 362 quod
1083 315 1128 350 in
1163 327 1244 350 sex
1274 316 1462 363 populis
1495 317 1636 353 abun-

220 393 379 435 dabat,
410 387 678 435 Bituriges,
711 387 979 428 A1·vernOS‚
1010 385 1207 430 AEduos,
1239 388 1303 431 A„
1335 385 1389 432 C.7
1424 387 1529 423 Aul.
1561 400 1637 423 ex-

220 463 351 500 civit.
418 462 537 497 Recte
568 464 696 494 autem
727 467 884 505 prorsus
915 455 1158 491 acousativus
1175 457 1348 504 ponitur;
1380 457 1519 493 exc-ivit
1536 457 1637 492 enim

220 533 415 580 Bituriges
450 536 687 576 ceterosque,
720 527 822 575 quod
853 538 983 561 eorum
1016 526 1249 566 abundabat,

333 601 513 649 Sequitur
555 599 688 635 eodem
734 597 858 646 capite
909 600 926 641 ξ
963 598 983 632 S
1016 602 1052 632 et
1095 598 1135 633 9:
1180 598 1232 633 Id
1263 597 1395 634 Galli
1431 599 1638 634 fortunae

221 687 311 711 suae
346 685 481 709 omen
512 670 606 706 rati
637 669 890 712 adiuvere,
935 672 1005 712 ut,
1056 680 1190 716 quem
1232 668 1432 716 primum
1464 669 1507 704 in
1538 675 1638 705 ter-

220 757 321 781 ram
354 741 543 791 egressi
577 745 937 787 occupaverant
967 739 1150 783 locum,
1181 739 1463 787 patentibus
1494 740 1637 775 silvis

223 813 589 853 communirent.
664 810 771 859 Ipsi
816 823 900 857 per
929 810 1176 846 Taurinos
1216 810 1466 857 saltusque
1504 810 1639 846 Iuliae

223 886 363 935 Alpis
394 882 812 925 transcenderunt,
830 887 900 916 etc.
961 880 1061 927 Quid
1080 881 1127 916 sit
1156 881 1310 916 locum
1345 881 1531 916 munire
1561 893 1638 929 pa-

221 957 439 994 tentibus
471 954 623 998 silvis7
653 964 810 1001 prorsus
841 953 998 1000 ignoro„
1038 951 1186 988 etiamsi
1221 951 1406 996 addatur,
1438 951 1540 998 quod
1571 951 1639 987 ab·

223 1041 306 1065 esse
336 1040 412 1063 non
444 1031 590 1074 potest,
640 1023 703 1067 in3
749 1035 837 1058 nam
882 1023 1007 1071 campi
1038 1029 1171 1072 patere
1202 1022 1389 1066 dicunt-ur,
1436 1033 1532 1069 quos
1562 1035 1638 1058 non

222 1105 371 1136 montes
403 1110 471 1133 nec
488 1094 906 1142 silvaeinterrumpunt3
937 1094 1053 1139 silvae,
1086 1100 1126 1129 ut
1155 1092 1494 1142 1·upes,claudunt‚;
1530 1093 1633 1140 quod

223 1167 559 1206 Weissenbornius
584 1166 873 1213 interpretatur:
908 1165 969 1207 „in
987 1163 1152 1208 offenen,
1174 1163 1309 1199 keinen
1323 1161 1463 1199 Sohutz
1481 1164 1641 1211 gewith-

223 1238 601 1281 rendenW'ttldern‘*³
633 1248 700 1271 nee
732 1235 785 1270 sic.
815 1241 992 1282 patere
1025 1235 1129 1271 silvae
1156 1234 1229 1270 dici
1260 1239 1451 1282 poterant7
1483 1239 1519 1270 et
1550 1235 1641 1282 quid

225 1324 320 1360 opus
352 1315 434 1346 erat
464 1307 537 1344 dici
574 1312 637 1342 aut
670 1305 823 1341 omnino
858 1305 975 1342 silvas
1008 1303 1329 1342 commemorari?
1356 1317 1445 1340 nam
1467 1304 1639 1349 Graeeos,

225 1381 514 1418 muniendarum
547 1376 698 1413 urbium
729 1376 992 1423 peritissimos,
1022 1389 1093 1425 pro
1130 1376 1364 1412 munimento
1395 1376 1511 1412 silvas
1531 1375 1642 1412 habi·

223 1460 330 1490 turos
361 1451 499 1493 fuisse,
541 1448 681 1484 nemini
732 1447 770 1483 in
813 1452 976 1482 mentem
1007 1447 1138 1483 venire
1166 1452 1329 1496 poterat.
1416 1445 1640 1482 Certissima

225 1522 489 1560 emendatione
526 1531 658 1555 veram
699 1518 927 1566 scripturam
971 1518 1008 1553 in
1039 1518 1192 1554 nomine
1230 1517 1388 1565 proprio
1418 1523 1639 1565 corruptam

224 1593 386 1631 restituit
430 1597 519 1627 ante
557 1590 632 1625 duo
664 1589 794 1625 secula
827 1588 1052 1624 Hadrianus
1086 1589 1286 1625 Valesius:
1334 1588 1640 1636 patientibus

226 1663 388 1712 Salyis
418 1659 628 1709 (Saluis).
688 1660 776 1696 Hoe
808 1658 940 1695 Livius
973 1659 1075 1705 dicit,
1110 1660 1260 1709 Salyos‚
1293 1659 1357 1707 qui
1386 1659 1493 1695 initio
1531 1659 1641 1696 Grae-

226 1746 291 1770 cos
322 1743 497 1781 egressos
529 1731 870 1779 oppugnavissent,
903 1743 1017 1777 quum
1034 1729 1139 1767 Gralli
1158 1732 1227 1768 hos
1254 1730 1493 1775 adiuvarent,
1514 1729 1639 1766 locum

226 1802 452 1842 communiri
494 1809 530 1838 et
559 1802 772 1838 Massiliam
805 1801 917 1836 condi
957 1812 1093 1848 passos
1128 1812 1223 1835 esse.
1298 1799 1456 1849 (Salyos
1507 1801 1640 1836 eadem

227 1875 479 1912 declinatione
510 1878 546 1908 et
578 1872 708 1908 Livius
740 1871 829 1906 dicit.
858 1871 1033 1916 XXXI,
1082 1873 1126 1907 10
1160 1876 1197 1906 et-
1226 1870 1402 1915 Plinius.)
1473 1870 1549 1907 Sed
1580 1882 1643 1906 su-

227 1953 353 1996 perest
383 1943 570 1981 dubitatio
600 1943 638 1978 in
668 1942 822 1977 nomine
852 1941 949 1985 loci,
995 1954 1070 1989 quo
1105 1942 1227 1990 Alpes
1261 1940 1366 1978 Galli
1396 1941 1640 1978 transierunt.

227 2020 329 2055 Nam
369 2028 493 2064 neque
523 2014 693 2062 Alpem
734 2012 918 2061 singulari
956 2025 1114 2048 numero
1158 2012 1292 2048 Livius
1332 2017 1397 2047 aut
1439 2012 1640 2059 quisquam

228 2100 352 2137 prosae
383 2085 568 2122 orationis
600 2085 764 2133 scriptor
795 2084 915 2129 dixit,
957 2097 1004 2119 ex
1041 2096 1116 2131 quo
1151 2083 1323 2131 sequitur
1353 2082 1499 2130 Alpis
1531 2094 1643 2118 aceu-

229 2159 394 2195 sativum
433 2168 542 2204 esse,
586 2162 622 2191 et
650 2155 789 2192 Iuliae.
829 2155 977 2203 Alpes
1014 2154 1234 2202 longissime
1267 2154 1315 2189 ab
1356 2153 1401 2189 iis
1431 2153 1543 2198 locis,
1597 2154 1643 2190 de

230 2229 367 2277 quibus
398 2228 547 2276 agitur,
588 2227 743 2264 distant.
828 2227 967 2273 Itaque
1005 2225 1124 2261 multa
1155 2224 1374 2272 excogitata
1405 2231 1514 2268 sunt,
1561 2237 1644 2272 quae

230 2299 564 2343 substituerentur3
582 2298 647 2334 sed
670 2310 715 2333 ea
733 2297 860 2333 omnia
879 2303 944 2333 aut
959 2297 1033 2333 alia
1054 2296 1198 2332 habent
1215 2295 1460 2331 incommoda
1478 2294 1549 2342 (—
1562 2295 1644 2330 vel-

229 2377 269 2407 ut
299 2370 437 2406 inviae
465 2369 632 2418 regionis
662 2368 890 2416 significatio
922 2374 958 2403 et
989 2378 1146 2415 prorsus
1180 2371 1268 2414 post
1298 2378 1363 2410 ea,
1413 2377 1496 2413 quae
1528 2364 1644 2413 paulo

232 2448 319 2477 aute
349 2441 451 2477 dicta
497 2446 602 2483 sunt„
651 2439 844 2488 superflua
873 2444 929 2474 est
969 2443 1005 2474 et
1033 2436 1126 2472 nihil
1157 2435 1206 2471 ad
1236 2435 1361 2471 locum
1392 2435 1645 2471 definiendum

232 2512 395 2561 pertinet
414 2514 479 2557 —-)
513 2516 580 2546 aut
623 2524 646 2546 a
669 2509 841 2545 codicum
874 2508 1046 2555 vestigiis
1075 2507 1188 2555 longe
1222 2506 1431 2550 discedunt,
1462 2505 1646 2553 pleraque

232 2589 395 2630 utroque
424 2582 461 2617 in
492 2594 630 2630 genere
663 2580 1002 2629 reprehenduntur.
1062 2578 1253 2625 Quoniam
1284 2589 1395 2613 nemo
1427 2589 1495 2624 per
1524 2587 1647 2624 popu-

232 2653 309 2688 lum
342 2653 507 2700 aliquem
543 2651 665 2700 Alpes
709 2651 979 2687 transcendere
1008 2656 1110 2685 recte
1141 2649 1302 2689 diciturq
1349 2647 1501 2691 nedum7
1533 2646 1597 2694 qui
1628 2658 1648 2681 e
