1811 2925
824 126 900 162 387
1304 126 1379 158 Lib.
1401 127 1570 159 XXXIII.

159 249 262 285 tione
292 248 448 296 reliquae
480 246 663 283 orationis
695 255 888 296 separata.
936 247 1087 285 Deinde
1117 254 1200 284 tota
1228 249 1417 286 sententia
1447 257 1483 287 et
1512 263 1572 288 res

160 318 449 368 perversissima
482 324 556 361 est3
588 317 783 354 dimidiam
805 318 903 354 enim
933 325 1081 367 partem
1113 319 1301 356 exercitus
1331 321 1457 357 educti
1488 322 1572 358 An-

159 390 384 426 drosthenes
414 388 625 424 discurrere
656 388 705 423 ad
727 401 863 437 agrurn
885 388 1197 438 depopulandum
1227 389 1342 436 iubet,
1374 392 1570 430 dimidiam

163 481 209 487 —
247 460 338 508 quid
367 458 574 508 putamus?
606 458 820 504 dimittit,
851 465 888 495 et
918 466 1006 496 ante
1038 459 1203 504 dimittit,
1246 473 1361 509 quam
1403 463 1572 511 reliquos

157 531 371 567 discurrere
402 531 515 567 iubet.
580 530 680 577 Quo,
715 528 874 578 quaeso?
917 530 965 566 ad
997 542 1112 578 quam
1143 529 1249 566 rem?
1280 544 1356 580 quo
1386 534 1572 570 consilio?

159 603 348 650 Apparet,
378 614 494 638 unum
525 601 606 638 fieri
636 600 826 649 potuisse,
863 607 905 637 ut
932 601 1224 638 Androsthenes
1255 602 1451 641 dimidiam
1482 617 1572 653 par-

158 677 234 708 tem
273 672 469 720 copiarum
501 673 538 708 in
570 672 703 708 castris
738 671 940 716 retineret,
982 672 1179 709 dimidiam
1206 673 1418 710 discurrere
1447 687 1571 724 popu-

159 742 367 778 labundum
407 743 564 783 iuberet,
632 745 764 791 Atque
804 743 857 779 ita
895 756 975 779 rem
1019 751 1145 780 actam
1187 756 1290 785 esse,
1333 745 1404 781 etsi
1433 758 1503 794 per
1531 758 1572 783 se

158 813 400 861 perspicuum
422 820 490 858 est,v
513 814 644 851 Livius
679 814 761 862 ipse
784 814 877 850 satis
908 814 1091 859 declarat,
1126 814 1190 862 qui
1221 817 1239 859 ξ
1273 817 1291 852 7
1328 816 1572 853 Androsthe-

159 895 245 919 nem
286 884 448 929 scribat,
499 885 722 921 Nicostrato
765 891 801 920 et
842 885 997 921 Achaeis
1042 885 1089 920 ad
1129 892 1256 922 castra
1293 886 1571 926 accedentibus.¹

160 954 252 990 tuba
298 955 471 991 revocari
512 967 634 1003 vagos
679 954 743 1001 (ad
775 954 1038 1003 populandum
1068 956 1224 1003 missos)
1269 957 1437 1002 iussisse,
1476 957 1572 992 inte-

158 1025 228 1061 rim
260 1025 397 1073 ipsum,
423 1025 597 1073 raptim
629 1037 806 1073 capere
838 1038 969 1061 arma
998 1025 1146 1062 iussis
1177 1027 1414 1063 militibus
1444 1027 1572 1073 (dimi-

158 1095 230 1131 diae
263 1095 362 1131 illius
392 1096 536 1144 partis„
586 1108 670 1143 quae
713 1095 750 1131 in
785 1096 920 1132 castris
950 1105 1227 1143 remanserat),
1270 1097 1572 1146 infrequenti

159 1166 350 1214 agmine
380 1174 521 1215 porta
551 1178 796 1215 egressum
823 1197 858 1205 ..
883 1168 1033 1204 aciem
1066 1168 1375 1208 instruxisse.
1434 1170 1573 1217 Itaque

157 1236 371 1285 depravata
399 1238 480 1274 haee
511 1249 594 1274 esse
625 1243 787 1274 constat.
851 1238 898 1274 Id
919 1238 1062 1275 factum
1085 1246 1142 1275 est
1172 1252 1287 1287 quum
1320 1240 1395 1277 alio
1425 1241 1573 1278 minore

158 1320 299 1350 errore,
330 1315 408 1345 tum
439 1308 698 1357 geminatione
728 1308 895 1356 quadam
927 1314 962 1344 et
979 1310 1205 1358 repetitione
1226 1311 1388 1348 duarum
1419 1324 1572 1352 vocum,

158 1379 292 1415 Livius
323 1380 421 1416 enim
453 1380 506 1415 sic
537 1378 760 1427 scripserat:
821 1379 896 1415 Ibi
930 1385 1116 1431 partem
1157 1381 1408 1422 dimidiam
1441 1395 1572 1419 exer-

156 1449 309 1494 citus,
337 1450 543 1490 divisam
581 1449 847 1494 trifariam2
879 1456 923 1486 et
960 1463 1123 1487 omnes
1165 1452 1354 1500 equites
1390 1453 1572 1490 discur-

156 1533 261 1556 rere
414 1521 560 1557 iubet.
634 1519 869 1565 (Dimidiam
908 1527 1058 1569 partem
1096 1522 1135 1558 in
1166 1523 1300 1559 castris
1341 1523 1572 1561 remansisse

158 1603 227 1639 per
255 1603 296 1627 se
331 1591 523 1641 apparet.)
597 1592 679 1627 Aut
720 1604 768 1627 ex
798 1591 880 1627 solo
910 1592 1103 1629 scribendi
1135 1606 1263 1630 errore
1305 1595 1570 1638 (dimissam

158 1675 229 1711 pro
269 1663 492 1708 diuisam)
530 1668 661 1698 natum
693 1668 750 1698 est
774 1662 921 1699 initium
952 1663 1026 1700 loci
1056 1666 1326 1714 corrumpendi
1362 1673 1428 1703 aut
1468 1668 1573 1715 quod

159 1733 333 1770 distincte
363 1733 409 1769 de
441 1740 605 1780 utraque
631 1732 789 1769 dimidia
818 1740 929 1781 parte
959 1734 1033 1771 dici
1062 1735 1241 1772 librarius
1274 1736 1411 1784 aliquis
1439 1737 1574 1774 voluit.

159 1800 337 1839 Ceterum
367 1816 488 1852 prope
518 1811 663 1839 certum
693 1808 762 1848 est⁷
793 1804 946 1841 Livium
976 1805 1015 1841 in
1047 1806 1120 1843 hae
1141 1807 1427 1844 enumeratione
1457 1808 1571 1845 trium

157 1885 338 1922 agrorum
381 1887 457 1910 non
500 1874 731 1922 elegantiam
769 1874 1137 1924 inelegantissimam
1175 1884 1353 1926 captasse
1391 1892 1439 1915 ex
1469 1880 1572 1916 vari-

158 1944 260 1980 anda
310 1945 384 1981 hoc
439 1945 554 1981 modo
599 1945 774 1982 oratione
821 1946 882 1992 (in
933 1947 1151 1984 nominibus
1200 1960 1358 1996 prorsus
1403 1949 1572 1986 eiusdem

157 2015 351 2063 generis):
380 2015 747 2052 Pellenensium
780 2015 1160 2066 Sicyoniumque
1192 2029 1337 2065 agros
1369 2027 1413 2056 et
1442 2020 1574 2057 Phli-

157 2085 332 2132 asium,
362 2087 430 2122 sed
460 2093 526 2122 aut
555 2086 893 2125 Pellenensem
923 2087 1132 2137 scripsisse,
1165 2094 1207 2123 ut
1235 2088 1317 2127 Iac.
1350 2089 1574 2128 Gronovius

156 2156 271 2193 scribi
301 2157 433 2203 voluit,
464 2163 529 2193 aut
560 2156 1003 2206 Sicyoniorumque
1030 2186 1041 2196 .
1062 2188 1069 2194 .
1107 2164 1151 2194 et
1179 2158 1571 2207 Phliasiorum.¹)

269 2226 362 2276 Cap.
400 2229 458 2272 18,
497 2228 560 2263 16:
607 2227 699 2264 Diu
731 2240 910 2276 anceps
949 2240 1110 2277 pugna
1148 2229 1289 2265 stetit
1317 2230 1572 2276 (Rhodiorum

158 2303 195 2333 et
227 2299 462 2335 Achaeorum
494 2311 578 2334 cnm
601 2298 883 2334 Macedonibus
912 2311 1035 2347 prope
1053 2299 1295 2344 Alabanda).
1360 2301 1573 2338 Numero

158 2368 343 2413 Aehaei,
375 2368 509 2406 mille
548 2375 590 2405 et
621 2368 737 2417 ipsi,
781 2368 1170 2418 quadringentos
1198 2370 1306 2407 loco
1344 2372 1575 2421 pepulere

183 2593 217 2637 ²)
254 2598 272 2638 ἓ
299 2600 315 2629 7
353 2599 388 2630 in
421 2609 531 2631 meam
559 2600 831 2632 emendationem
873 2601 940 2641 (ab
978 2599 1175 2639 Cleonis,
1209 2600 1335 2644 Opuse.
1367 2602 1402 2634 11
1426 2614 1458 2645 p.
1486 2605 1573 2644 366)

248 2665 366 2700 postea
389 2660 442 2692 W.
469 2662 596 2694 incidit.

1240 2724 1308 2756 25*
