1811 2925
828 164 905 200 243
1307 163 1381 195 Lib.
1406 163 1523 194 XXH.

161 285 353 329 latorum,
385 286 516 334 augeri
545 285 712 334 praesidii
743 285 969 323 numerum?
1002 307 1050 312 —-
1083 293 1121 322 et
1150 286 1262 323 Fabii
1294 286 1432 323 artium
1465 300 1571 324 men-

161 356 336 399 tionem.)
396 357 441 393 Id
472 365 600 394 tamen
628 358 870 394 manifestum
901 363 958 393 est
988 364 1025 392 et
1055 369 1103 392 ex
1133 358 1327 394 sententiae
1367 358 1570 395 orationis-

162 442 236 478 que
267 426 391 466 forma
424 438 459 466 et
490 442 537 466 ex
570 429 743 466 codicum
774 428 943 473 indiciis,
981 427 1159 464 mendum
1198 428 1342 465 haerere
1382 429 1421 465 in
1452 431 1473 475 §
1509 431 1571 475 10,

161 512 274 548 quem
305 501 429 537 locum
470 500 581 537 PCM
619 500 672 536 sic
701 499 882 547 scriptum
914 498 1073 534 habent:
1134 499 1334 547 Iamque
1376 500 1570 537 artibus

161 571 333 608 Fabiis
377 584 490 621 pars
539 571 789 607 exercitus
833 571 1004 606 aberat
1052 568 1145 606 iam
1191 569 1318 606 farne
1357 571 1569 608 sedendo

161 648 204 677 et
251 643 523 679 cunctando
568 642 746 679 bellum
797 640 1014 689 gerebat.
1089 639 1204 687 Quod
1241 654 1311 689 pro
1363 641 1485 678 fame
1548 655 1571 678 a

161 711 353 750 Sabellico
393 714 636 750 substitutum
679 718 735 749 est
782 712 836 759 (et
878 711 1043 747 fortasse
1082 711 1159 747 iam
1202 718 1290 748 ante
1329 713 1377 749 ab
1423 713 1567 761 aliquo,

161 783 230 819 etsi
260 784 297 820 in
329 785 438 820 codd.
468 782 848 821 Drakenborchianis
884 782 1077 830 plerisque
1107 782 1231 818 fame
1261 781 1375 829 fuit),
1407 783 1569 829 ferme,

158 866 322 902 pravum
353 861 429 899 est;
461 868 581 903 neque
613 855 711 891 enim
744 854 780 890 in
808 853 875 889 tali
906 860 1103 901 tempore,
1144 865 1260 901 quum
1291 853 1490 890 Hannibal
1519 855 1569 891 ob

159 925 390 972 paucitatem
408 926 567 962 militum
585 926 650 962 vix
667 931 793 962 castra
811 926 926 961 tutari
955 929 1099 972 posset,
1120 936 1210 972 pars
1244 924 1433 960 exercitus
1450 924 1570 962 ferme

160 995 306 1040 abesse,
339 997 447 1044 quasi
478 997 637 1033 subinde
677 996 874 1032 discedens
905 1001 942 1031 et
970 995 1135 1041 rediens,
1167 995 1240 1031 dici
1275 1002 1438 1043 poterat,
1493 995 1571 1033 Sed

159 1073 412 1115 praeterquam
445 1068 545 1116 quod
577 1067 718 1103 famis
749 1066 890 1103 mentio
921 1078 1044 1113 neque
1074 1066 1155 1102 fieri
1185 1066 1257 1102 hoc
1284 1065 1370 1102 1000
1401 1078 1422 1101 a
1454 1066 1567 1102 Livio

158 1137 229 1173 nisi
258 1150 328 1186 per
356 1151 543 1175 summum
576 1151 742 1175 errorem
772 1136 908 1185 potuit,
941 1137 1046 1182 (nam
1061 1136 1205 1173 dimissi
1222 1137 1358 1173 milites
1389 1137 1437 1173 ab
1460 1137 1570 1173 Han-

157 1209 285 1245 nibale
328 1217 436 1246 erant
480 1210 529 1246 ad
579 1215 813 1247 commeatus
859 1207 896 1243 in
937 1206 1107 1243 futurum
1145 1207 1280 1243 hiemis
1313 1220 1422 1243 usum
1454 1214 1491 1243 et
1520 1207 1571 1244 ad

157 1279 339 1327 pabulum
370 1281 500 1329 pecori
529 1280 845 1325 convehendum,
885 1279 944 1315 cui
976 1278 1048 1314 soli
1080 1277 1203 1315 fames
1234 1278 1359 1315 timeri
1389 1278 1569 1327 poterat‚)

157 1362 280 1398 neque
311 1351 391 1388 eius
420 1352 528 1388 verbi
556 1351 806 1388 tolerabiliter
847 1362 933 1386 cum
968 1349 1101 1386 ceteris
1135 1349 1340 1398 copulandi
1370 1349 1469 1385 ratio
1500 1362 1569 1398 ap-

156 1428 290 1470 paret,
322 1429 410 1459 ante
440 1423 568 1460 onmia
599 1423 844 1471 quaerendum
875 1421 966 1457 mihi
999 1419 1150 1456 videtur
1180 1421 1226 1457 de
1256 1421 1461 1457 verborum
1493 1419 1565 1456 ali-

159 1498 255 1540 quot
287 1493 387 1530 sede.
459 1494 562 1530 Nam
591 1493 690 1530 inter
725 1494 805 1529 haec
837 1492 1049 1529 arctissime
1080 1492 1330 1528 cohaerentia:
1379 1491 1570 1528 artibus

161 1563 304 1600 Fabii
335 1570 371 1599 et
399 1564 613 1600 sedendo
645 1570 690 1600 et
719 1563 988 1600 cunctando
1024 1563 1115 1611 quid
1134 1570 1223 1612 apte
1253 1562 1446 1610 interponi
1475 1574 1568 1610 pos-

162 1634 222 1677 sit,
256 1647 331 1670 non
361 1634 494 1679 vidco3
535 1641 635 1671 certe
669 1647 787 1672 causa
821 1635 911 1672 belli
951 1634 1004 1670 ita
1033 1634 1190 1682 gerendi
1219 1633 1569 1670 incommodissime

162 1705 237 1741 illic
267 1706 501 1751 interficitur,
533 1719 616 1754 quae
644 1713 745 1743 recte
762 1706 814 1743 sic
835 1706 1146 1755 praemitteretur:
1176 1705 1366 1752 iamque
1387 1726 1432 1731 —
1458 1716 1570 1752 pars

163 1776 407 1813 exercitus
438 1777 614 1814 aberat
638 1800 684 1804 —
705 1778 892 1814 artibus
909 1776 1068 1824 Fabii,
1087 1776 1298 1813 sedendo
1331 1782 1375 1812 et
1404 1780 1570 1820 cunct„

161 1846 199 1885 b.
229 1859 325 1895 ger.
399 1846 544 1885 Contra
573 1848 689 1898 paulo
728 1861 845 1897 supra
879 1845 941 1898 (9)
970 1848 1215 1884 vehementer
1249 1846 1393 1894 aliquid
1423 1846 1571 1883 deside-

162 1917 240 1954 rari
268 1918 436 1963 videtur3
467 1932 554 1955 nam
589 1925 727 1956 tanta
756 1919 821 1956 illa
858 1919 1085 1968 paucitas
1123 1917 1337 1966 (copiarum
1368 1917 1406 1953 in
1437 1917 1572 1954 castris

161 1988 392 2026 Hannibalis
424 1990 577 2027 omnino
607 1991 871 2039 praesentium)
904 2003 988 2039 quae
1011 1988 1126 2026 fuerit
1148 1995 1185 2024 et
1206 1989 1400 2037 quomodo
1422 1986 1571 2033 effecta,

164 2062 297 2099 Livius
327 2075 396 2100 1100
426 2061 479 2098 ibi
510 2074 580 2098 nec
611 2074 728 2111 supra
761 2061 875 2106 dixit3
919 2062 980 2098 hic
1011 2061 1165 2096 demum
1201 2058 1425 2096 brevissime
1455 2059 1570 2107 signi-

162 2134 252 2171 ficat
284 2137 416 2183 (pars
447 2145 600 2170 exerc.
630 2134 734 2178 ab.);
769 2145 788 2168 e
819 2132 973 2181 Polybii
1003 2130 1225 2168 narratione
1253 2130 1406 2177 scimus,
1437 2129 1572 2166 castris

162 2204 333 2253 utrisque
364 2204 402 2241 in
432 2203 649 2254 propinquo
679 2209 884 2252 conspectu
917 2203 1078 2252 positis,
1118 2200 1377 2238 Hannibalem
1407 2200 1573 2250 primum

163 2287 232 2322 per
261 2275 409 2323 aliquot
439 2275 518 2311 dies
555 2281 676 2311 totum
709 2273 916 2311 exercitum
950 2273 1209 2317 continuisse,
1259 2272 1395 2308 deinde
1425 2276 1572 2320 partem

164 2344 244 2381 eius
275 2357 333 2390 eo,
364 2358 439 2394 quo
473 2346 573 2391 dixi,
604 2344 762 2382 consilio
793 2344 981 2381 dimisisse
1000 2372 1010 2389 ,
1050 2350 1129 2380 turn
1166 2343 1316 2378 demum
1350 2355 1373 2378 a
1403 2341 1572 2378 Minucio

165 2420 202 2451 et
230 2415 268 2451 in
297 2415 592 2453 frumentatores
622 2422 659 2453 et
687 2415 726 2452 in
763 2421 891 2452 castra
920 2414 1106 2463 impeturn
1143 2413 1299 2451 factum.
1368 2413 1505 2461 Itaque
1534 2412 1573 2448 in

165 2498 249 2522 eam
277 2486 494 2535 opinionem
524 2486 623 2531 veni,
655 2486 755 2523 idem
785 2487 859 2523 hoc
888 2486 973 2522 1000
1003 2484 1208 2528 accidisse,
1239 2483 1342 2531 quod
1373 2483 1419 2519 ad
1448 2495 1479 2521 0.
1511 2485 1573 2528 10,

168 2557 189 2593 3
221 2556 423 2605 aliquoties
453 2556 597 2594 factum
629 2556 803 2602 ostendi,
842 2562 883 2592 ut
913 2556 1033 2593 verba
1062 2554 1209 2602 aliquot
1238 2565 1307 2589 suo
1340 2553 1424 2590 loco
1467 2558 1575 2590 mota

164 2625 291 2663 alieno
339 2627 613 2672 insererentur;
659 2627 810 2664 Livium
860 2626 959 2663 enim
996 2626 1049 2663 sic
1091 2624 1308 2673 scripsisse:
1356 2636 1440 2661 nec
1471 2623 1574 2661 acie

164 2703 356 2734 certare
389 2698 638 2735 Hannibal
667 2709 827 2743 ausus,
850 2697 962 2745 quia
991 2708 1105 2746 pars
1134 2682 1381 2732 exercitus
1403 2695 1576 2731 aberat

1248 2776 1308 2810 16*
