1811 2925
173 125 249 156 Lib.
274 123 402 154 XLIV.
859 123 934 159 584

174 249 213 285 in
244 247 375 284 codice
398 259 475 282 non
508 245 805 282 exaudirent
845 244 912 289 sit,
953 243 1021 280 sed
1064 241 1352 287 exaudiret,
1384 241 1519 278 Livius
1558 241 1607 277 ad

175 321 274 356 hanc
306 317 473 354 formam
505 315 705 365 scripsisse
734 315 905 352 videtur:
937 315 1030 354 Ubi
1060 312 1285 349 omnibus
1321 310 1469 347 simul
1498 322 1552 358 pr
1565 322 1608 345 o—

176 387 644 436 nuntiaretur,quod
676 385 839 430 fieret,
866 383 1040 435 [neque
1071 382 1224 433 clare]
1257 395 1409 431 neque
1440 392 1608 418 omnes

176 460 432 503 exaudire3
474 458 666 494 incerto
708 456 916 505 imperio
964 461 1168 504 accepto
1220 454 1346 491 alios
1376 459 1447 490 cet.
1507 451 1607 502 (Cfr.

176 545 208 571 c.
243 534 306 576 36,
341 529 392 578 7.)

289 601 384 650 Cap.
419 603 483 645 36,
517 602 537 636 3
573 599 637 647 (de
668 600 715 638 L.
748 598 874 635 Paulo
905 609 1076 646 pugnam
1108 596 1347 643 differente):
1387 595 1479 633 Sed
1509 600 1608 631 tan-

176 679 250 709 tus
282 672 428 709 ardor
458 671 504 708 in
543 670 721 707 animis
753 670 812 705 ad
843 668 1172 705 dimicandum
1203 667 1450 715 utrimque
1480 672 1608 710 erat,

175 750 225 780 ut
256 743 447 780 consuli
480 755 574 779 non
605 741 790 778 minore
812 746 919 776 arte
941 739 997 776 ad
1029 751 1144 776 suos
1176 738 1446 775 eludendos
1469 749 1607 785 quam

178 816 233 852 ad
256 816 424 852 hostes
448 826 568 863 opus
587 818 728 850 esset.
760 811 870 848 Nihil
886 811 935 847 ad
951 810 1067 847 Pauli
1083 810 1244 847 consilia
1260 809 1489 858 pertinebat,
1505 807 1610 856 quod

178 886 292 923 etiam
325 886 429 934 apud
466 884 706 922 Macedonas
754 882 872 918 ardor
918 881 967 918 ad
1012 881 1273 918 dimicandum
1316 886 1433 924 esset;
1484 891 1609 927 neque

179 957 278 993 enim
310 970 395 993 eum
433 957 614 993 ardorem
645 966 716 990 sua
747 959 830 990 arte
861 953 1015 989 eludere
1044 959 1209 1002 poterat.
1269 953 1316 989 In
1347 951 1478 989 codiee
1506 956 1609 987 recte

178 1029 356 1065 scribitur
408 1028 587 1065 omnibus
641 1025 800 1062 litteris:
861 1025 918 1061 ad
975 1023 1302 1060 dimicandum
1359 1028 1610 1071 utcunque

179 1106 297 1136 erat.
360 1099 505 1136 Milites
538 1105 574 1134 et-
604 1099 708 1134 bona
739 1103 800 1142 et,
846 1097 876 1132 si
918 1096 956 1132 id
1003 1108 1081 1132 non
1122 1100 1327 1144 poterant,
1379 1105 1610 1141 quacunque

179 1172 398 1208 conditione
431 1171 666 1218 (utcunqu
681 1168 716 1213 e)
749 1168 933 1204 dimicare
966 1167 1183 1215 cupiebant.
1244 1165 1436 1214 Grynaeus
1468 1177 1492 1200 a
1523 1177 1608 1200 sen-

178 1243 297 1279 tentia
330 1240 552 1284 aberravit,
597 1239 780 1286 deceptus
811 1238 978 1275 fortasse
1008 1237 1068 1282 iis,
1116 1249 1201 1285 quae
1230 1249 1260 1275 c.
1295 1238 1358 1280 37,
1396 1238 1442 1271 10
1475 1235 1609 1284 legun-

178 1310 292 1360 tuiul)
362 1312 488 1349 Paulo
519 1316 608 1360 post
639 1311 674 1355 (ξ
709 1312 745 1353 7)
778 1309 939 1345 alterum
977 1308 1163 1345 orationis
1202 1308 1415 1344 membrum
1448 1306 1610 1343 excidit:

180 1385 319 1432 Quod
362 1384 439 1420 ubi
481 1382 597 1419 fieri
631 1381 813 1418 milites
860 1393 1081 1424 sensere,
1135 1379 1236 1426 [alii
1272 1391 1364 1415 non
1402 1378 1610 1414 molesto

179 1453 345 1504 serre],
378 1454 463 1490 alii
495 1453 711 1502 gaudere
736 1452 908 1501 palam,
941 1451 1136 1500 quod..
1158 1482 1165 1488 .
1196 1449 1610 1499 flagrantissimo

178 1532 294 1562 aestu
327 1538 416 1561 non
448 1524 698 1573 coegisset
727 1535 962 1572 pugnare.
1024 1523 1087 1568 (In
1120 1536 1150 1559 (·.
1187 1523 1235 1558 35
1268 1521 1326 1557 bis
1365 1521 1465 1557 idem
1503 1533 1612 1557 error

179 1602 333 1632 notatus
365 1602 446 1639 est,
479 1600 496 1641 ς’
531 1599 551 1632 5
584 1596 622 1632 in
657 1596 853 1644 geminato
886 1596 996 1638 alii,
1039 1599 1058 1641 ξ
1097 1596 1141 1632 18
1174 1594 1212 1630 in
1243 1592 1439 1642 geminato
1470 1592 1610 1640 hinc.)

181 1667 331 1704 Deinde
366 1670 383 1712 ξ
424 1671 490 1712 10,
521 1667 586 1703 ubi
616 1667 654 1702 in
685 1667 817 1704 codice
849 1674 926 1704 est:
970 1664 1268 1704 Macedoniae
1299 1663 1357 1700 sit
1389 1675 1478 1699 aeso
1495 1675 1611 1711 sque

180 1738 314 1774 sicut
345 1738 599 1787 prioribus
631 1738 835 1775 ducibus
866 1752 950 1788 per
980 1737 1132 1775 calles
1164 1735 1425 1783 saltusque
1455 1734 1611 1770 Mace-

181 1809 464 1845 donicorum
498 1809 729 1845 montium
762 1809 990 1858 vagando
1026 1809 1409 1855 circumagatur,
1442 1805 1610 1842 scriben-

181 1881 270 1917 dum
304 1893 386 1916 esse
417 1887 675 1928 festasque.
707 1880 787 1916 dixi
822 1881 897 1916 iam
938 1881 1061 1917 1852.
1094 1887 1227 1926 estque
1258 1889 1318 1913 res
1349 1883 1427 1912 tam
1463 1882 1610 1924 aperta,

180 1958 221 1988 ut
249 1952 424 2000 pluribus
459 1952 691 2000 explicanda
722 1964 799 1987 non
830 1952 889 1987 sit.
973 1951 1146 1998 Tempus
1186 1949 1300 1984 rebus
1332 1947 1510 1995 gerendis
1543 1959 1611 1995 ap-

181 2031 259 2059 tum
295 2037 341 2059 nc
377 2023 557 2071 vagando
591 2029 861 2066 consumatur,
902 2021 1050 2058 Nasica
1091 2026 1255 2055 voretur.
1331 2019 1408 2063 (De
1439 2017 1609 2054 exercitu

183 2095 384 2130 dicendum
417 2100 514 2130 erat:
555 2093 806 2130 inutiliter
843 2099 1053 2129 vexetur
1091 2096 1158 2127 aut
1191 2089 1376 2126 similiter.
1443 2089 1611 2125 Perseus

182 2178 258 2201 non
292 2165 631 2213 circumageretur,
664 2163 730 2199 sed
756 2165 957 2200 Romanos
991 2157 1345 2210 circumager0t.)‘²)
1405 2161 1611 2196 Postremo

208 2298 235 2342 ¹)
273 2302 327 2340 §2
347 2302 379 2331 in
408 2303 533 2333 codicis
560 2301 949 2342 seriptu1·a(mcridie
976 2305 1125 2331 testate
1153 2298 1290 2337 magis
1317 2298 1611 2328 adcesserunt

278 2370 360 2394 tum
389 2374 482 2394 mox
510 2364 765 2405 adparebat)
793 2364 900 2394 latere
925 2363 1074 2393 videtur:
1103 2361 1453 2391 meridieaestum
1474 2357 1611 2397 magis

277 2434 552 2456 accessurum
596 2452 627 2458 ..
662 2425 924 2467 adparebat;
962 2431 1119 2455 extum
1159 2433 1256 2453 mox
1295 2421 1375 2461 quid
1418 2419 1611 2451 faciendum

279 2487 332 2522 sit,
360 2487 485 2517 nescio.

207 2545 240 2587 2)
276 2548 315 2578 ln
343 2548 470 2579 verbis:
499 2559 558 2582 nc,
589 2555 719 2579 nocte
746 2549 888 2587 abeat,
916 2546 1170 2587 sequendus
1197 2545 1255 2576 sit
1280 2544 1475 2585 pervellem,
1502 2544 1614 2576 Weis-

279 2610 501 2647 senbornius,
546 2620 649 2651 quum
677 2611 711 2641 si
740 2611 849 2641 audiri
876 2620 976 2651 posse
1003 2610 1205 2650 disputaret,
1243 2615 1319 2637 meo
1345 2604 1481 2635 nomine.
1508 2605 1614 2636 absti-

279 2672 419 2703 nuisset.
473 2671 560 2702 Mihi
588 2672 676 2703 enim
703 2672 789 2702 nihil
816 2671 1050 2702 incredibilius
1077 2670 1217 2700 videtur.
