1811 2925
308 146 382 176 Lib.
411 145 436 175 I.
943 145 992 179 52

262 269 423 317 cepisse:
455 267 619 303 debebat
648 278 717 313 pro
749 265 917 301 Hostilio
944 266 990 304 L.
1012 265 1212 301 Veturium
1245 264 1444 302 Philonem
1475 265 1677 302 nominare·

263 339 297 387 (ξ
335 340 375 383 ὃς
407 351 437 374 c.
462 339 522 386 10,
542 337 605 376 25,
637 349 668 372 e.
693 337 757 380 22,
781 337 832 383 5).
899 336 985 372 Lib.
1018 336 1201 377 XXXII,
1233 336 1296 378 26,
1319 336 1342 370 8
1375 336 1417 371 L.
1452 334 1671 372 Cornelium

266 408 466 445 Lentulum
513 414 715 455 praetorem
762 407 950 442 urbanum
983 406 1168 454 appellat;
1215 406 1343 442 debuit
1375 406 1418 441 L.
1453 404 1671 442 Cornelium

263 480 449 516 Merulam
498 478 714 526 appellare,
756 477 787 513 si
833 477 905 512 sibi
950 476 1181 513 constitisset
1221 478 1275 522 [c.
1311 479 1346 520 7,
1384 477 1440 519 13,
1483 489 1513 512 c.
1548 477 1583 515 8.
1618 479 1672 521 ὃ),

261 550 366 586 cuius
397 561 535 584 nomen
570 547 742 596 plerique
777 547 941 583 editores
971 546 1250 582 inconsiderate
1293 547 1577 592 substituerunt,
1623 548 1672 583 si-

262 620 429 667 quidem.
463 619 552 666 quid
585 618 718 654 Livius
749 617 954 666 scripserit,
990 616 1182 664 quaeritur.
1247 616 1393 652 Eodem
1422 618 1545 666 capite
1576 622 1612 660 (ξ
1637 620 1672 661 5,

262 694 296 732 6,
331 694 373 733 7)
406 689 549 726 Setia-m
589 688 819 736 Setinosque
850 693 1137 732 commemorat·7
1183 687 1245 723 ubi
1277 687 1461 735 Signiam,
1493 689 1672 737 Signinos

262 761 438 797 debuisse
469 760 619 796 videtur
649 766 699 804 (e.
735 760 778 803 2,
812 756 871 806 4);
911 770 1001 793 nam
1040 759 1192 794 obsides
1231 771 1279 794 ex
1316 758 1434 794 altero
1465 759 1605 807 oppido
1637 760 1673 795 in

261 832 421 867 alterum
453 830 629 867 translati
669 830 748 866 sine
779 841 896 866 causa
926 830 1131 876 finguntur.
1203 828 1286 864 Lib.
1317 829 1521 868 XXXIII.
1556 831 1618 874 21,
1651 832 1671 865 9

262 904 313 938 M.
335 902 470 950 Sergio
497 901 650 950 praetori
674 900 974 936 iurisdictionem
1004 899 1130 934 inter
1160 899 1287 935 cives
1319 905 1362 935 et
1390 900 1673 947 peregrinos

259 973 347 1016 dat„
379 985 492 1020 quem
523 973 715 1017 XXXII.
748 972 796 1007 28
830 978 1031 1019 praetorem
1065 970 1251 1005 urbanum
1289 969 1406 1006 fuisse
1435 978 1673 1013 narraverat,

259 1045 313 1082 M.
344 1043 554 1079 Minucium
586 1043 682 1078 inter
719 1041 953 1090 peregrinos.
1036 1040 1173 1087 Itaque
1204 1039 1403 1076 Gronovio
1435 1047 1589 1076 auctore
1623 1041 1671 1077 ab

259 1114 467 1151 editoribus
499 1114 724 1149 omittuntur
755 1113 874 1148 verba
909 1117 952 1147 et
982 1111 1287 1159 peregrinos5
1324 1117 1363 1146 nt
1392 1111 1670 1146 iurisdictio

258 1186 382 1221 inter
413 1184 543 1220 cives
583 1184 631 1219 sit
668 1183 834 1227 urbana,
877 1182 1071 1229 quomodo
1101 1193 1223 1228 neque
1257 1181 1385 1217 Livius
1416 1194 1538 1229 neque
1569 1182 1671 1229 quis-

258 1269 373 1304 quam
406 1256 502 1292 alius
533 1255 646 1299 dixit,
686 1254 757 1289 nisi
791 1253 890 1289 forte
920 1252 1157 1301 praeeedente
1190 1252 1363 1300 proxime
1396 1258 1461 1288 aut
1490 1260 1672 1300 sequente

256 1328 382 1363 inter
422 1326 726 1375 peregrinos,
777 1324 846 1360 etsi
894 1337 941 1359 ne
985 1323 1039 1359 sic
1080 1323 1231 1371 quidem
1277 1323 1430 1358 memini
1470 1330 1671 1371 praetorem

259 1397 605 1433 iurisdictionemve
625 1397 723 1432 inter
746 1396 847 1431 cives
874 1394 1122 1442 appellat-ani,
1181 1393 1327 1429 Eodem
1360 1393 1456 1428 libro
1476 1393 1670 1429 XXXIII

256 1482 286 1507 c.
321 1470 368 1504 27
402 1469 481 1506 init.
515 1468 646 1504 Livius
678 1466 748 1503 Cn.
782 1465 1005 1502 Cornelium
1038 1463 1259 1500 Blasionem
1309 1476 1356 1499 ex
1395 1463 1568 1499 citeriore
1600 1463 1671 1498 Hi-

257 1540 393 1588 spania
433 1546 611 1575 ovantem
642 1538 773 1573 urbem
812 1535 1027 1583 ingressum
1071 1547 1153 1570 esse
1194 1541 1342 1577 narrat3
1394 1534 1552 1570 eundem
1585 1542 1671 1569 ante

255 1611 441 1655 (XXXI7
467 1612 528 1651 50.
560 1611 624 1650 11)
657 1608 727 1646 Cn.
755 1606 975 1644 Cornelium
993 1605 1197 1642 Lentulum
1229 1604 1510 1653 appellaverat3
1542 1605 1673 1652 itaque

257 1682 328 1717 hoc
358 1694 497 1717 nomen
528 1692 659 1716 omnes
691 1679 778 1714 inde
806 1680 854 1714 ab
872 1678 977 1714 Aldo
1010 1683 1098 1712 ante
1123 1676 1339 1712 Bekkerum
1370 1675 1483 1711 etiam
1514 1674 1552 1710 in
1573 1674 1670 1710 libro

256 1751 450 1787 XXXIII
492 1751 780 1787 substituerunt.
849 1749 935 1785 Lib.
966 1747 1148 1786 XXXV,
1189 1747 1237 1781 20
1278 1746 1422 1790 Livius7
1465 1752 1669 1793 postquam

258 1824 299 1868 (ξ
337 1824 407 1867 10)
438 1828 539 1857 recte
560 1822 611 1857 A.
632 1820 754 1857 Atilio
787 1819 943 1867 praetori
973 1818 1135 1854 classem
1165 1823 1201 1852 et
1218 1816 1484 1852 Macedoniam
1515 1816 1671 1863 provin—

256 1893 354 1929 ciam
398 1892 527 1927 datam
579 1891 749 1938 scripsit,
805 1890 859 1926 M.
902 1888 1035 1925 Baebio
1084 1887 1290 1934 Tamphilo
1332 1886 1501 1922 Bruttios
1548 1885 1671 1933 (quod

256 1976 380 1999 rerum
434 1969 630 2010 gestarum
679 1960 850 1996 narratio
896 1958 1133 2004 confirmat),
1184 1964 1309 1993 tamen
1361 1960 1378 2000 ξ
1425 1959 1462 1992 ll
1519 1964 1554 1992 et
1607 1958 1669 1998 12,

258 2034 385 2070 animo
419 2039 455 2069 et
489 2032 636 2068 calamo
671 2032 893 2075 aberrante.
924 2030 1082 2066 nomina
1111 2028 1361 2077 permutavit,
1412 2033 1450 2063 ut
1480 2027 1601 2063 Atilio
1632 2027 1669 2062 in

257 2105 428 2140 Bruttios
456 2104 627 2139 decretas
647 2101 816 2149 legiones
842 2101 997 2145 diceret⁷
1027 2100 1199 2136 Baebium
1224 2111 1342 2135 naves
1368 2099 1494 2135 facere
1512 2099 1670 2140 iussum,

257 2181 373 2222 atque
411 2175 448 2209 in
488 2174 621 2209 eodem
662 2185 790 2208 errore
838 2183 1067 2219 permanens
1097 2171 1274 2219 proximo
1309 2171 1432 2218 capite
1467 2171 1530 2212 (21
1570 2169 1668 2210 init.)

257 2246 429 2289 classem,
462 2244 522 2279 cui
545 2244 696 2279 Baebius
721 2241 952 2290 praefuturus
977 2246 1089 2283 esset,
1120 2241 1301 2278 nominat.
1358 2240 1536 2276 Editoies
1561 2239 1668 2282 Livii.

255 2329 330 2352 non
362 2314 604 2351 librariorum
628 2326 795 2349 errorem
822 2318 1089 2355 correxerunt3
1119 2324 1205 2346 nam
1230 2311 1302 2346 illis
1331 2311 1434 2346 nulla
1454 2323 1514 2346 res
1541 2310 1669 2345 huius-

257 2386 358 2422 modi
388 2385 585 2421 nominum
617 2383 748 2419 ordine
780 2384 1009 2431 scriptorum
1037 2380 1354 2430 permutationem
1381 2381 1544 2417 obiicere
1561 2387 1669 2428 pote-

256 2464 313 2492 rat
345 2465 381 2492 et
412 2456 461 2491 ad
492 2456 652 2491 alterum
682 2454 806 2490 locum
839 2466 1007 2489 errorem
1042 2464 1269 2501 propagare.

368 2526 463 2574 Cap.
496 2527 559 2564 48.
592 2527 627 2569 6,
660 2524 722 2560 ubi
752 2525 796 2559 in
828 2523 999 2561 collem
1030 2522 1380 2570 Esquiliarium
1412 2521 1552 2563 editur,
1592 2532 1667 2555 nou

256 2597 507 2645 persuadetur
539 2595 641 2639 milii.
676 2595 824 2630 Livium
859 2608 932 2629 uno
963 2594 1049 2630 loco
1085 2606 1192 2629 usum
1225 2605 1308 2627 esse
1339 2591 1514 2628 adiectivi
1544 2590 1669 2625 forma

257 2668 439 2712 inaudita,
472 2680 585 2714 quim]
620 2673 653 2701 ct
686 2666 786 2713 apud
819 2666 941 2712 ipsum
970 2671 1006 2699 et
1036 2663 1138 2711 apud
1170 2663 1264 2699 alios
1297 2663 1331 2697 in
1362 2661 1667 2709 ireqnentissimo
