1811 2925
799 115 873 149 567
1326 110 1402 141 Lib.
1419 110 1545 142 XLIV.

133 237 268 288 parti
303 237 424 273 muri
455 236 601 285 posuit;
645 248 768 283 neque
810 241 937 270 tamen
981 233 1239 270 simillima
1271 232 1548 270 humillimae

132 307 374 345 scribendum
405 306 555 342 videtur
586 305 714 345 fuisse,
746 305 812 341 sed
843 310 1009 340 tantum:
1036 303 1158 340 IIuic
1190 304 1386 340 testudo
1420 304 1547 340 simi-

133 380 195 416 lis
225 380 286 415 hu
300 378 507 414 millimae
538 390 574 425 p.
606 389 656 414 m.
687 382 781 419 eet-.,
830 375 966 411 deinde
1013 380 1156 410 autem:
1202 387 1341 422 quum
1372 375 1548 411 armati

131 461 278 498 super
306 455 496 484 stantes
521 447 782 484 subissent.
855 445 994 492 ,Neque
1024 445 1122 481 enim
1156 445 1231 481 iam
1264 445 1548 493 superstabant,

132 532 248 568 quum
280 520 508 555 movebatur
541 518 720 562 testudo,
771 516 837 552 sed
883 515 948 552 illa
992 515 1151 552 admota
1195 515 1402 551 insilientes
1435 526 1549 563 super

132 601 221 632 eos,
266 590 331 638 qui
363 589 479 625 scutis
510 599 627 636 supra
658 586 786 635 capita
817 585 925 621 elatis
955 587 1134 629 stabant,
1171 586 1363 623 subibant.
1429 586 1547 627 (Turn

131 667 233 697 recte
265 660 417 708 Lipsius
450 665 485 694 et
516 656 765 694 Perizonius:
807 664 851 692 et
892 656 936 692 in
969 656 1130 693 fronte
1177 655 1386 693 extremi
1417 662 1462 691 et
1493 667 1547 691 ex

132 731 406 776 lateribus.)

254 799 350 848 Cap.
390 802 460 844 11,
507 801 529 836 9
571 798 638 848 (de
669 797 921 835 Cassandreae
962 797 1287 846 oppugnatione):
1328 797 1429 833 Hoc
1467 795 1551 832 ubi

133 870 401 919 perfectum
434 883 539 908 esse
580 881 699 918 opus
740 868 981 905 militibus
1013 868 1292 904 nunt-iatum
1325 874 1416 910 est,
1448 866 1548 903 ela-

132 954 308 978 morem
341 941 532 977 alacres
571 939 763 989 gaudio
787 945 990 988 repente
1021 938 1237 984 tollunt,
1269 938 1380 974 aliis
1410 943 1549 986 parte

132 1011 231 1047 alia
262 1011 306 1047 in
345 1012 509 1048 urbem
540 1009 825 1058 irrupturis,
915 1009 1006 1045 Non
1052 1008 1168 1052 alios,
1213 1008 1376 1057 opinor,
1420 1008 1549 1044 nescio

131 1094 243 1130 quos,
276 1081 342 1118 sed
377 1094 417 1117 se
447 1081 551 1130 ipsos
584 1081 798 1129 irrupturos
829 1080 1031 1129 putabant.
1093 1079 1228 1116 Codex
1249 1078 1404 1115 vitiose:
1435 1077 1548 1114 aliis

193 1181 202 1190 .
235 1152 559 1200 inrupturum.
622 1151 783 1200 Opinor.
816 1150 968 1187 Livium
992 1150 1215 1199 scripsisse:
1247 1149 1440 1193 tollunt,
1459 1146 1546 1198 [ut]

131 1222 217 1259 alii
247 1230 387 1272 parte
432 1222 529 1258 alia
572 1223 616 1258 in
661 1223 822 1258 urbem
863 1221 1123 1269 irrupturi.
1211 1221 1314 1257 Nam
1361 1218 1551 1268 particula

130 1293 319 1342 opinionis
352 1293 453 1342 (quae
483 1299 620 1329 eventu
651 1292 789 1339 caruit)
822 1292 938 1328 index
971 1292 1037 1328 vix
1060 1292 1197 1327 abesse
1226 1297 1365 1340 potest,
1395 1290 1433 1325 in
1463 1289 1549 1325 vul-

129 1370 222 1412 gata
252 1363 403 1411 quidem
436 1363 626 1411 scriptura
655 1363 759 1399 nullo
791 1362 920 1399 modo,

243 1432 339 1482 Cap.
376 1435 443 1477 13,
477 1437 517 1470 7:
555 1433 856 1482 Euphranor
889 1433 1039 1479 (Persei
1070 1432 1189 1477 dux),
1220 1431 1380 1467 soluta
1409 1429 1548 1466 unius

129 1504 270 1540 urbis
302 1504 538 1552 (Meliboeae)
577 1504 854 1547 obsidione,
895 1502 1262 1539 Demetriadem
1303 1498 1548 1547 extemplo

128 1573 282 1618 ducit3
313 1586 396 1610 nec
427 1581 520 1611 tum
553 1575 742 1612 moenia
773 1574 930 1618 niodo,
962 1574 1046 1610 sed
1079 1585 1226 1622 agros
1258 1571 1402 1608 etiam
1434 1582 1549 1606 con-

130 1644 351 1681 fiderunt
395 1657 442 1681 se
486 1658 508 1681 a
553 1644 964 1694 populationibus
995 1644 1122 1680 tueri
1152 1655 1310 1692 posse.
1404 1643 1552 1679 Praeter

128 1715 336 1752 barbarum
367 1715 459 1752 illud
490 1714 805 1751 confiderunt
836 1714 950 1750 etiam
981 1714 1177 1751 sententiae
1208 1726 1285 1750 non
1316 1714 1550 1750 cohaerentes

127 1793 165 1822 et
194 1786 384 1834 particula
413 1793 511 1822 tum
535 1785 661 1822 mendi
682 1785 860 1821 indicium
894 1784 1052 1823 fac—iunt.
1114 1784 1249 1821 Codex
1280 1783 1414 1820 ducit
1443 1795 1549 1819 noc-

128 1857 341 1892 temunia
373 1856 515 1893 modo
547 1863 617 1893 cet.
695 1856 842 1892 Locum
876 1855 1101 1891 lacunosum
1134 1867 1236 1898 esset
1279 1855 1381 1903 quod
1422 1854 1552 1902 aliqua

128 1939 177 1963 ex
207 1934 315 1975 parte
331 1927 668 1964 Weissenbornius
695 1926 910 1975 suspicatus
934 1932 1027 1970 erat,
1052 1926 1404 1962 Forchhammerus
1436 1925 1545 1962 intel-

128 1996 220 2033 lexit
250 1997 408 2045 eiusque
439 1996 528 2032 olim
559 1997 659 2032 hane
689 1996 768 2033 fere
798 1996 917 2033 fuisse
953 1996 1139 2032 formam:
1187 1995 1549 2032 Demetriadem

127 2067 373 2115 extemplo
404 2067 545 2103 ducit.
605 2067 759 2104 Nocte
790 2067 986 2103 moenia
1019 2064 1218 2115 [inu-at,
1260 2072 1550 2114 tantamque

126 2136 360 2174 fiduciam
397 2137 733 2174 incolentibus
763 2137 901 2181 fecit,
948 2143 1115 2173 utnon
1148 2134 1354 2186 moenia]
1387 2136 1549 2186 modo,

127 2207 212 2243 sed
242 2219 389 2256 agros
425 2208 566 2244 etiam
607 2209 928 2248 confiderent
968 2220 1017 2244 se
1063 2221 1086 2245 a
1130 2207 1540 2257 populationibus

126 2278 255 2314 tueri
285 2290 440 2326 posse.
504 2280 683 2327 Apparet
722 2279 861 2316 erroris
897 2291 1015 2316 causa
1054 2279 1092 2315 in
1123 2279 1316 2315 moenium
1347 2277 1538 2314 vocabulo

124 2347 183 2384 bis
214 2348 353 2396 posito.
416 2349 541 2385 Nocte
570 2349 702 2386 urbem
725 2350 959 2399 Euphranor
984 2349 1153 2394 intravit,
1173 2355 1216 2385 ut
1231 2350 1431 2386 Romanos
1466 2348 1537 2384 ob-

125 2418 291 2455 sidentes
319 2418 481 2455 falleret.
544 2418 624 2456 Sub
654 2421 767 2457 finem
798 2421 933 2469 capitis
963 2420 998 2467 (ξ
1035 2420 1098 2467 12)
1128 2419 1324 2456 scribitur:
1357 2419 1424 2455 De
1449 2418 1535 2454 Eu-

126 2501 259 2526 mene
289 2502 401 2538 rege
442 2490 589 2538 longe
636 2490 832 2528 diversa
876 2490 1096 2528 tradunt.
1175 2490 1431 2527 Desideratur
1461 2489 1550 2524 sub-

126 2559 288 2604 iectum3
326 2572 450 2608 neque
493 2560 592 2596 enim
632 2560 780 2598 incerta
819 2561 1039 2598 huiusmodi
1073 2561 1286 2597 communis
1316 2559 1549 2596 narrationis

128 2629 356 2678 significatio
390 2630 583 2666 contraria
612 2631 703 2679 poni
733 2637 859 2680 potest
890 2638 1014 2676 certae,
1038 2644 1156 2679 quam
1168 2630 1301 2667 Livius
1333 2641 1449 2678 supra
1479 2641 1547 2677 po·
