1811 2925
296 651 866 712 EMENDATIONUM
902 650 1362 712 LIVIANARUM

705 771 798 807 PARS
823 770 955 806 less'ru

117 873 213 914 Lnn
263 874 478 915 LIBRORUM
523 875 666 915 DECEM
713 875 738 915 A
783 874 1012 915 Tsslcsssnlo
1064 874 1193 914 PRIMO
1240 874 1294 915 AD
1341 875 1531 922 QIJADRA-

413 952 604 993 GESfflUM
635 952 967 993 EMENDATIONES
999 952 1248 993 CONTlNENS.

693 1128 961 1164 Pnoosstlwm.

118 1177 299 1263 Quartae
332 1223 432 1259 Livii
459 1222 645 1259 librorum
676 1224 844 1267 decadis,
878 1224 952 1259 hoc
983 1229 1051 1266 est,
1083 1229 1327 1258 servatorum
1356 1223 1542 1260 librorum

116 1293 250 1337 tertiae,
297 1293 448 1329 codices
483 1293 662 1341 vulgares
693 1301 833 1342 praeter
864 1307 1105 1330 communem
1152 1305 1309 1329 summae
1351 1294 1542 1342 deprava-

118 1364 233 1400 tionis
264 1363 389 1400 labem
421 1364 834 1412 interpolationemque
866 1378 910 1401 eo
944 1377 1098 1412 quoque
1134 1363 1276 1399 indicio
1308 1364 1542 1401 manifestis·

119 1434 216 1470 simo
246 1435 283 1470 in
314 1447 431 1470 unum
461 1446 618 1482 gregem
640 1434 898 1480 includuntur,
931 1436 1034 1483 quod
1057 1446 1190 1471 omnes
1221 1434 1318 1470 libro
1350 1434 1542 1470 tricesimo

118 1505 230 1541 tertio
257 1512 388 1541 carent
419 1512 455 1540 et
486 1505 578 1549 (nisi
608 1505 705 1552 quis,
736 1512 777 1541 ut
806 1518 904 1542 unus
937 1505 1039 1554 apud
1063 1503 1423 1541 Drakenborohium
1446 1504 1542 1540 Lov.

121 1578 163 1619 3„
208 1576 281 1612 iam
313 1576 429 1624 paulo
461 1582 549 1611 ante
579 1574 738 1625 desinit)
773 1582 946 1612 extrema
989 1581 1099 1623 parte
1139 1574 1225 1610 libri
1258 1573 1542 1622 quadragesimi

119 1646 206 1681 iude
234 1658 255 1681 a
289 1658 320 1683 c,
355 1648 417 1682 37.
453 1648 488 1682 3.
560 1647 624 1682 Ab
655 1647 727 1682 hac
758 1647 871 1682 turba
903 1647 978 1682 duo
1010 1653 1240 1694 separantur
1271 1644 1435 1686 codices,
1478 1644 1543 1692 qui

120 1716 279 1752 salutem
311 1717 398 1752 huic.
438 1716 537 1752 Livii
574 1716 676 1765 parti
717 1717 937 1759 attulerunt,
983 1716 1234 1763 Moguntinus
1275 1721 1310 1750 et
1355 1715 1542 1750 Bamber·

118 1787 257 1835 gensiS.
327 1787 404 1823 sed
447 1787 493 1822 de
537 1786 668 1822 codice
698 1787 928 1835 Moguntino
973 1786 1037 1833 (ex
1074 1786 1307 1823 bibliotheca
1349 1786 1438 1821 aedis
1480 1798 1543 1822 ca-

118 1858 338 1903 thedralis),
382 1858 564 1906 quoniam
594 1865 682 1906 post
713 1857 881 1893 seculum
916 1864 1066 1894 sextum
1105 1858 1294 1893 decimum
1330 1869 1408 1892 non
1440 1868 1542 1892 com-

118 1929 258 1976 paruit,
281 1936 427 1964 tantun]
445 1929 598 1972 scimus,
616 1935 800 1976 quantuni
823 1928 988 1976 primum
1006 1928 1092 1966 Nic,
1111 1927 1350 1964 Oai-bachius
1367 1933 1402 1962 et
1416 1926 1543 1962 Wolf-

118 2011 268 2047 gangus
286 2001 486 2046 Angustus
517 2001 691 2040 (enotata
721 1999 758 2034 in
791 2000 866 2034 fine
897 1998 1073 2034 editionis
1106 1998 1207 2034 Livii
1237 1997 1473 2045 Moguntinae
1508 2010 1543 2032 a.

128 2070 241 2113 1518,
263 2070 300 2104 in
318 2081 395 2116 qua
412 2070 575 2117 primum
593 2069 680 2105 hinc
704 2069 896 2118 posterior
918 2068 1006 2104 libri
1023 2068 1219 2104 XXXIII
1239 2081 1329 2117 pars
1352 2068 1544 2116 descripta

120 2145 189 2183 est,
221 2139 418 2187 scripturae
435 2140 634 2182 varietate.⁴
651 2151 722 2187 pro
746 2139 847 2175 illius
868 2138 991 2175 aetatis
1018 2138 1173 2174 modulo
1192 2138 1358 2186 copiose,
1380 2139 1447 2174 sed
1474 2138 1544 2174 mi-

119 2209 221 2245 nime
243 2210 291 2245 ad
314 2217 455 2246 nostrae
479 2211 602 2246 aetatis
617 2210 741 2258 legem
763 2217 827 2245 aut
850 2210 960 2258 plene
981 2215 1046 2245 aut
1070 2209 1260 2256 distincte)
1292 2209 1543 2250 tradiderunt,

120 2279 256 2315 deinde
275 2280 355 2328 sig.
373 2279 557 2317 Gelenius
585 2280 675 2328 (qui
696 2280 734 2315 in
756 2279 922 2315 editione
938 2279 1186 2316 Frobeniana
1215 2292 1250 2318 a.
1280 2281 1380 2316 1535
1413 2279 1544 2315 codice

119 2349 201 2397 ipse
235 2361 319 2386 cum
352 2350 505 2398 egregio
536 2350 662 2386 fructu
693 2362 784 2385 usus
818 2356 899 2393 est,
942 2357 973 2385 et
1008 2363 1084 2386 non
1114 2363 1240 2398 pauca
1271 2363 1294 2386 a
1324 2349 1543 2386 Cal-bachio

119 2419 263 2455 omissa
281 2420 439 2463 addidit,
461 2432 536 2456 non
563 2427 667 2456 recte
689 2420 817 2468 posita
843 2416 1086 2466 correxiO-l)
1118 2420 1269 2467 Itaque,
1286 2427 1542 2469 praeterquam

145 2583 173 2626 ¹)
213 2586 392 2618 Carbachii
421 2588 595 2628 scripturae
616 2587 873 2619 adnotationem
891 2587 1111 2628 Kreyssigius
1130 2587 1165 2618 in
1193 2587 1272 2617 edit.
1292 2586 1369 2616 libri
1387 2584 1544 2616 XXXIII

214 2649 429 2688 repetendam
457 2649 597 2679 curavit.
