1811 2925
921 160 996 196 204

255 288 295 317 ut
326 281 535 317 certissime
578 293 662 316 cum
701 293 745 316 eo
784 281 973 328 copulent.
1039 282 1151 329 Quod
1192 288 1319 318 autem
1364 290 1401 318 et
1433 283 1521 319 libri
1559 284 1663 319 XXI

255 353 303 388 ab
338 351 444 387 initio
477 356 511 386 et
542 351 628 387 libri
646 352 772 387 XXX
790 351 951 388 extremi
981 364 1071 399 pars
1103 352 1233 400 aliqua
1262 353 1298 388 in
1329 353 1393 388 illo
1425 354 1542 397 deest,
1583 366 1667 401 quae

254 422 291 457 in
323 421 456 457 ceteris
492 421 686 457 codicibus
718 428 775 457 est.
811 421 896 469 (etsi
929 422 1042 458 etiam
1081 423 1184 461 Med.
1224 423 1260 458 in
1291 425 1364 459 fine
1396 424 1550 460 mutilus
1581 426 1666 470 est),

255 498 418 540 apparet
456 497 541 539 post
585 491 735 528 codices
771 491 867 527 alios
907 492 994 528 inde
1032 493 1243 541 descriptos
1273 494 1398 542 prima
1429 501 1463 530 et
1495 500 1667 530 extrema

254 562 369 606 solia,
413 568 453 598 ut
482 563 545 607 fit,
586 574 676 597 casu
718 568 755 597 et
793 562 1025 611 negligentia
1056 570 1121 599 aut
1159 563 1197 599 vi
1228 564 1390 612 denique
1420 565 1667 601 intercidisse.

255 634 413 680 Itaque,
453 633 511 669 his
549 632 723 679 partibus
755 633 943 681 exceptis,
985 634 1202 682 ubicunque
1232 635 1278 671 de
1308 634 1449 671 codicis
1480 635 1667 671 Puteanei

256 704 445 751 scriptura
477 709 649 747 constat,
692 703 741 738 ad
779 716 863 739 eum
902 716 1032 749 unum7
1069 705 1204 740 ceteris
1236 705 1423 748 omnibus,
1454 705 1568 741 etiam
1601 718 1668 741 an-

254 774 369 822 tiquis
412 780 447 809 et
488 773 722 820 reliquorum
766 774 887 810 turbae
924 774 1037 822 longe
1078 775 1375 823 praestantibus,
1425 776 1668 823 posthabitis,

257 845 379 881 omnis
411 857 512 880 verae
550 844 747 892 scripturae
787 844 1018 880 existimatio
1057 852 1094 881 ct
1131 845 1336 893 exquisitio
1375 845 1577 882 referenda
1612 853 1669 882 est

259 916 351 960 (nisi
381 915 480 952 forte
511 915 602 963 quid
632 915 721 951 olim
756 915 794 951 in
825 928 870 951 eo
902 916 1143 964 perspicuum
1195 928 1294 952 nunc
1325 916 1509 963 evanuit).
1566 918 1669 954 Usus

257 993 313 1022 est
344 992 471 1022 autem
515 986 661 1034 primus
702 999 746 1021 eo
788 986 919 1021 codice
957 986 1013 1022 Io.
1046 987 1111 1022 Fr.
1143 986 1366 1023 Gronovius
1404 999 1489 1022 cum
1519 999 1668 1023 summo

258 1056 358 1092 Livii
389 1056 536 1101 fructu,
581 1056 751 1093 adhibito
794 1056 933 1104 ingenii
976 1058 1173 1102 acumine‚
1223 1058 1288 1094 sed
1331 1057 1539 1106 scripturas
1570 1057 1669 1094 illius

257 1127 380 1162 aetatis
411 1139 517 1162 more
549 1129 683 1175 (quum
707 1127 799 1176 ipsQ
832 1135 872 1164 ut
902 1128 938 1163 in
968 1128 1192 1176 praet'atione
1223 1135 1396 1172 testatur,
1419 1128 1562 1164 nullum
1593 1141 1668 1164 non

257 1198 405 1246 apicem
445 1204 667 1245 persecutus
707 1200 829 1244 esset)
873 1204 1018 1234 tantum
1065 1204 1292 1246 excerptim..
1340 1211 1359 1234 e
1407 1198 1542 1246 quibus
1587 1199 1669 1247 ips‘e

258 1268 544 1305 emendationes
569 1268 881 1315 suspicionesque
912 1269 1086 1313 duxerat,
1117 1268 1323 1316 evulgavit.
1383 1269 1545 1304 Addidit
1574 1282 1670 1317 pau—

258 1352 322 1375 cas
358 1338 699 1375 Drakenborchius
729 1351 751 1373 a
790 1338 952 1375 Salleiio
990 1339 1316 1382 subministratus7
1360 1339 1545 1386 quasdam
1578 1339 1670 1375 Cre-

257 1410 398 1448 verius,
432 1415 564 1444 neuter
595 1409 673 1444 sine
705 1409 910 1446 erroribus.
977 1411 1122 1447 Nosti-0
1155 1416 1281 1445 autem
1316 1415 1488 1457 tempore
1518 1422 1668 1446 omnem

258 1481 455 1529 scripturae
485 1479 711 1515 varietatem
743 1479 780 1514 in
812 1480 932 1515 tribus
963 1481 1095 1528 primis
1141 1480 1247 1516 libris
1278 1479 1545 1516 Alschefskius
1578 1493 1601 1516 a
1631 1492 1671 1515 se

258 1558 451 1587 enotatam
498 1550 614 1586 edidit.
659 1550 775 1595 (satis
823 1550 985 1586 molesta
1026 1550 1184 1595 formai,
1228 1550 1265 1586 in
1310 1563 1378 1586 sex
1413 1551 1600 1599 proximis
1632 1552 1672 1599 (a

258 1622 404 1658 XXIV
437 1622 486 1657 ad
516 1621 696 1667 XXIX),
728 1632 750 1655 a
772 1619 822 1657 Gr.
841 1619 1014 1657 Beckcro
1045 1621 1246 1669 diligenter
1277 1621 1520 1668 descriptam,
1545 1621 1672 1658 Weis-

258 1693 504 1729 senhornius.
550 1692 614 1739 qui
647 1692 727 1726 iure
758 1691 857 1726 hunc
889 1691 1071 1735 codicem,
1107 1698 1290 1739 quantum
1321 1691 1462 1736 liceret,
1500 1692 1572 1728 sibi
1602 1705 1671 1728 ex-

257 1763 496 1811 primendum
527 1762 749 1810 p1·oposuit;
779 1761 816 1796 in
847 1761 943 1797 libro
975 1762 1101 1798 XXX
1126 1759 1408 1806 Alsckefsldiis,
1440 1775 1555 1810 quum
1585 1776 1670 1799 eum

258 1834 394 1869 librum
427 1834 634 1881 separatim
667 1833 816 1873 ederet,
867 1845 956 1868 usus
1006 1841 1088 1869 erat
1132 1834 1330 1882 scripturis
1362 1834 1410 1869 ab
1441 1834 1486 1869 Ε.
1518 1833 1670 1870 Millero

260 1904 424 1939 enotatis
457 1916 598 1951 easque
628 1903 978 1939 incommodissime
1010 1904 1220 1953 discerptas
1254 1918 1330 1940 non
1371 1916 1503 1940 omnes
1542 1904 1670 1944 edidit,

258 1974 447 2022 supplevit
482 1981 607 2010 autem
639 1980 773 2022 postea
805 1974 885 2022 ipse
920 1975 1093 2022 quaedam
1134 1981 1170 2010 et
1200 1975 1387 2012 correxit.
1427 1987 1511 2022 quae
1544 1974 1670 2010 Weis-

258 2044 483 2080 senbornius
513 2045 567 2080 ita
601 2045 834 2092 composuit,
867 2051 909 2080 ut
946 2052 1072 2080 tamen
1112 2045 1256 2092 aliquid
1302 2046 1339 2081 in
1376 2046 1449 2081 hoc
1488 2045 1586 2080 libro
1621 2045 1669 2080 ad

257 2114 411 2162 plenam
444 2115 700 2162 cognitionem
734 2115 841 2151 desit.

370 2186 519 2221 Desunt
550 2198 667 2223 nune,
708 2192 746 2220 ut
778 2185 853 2220 iam
885 2185 976 2227 dixi,
1008 2185 1148 2220 codicis
1182 2186 1367 2222 Puteanei
1400 2186 1491 2222 folia
1525 2187 1671 2233 aliquot-

259 2255 296 2290 in
328 2255 434 2291 initio
468 2263 503 2292 ct
532 2257 617 2295 fineq
648 2255 685 2290 in
718 2256 854 2302 quibus
886 2262 991 2290 erunt
1023 2255 1108 2291 libri
1139 2257 1246 2292 XXI
1276 2257 1403 2304 capita
1430 2260 1479 2292 40
1513 2263 1549 2291 et
1579 2267 1670 2304 pars

259 2325 545 2373 quadragesimi
584 2326 695 2374 primi
740 2325 830 2365 (nisi
869 2326 971 2373 quod
1014 2326 1088 2361 duo
1132 2325 1225 2361 solia
1261 2333 1546 2370 remanserunt,
1587 2339 1671 2374 quae

259 2395 453 2431 continent
483 2408 512 2431 c.
547 2397 618 2441 20,
659 2398 679 2433 S
717 2397 765 2432 ad
798 2398 870 2436 21,
923 2398 963 2432 13
997 2403 1033 2431 et
1067 2409 1097 2433 c.
1131 2397 1204 2440 29,
1239 2398 1260 2431 ss
1296 2396 1343 2431 ad
1377 2398 1441 2439 30,
1479 2399 1556 2440 11),
1584 2396 1670 2432 libri

259 2472 385 2501 autem
417 2467 543 2502 XXX
574 2479 665 2515 pars
696 2466 775 2503 scre
805 2467 917 2502 tertia
948 2480 970 2502 a
1002 2480 1031 2503 c.
1065 2469 1128 2511 30,
1165 2468 1224 2511 11,
1255 2466 1325 2501 nisi
1357 2467 1458 2513 quod
1490 2466 1550 2501 hic
1577 2478 1669 2512 quo·

259 2548 332 2583 que
364 2537 501 2572 mansit
532 2537 666 2573 folium
701 2551 815 2573 unum
849 2537 1046 2573 continens
1077 2550 1107 2573 c.
1140 2538 1210 2579 37,
1256 2538 1276 2573 3
1321 2536 1369 2572 ad
1411 2538 1483 2581 38,
1530 2538 1564 2573 2.
1624 2537 1668 2572 In

257 2605 316 2640 his
354 2606 468 2653 igitur
506 2608 677 2654 partibus
717 2621 847 2644 eorum
888 2607 1060 2643 codicum
1107 2607 1335 2643 auctoritate
1379 2606 1557 2642 standum
1601 2612 1670 2649 est,

258 2676 322 2723 qui
353 2676 405 2711 illi
436 2677 600 2724 proximi
631 2684 740 2721 sunt,
783 2691 802 2713 e
844 2678 981 2725 quibus
1021 2690 1138 2726 supra
1173 2684 1319 2713 ceteros
1351 2677 1516 2713 eminent
1547 2677 1671 2713 Medi-
