1811 2925
848 156 892 189 15

161 281 183 315 4
217 290 329 317 enm..
359 289 475 325 quum
504 276 542 311 is
572 275 788 324 ponendum
810 276 924 321 esset)
947 281 1014 311 aut
1043 275 1096 311 ita
1126 274 1284 319 incluso,
1315 282 1357 310 ut
1387 274 1462 310 alia
1492 287 1578 323 per-

160 349 406 386 turbarentur
437 344 556 394 (velut
586 345 681 385 VII,
699 347 763 390 41,
782 347 818 390 6,
848 345 912 382 ubi
942 345 1072 382 addito
1104 346 1183 394 qui
1213 352 1251 382 et
1281 345 1330 381 ad
1357 345 1395 381 id
1426 357 1576 382 accom-

161 416 318 453 modato
366 415 626 465 fugissent,
677 416 918 453 desideratur
964 423 1052 466 post
1099 415 1272 453 fuisset
1316 423 1361 453 et
1415 416 1577 452 alterum

160 487 356 533 verbum),
406 487 617 523 cuiusmodi
657 487 804 523 indiciis
850 488 931 536 ipse
975 500 1081 523 error
1123 500 1224 536 saepe
1270 486 1575 537 deprehenditur.

162 558 311 594 Notata
340 557 455 606 igitur
488 558 656 594 omnium
687 559 873 603 codicum,
904 559 977 595 hoc
997 565 1065 599 est,
1096 559 1293 608 archetypi
1315 557 1578 594 additamenta

161 628 220 664 his
251 627 343 664 locis
372 627 449 664 iam
480 635 609 673 erant,
652 629 699 665 de
739 643 900 678 quorum
932 629 1122 666 nonnullis
1153 629 1423 666 confirmanda»,
1453 628 1578 676 suspi-

161 699 281 736 ci0n1s
327 711 444 735 causa
485 699 595 748 plura
628 700 771 744 dicam,
815 700 880 737 ubi
927 700 1021 736 ordo
1060 712 1120 735 me
1159 700 1208 736 ad
1250 713 1316 737 eos
1357 699 1575 736 deduxerit:

162 771 194 816 Ι,
216 773 281 815 41,
301 771 322 806 3
355 769 436 819 (ubi
468 770 543 806 vim
575 771 759 807 orationis
786 783 943 819 prorsus
972 770 1117 819 frangit
1147 771 1309 808 alterum
1341 769 1576 813 consilia),

162 842 216 886 ΙΙ,
246 843 310 887 30,
352 845 364 878 1
417 841 668 889 (putabant
714 842 1026 886 sententiam,
1057 842 1122 878 ubi
1161 849 1197 878 et
1225 841 1362 890 frigide
1393 841 1577 890 repetitur

162 912 412 948 sententiae
441 924 578 947 nomen
610 918 646 948 et
670 912 886 948 necessario
914 912 1115 949 dicendum
1145 919 1247 950 erat:
1282 912 1576 949 sententiam

162 996 264 1020 eam
295 994 401 1019 esse
432 983 684 1030 putabant,
716 994 814 1030 quae
846 995 918 1027 -—-;
959 996 1046 1019 nam
1089 983 1247 1020 Lartii
1284 983 1574 1020 sententiam

161 1059 295 1103 puto,
337 1065 438 1101 quae
471 1053 563 1088 nihil
593 1052 688 1102 est),
724 1055 796 1098 58,
837 1057 857 1088 5
898 1054 1037 1102 (neque
1076 1054 1174 1090 enim
1215 1055 1339 1102 quod
1382 1068 1405 1091 a
1445 1055 1576 1091 codiee

164 1125 339 1162 Rhenani
370 1125 525 1168 aberat,
569 1124 635 1159 sed
675 1124 754 1160 eius
793 1124 933 1161 iudi‹·io
965 1125 1189 1161 damnatum
1222 1130 1316 1169 est),
1362 1126 1444 1170 III,
1484 1129 1519 1171 l,
1556 1128 1568 1160 1

163 1194 465 1243 (Quinctius,
494 1207 564 1243 pro
596 1207 670 1242 quo
701 1195 944 1232 substitutum
978 1204 1034 1232 est
1064 1196 1314 1243 Quintus),
1348 1200 1384 1241 4,
1427 1199 1438 1233 l
1475 1197 1576 1243 (Fa-

160 1265 268 1302 bios
301 1277 487 1302 consensu
517 1265 747 1312 damnatur),
779 1266 851 1308 IV,
884 1267 947 1311 21,
981 1268 1002 1302 6
1035 1266 1261 1316 (metum),
1294 1269 1357 1311 24,
1391 1270 1409 1303 7
1451 1267 1575 1310 (fine

160 1336 350 1385 alteri),
389 1337 463 1382 32,
495 1339 513 1373 7
548 1339 668 1381 (eos,
693 1349 740 1372 nc
771 1336 1016 1373 Alschefskio
1050 1338 1202 1385 quidem
1234 1345 1368 1374 contra
1399 1338 1575 1385 dicente),

160 1408 233 1452 VI,
269 1410 328 1453 17,
360 1409 381 1444 6
414 1407 631 1454 (remisso
662 1408 729 1453 id,
761 1407 927 1456 quod),
958 1407 1059 1451 VII,
1093 1410 1163 1454 29,
1210 1411 1221 1445 l
1259 1407 1462 1457 (spatio,
1498 1420 1574 1456 quo

165 1479 296 1515 addito
327 1479 440 1528 plane
472 1490 649 1528 perverse
686 1478 875 1514 vel-vel
917 1479 1109 1527 ponitur),
1159 1482 1232 1524 41,
1265 1482 1286 1517 6
1320 1479 1453 1527 (qui),
1499 1478 1576 1523 IX,

168 1551 238 1592 16,
273 1550 295 1586 8
331 1550 502 1598 (nocte,
543 1548 643 1597 quod
682 1549 819 1584 mirum
865 1556 922 1585 est
957 1548 1096 1593 fuisse,
1141 1550 1204 1598 qui
1247 1551 1286 1586 in
1322 1551 1464 1586 hoste
1511 1557 1577 1586 aut

163 1620 330 1655 hostes
359 1619 498 1655 mutari
524 1618 677 1655 mallent
708 1631 823 1667 quam
853 1619 961 1664 tolli),
996 1621 1052 1664 19,
1077 1623 1098 1656 4
1124 1620 1402 1665 (Samnites;
1432 1620 1576 1657 frustra

165 1689 242 1725 alia
262 1688 487 1738 tentantur),
508 1689 611 1733 ibd.§
633 1693 650 1725 7
667 1689 727 1736 (id
748 1697 817 1725 est
838 1690 1000 1735 hastae3
1031 1691 1199 1728 omnium
1222 1692 1575 1728 manifestissimum

164 1761 464 1798 additamentum
496 1772 624 1796 omnes
654 1759 855 1805 damnant3
886 1761 923 1796 in
954 1762 1163 1811 archetypo
1195 1770 1323 1800 tamen
1349 1763 1449 1811 fuit),
1469 1764 1532 1806 30,
1552 1763 1576 1799 8

165 1833 342 1879 (causa,
374 1831 603 1880 adscriptum
636 1831 684 1866 ad
716 1830 782 1866 illa
810 1843 893 1879 per
923 1833 1145 1880 speciem3
1177 1833 1278 1872 male
1306 1834 1575 1870 Weissenbor-

163 1903 247 1939 nius
271 1902 475 1939 defendere
494 1908 676 1945 conatur).
718 1902 786 1947 (X,
805 1902 869 1946 32,
893 1905 913 1938 4
937 1910 974 1939 et
993 1903 1048 1948 X,
1071 1905 1134 1949 37,
1174 1907 1216 1941 15
1244 1905 1294 1941 ad
1321 1905 1424 1941 aliud
1454 1917 1573 1954 genus

163 1973 373 2022 pertinent,
415 1973 461 2009 de
500 1985 575 2020 quo
610 1972 734 2008 dicam
772 1973 888 2021 paulo
929 1974 1046 2022 post.)
1106 1974 1200 2011 Haee
1231 1975 1347 2024 igitur
1377 1974 1459 2020 alii,
1502 1988 1573 2024 ego

164 2056 261 2080 unus
290 2044 402 2093 plura
431 2042 644 2080 huiusmodi
674 2042 1014 2091 interpretamenta
1042 2045 1097 2080 ita
1117 2046 1297 2094 coargui,
1329 2053 1393 2091 ut,
1425 2046 1575 2083 etiamsi

163 2115 210 2151 de
254 2128 329 2151 uno
374 2121 410 2150 et-
448 2113 568 2150 altero
606 2119 738 2149 contra
776 2113 942 2158 dicatur,
986 2115 1034 2151 de
1070 2115 1183 2163 longe
1220 2116 1393 2164 plurimis
1429 2118 1573 2166 peritos

164 2184 356 2231 homines,
397 2183 462 2233 qui
491 2190 527 2219 et
559 2182 596 2218 in
622 2182 779 2231 singulis
809 2183 903 2220 locis
934 2193 1160 2234 argumenta
1181 2187 1509 2225 consideraverint
1538 2194 1573 2224 et

164 2254 340 2291 omnibus
360 2253 459 2290 inter
491 2253 524 2289 si
553 2253 697 2290 collatis
724 2261 844 2291 totum
866 2267 986 2303 genus
1008 2257 1284 2305 interpretandi
1306 2257 1572 2307 explendique,

164 2337 249 2373 quae
279 2324 411 2361 deesse
436 2324 663 2369 viderentur,
692 2325 969 2373 perspexerint,
999 2338 1075 2362 non
1101 2326 1342 2364 dubitaturos
1370 2328 1572 2372 confidam,

166 2407 281 2443 quum
305 2395 514 2443 praesertim
545 2394 592 2430 de
621 2395 747 2431 codice
777 2397 985 2445 archetypo
1017 2396 1131 2433 aliam
1162 2410 1242 2433 rem
1273 2409 1357 2434 cum
1389 2399 1460 2436 hac
1482 2412 1572 2436 con·

163 2465 440 2502 junctissimam
489 2471 526 2501 et
565 2477 718 2514 prorsus
754 2465 998 2503 manifestam
1038 2467 1167 2504 statim
1209 2467 1451 2516 expositurus
1487 2468 1572 2508 sim.

165 2535 264 2573 Sunt
296 2543 436 2580 autem,
467 2547 562 2584 quos
593 2535 772 2584 significo,
802 2536 876 2573 loci
904 2537 963 2574 hi:
1001 2540 1031 2582 1,
1051 2538 1182 2583 32,12
1207 2538 1570 2587 (sanguineam),

163 2606 218 2652 II,
254 2607 323 2652 18,
354 2609 374 2643 4
408 2610 511 2653 (nee
541 2618 630 2654 quo
656 2615 818 2653 anno),
850 2609 922 2652 45,
957 2609 1003 2644 16
1034 2606 1208 2658 (Fabia
1235 2615 1390 2657 gens),
1419 2609 1502 2654 111,
1538 2612 1570 2654 t,

164 2678 187 2712 5
220 2674 593 2726 (propinquam),
628 2677 701 2716 5.8
732 2678 888 2723 (cum),
923 2679 1052 2723 19,1t
1090 2677 1144 2725 (si
1175 2678 1419 2726 tuleritis),
1450 2682 1513 2723 65,
1548 2684 1570 2716 6
