1811 2925
274 162 348 193 Lib.
376 161 439 192 IX.
902 163 946 197 17
956 162 977 197 6

229 297 277 322 se
307 284 463 321 media
493 283 662 331 lapsos
692 281 911 318 vict-oriae
933 282 1294 330 possessionem
1317 294 1432 330 pace
1461 283 1650 319 ineerta

227 362 451 392 mutasse.
541 354 659 390 Recte
703 353 777 389 hoc
822 353 994 389 Antonio
1040 352 1243 389 Perizonio
1296 352 1504 401 displicuit3
1558 366 1648 390 nam

229 425 379 462 media
409 424 510 460 labi
538 424 643 460 nullo
674 423 857 471 loquendi
877 435 946 458 usu
977 422 1204 469 defenditur,
1233 423 1334 460 labi
1364 429 1491 459 autem
1521 424 1650 459 inter

228 495 382 532 media
413 493 523 543 (duo)
558 494 787 537 consilia,
830 499 872 529 ut
902 493 962 536 sit,
993 501 1155 541 utroque
1185 494 1386 542 repudiato
1418 493 1570 530 tertium
1603 506 1648 530 ae

228 566 395 603 medium
435 566 565 613 sequi,
611 577 768 613 prorsus
805 564 972 600 absurde
1016 563 1174 607 dieitur,
1219 564 1440 612 frustraque
1470 564 1648 601 Draken-

227 636 406 673 borehius
437 642 474 671 et
503 634 841 671 lVeissenbornius
872 634 1066 669 advocant
1095 635 1281 671 eiusmodi
1312 635 1500 683 exempla,
1536 634 1649 683 quale

229 714 302 743 est:
333 719 416 759 per
445 705 628 742 medios
659 706 875 742 Thraces
906 705 995 749 ire3
1040 704 1163 741 simile
1181 712 1292 750 esset,
1323 705 1354 741 si
1385 706 1488 753 quis:
1519 707 1650 746 inter

229 777 410 814 medios
442 775 714 824 Campanos
753 788 806 812 ae
844 777 1086 812 Romanos
1127 775 1198 811 ire
1234 775 1413 819 dixisset²
1455 782 1497 811 ut
1537 782 1649 821 esset-7

229 848 396 884 medium
424 847 498 891 ire„
541 853 695 883 neutros
727 847 990 894 attingentem.
1030 846 1165 883 Livius
1196 853 1276 890 aut,
1312 845 1415 894 quod
1445 846 1648 883 Perizonio

229 919 390 968 placuit„
434 917 588 954 medio
630 918 798 966 lapsos
839 916 991 965 scripsit
1030 923 1095 953 aut
1124 917 1270 965 potius:
1312 917 1442 952 inter
1473 929 1570 964 quae
1601 929 1649 953 se

231 988 384 1024 inedia
414 988 585 1036 lapsos
621 989 698 1027 via
729 988 951 1024 vietoriae
981 987 1345 1036 possessionem
1391 993 1461 1027 eet.
1528 987 1651 1024 Error

231 1072 345 1107 quani
386 1058 509 1094 facilis
539 1058 654 1095 fuerit
689 1059 747 1108 (ut
776 1059 854 1095 via
884 1066 971 1094 ante
1001 1058 1049 1093 vi
1079 1057 1300 1105 excideret),
1332 1064 1504 1106 apparet.

344 1128 440 1178 Cap.
480 1130 538 1173 13,
570 1132 612 1165 4:
656 1130 833 1177 Itaque
863 1141 953 1164 non
988 1127 1083 1164 fusi
1115 1129 1251 1165 modo
1283 1129 1447 1164 hostes
1478 1129 1650 1171 (Samni-

230 1208 286 1237 tes
317 1213 340 1236 a
370 1201 418 1247 Q.
450 1199 616 1236 Publilio
649 1200 822 1246 consule)
854 1205 984 1240 sunt,
1022 1199 1104 1235 sed
1144 1211 1199 1234 ne
1237 1198 1416 1235 eastris
1459 1199 1649 1246 quidem

230 1271 329 1307 suis
359 1270 520 1319 fugam
551 1270 785 1319 impedire
811 1269 1158 1317 ausiApuliam
1183 1268 1416 1318 dissipat-i
1448 1269 1648 1317 petiere.

230 1340 332 1388 Quid
381 1341 429 1377 sit
472 1341 650 1377 eastris
695 1340 796 1376 suis
841 1338 1001 1387 fugam
1047 1340 1304 1388 impedire,
1352 1352 1427 1376 non
1458 1339 1650 1388 intelligo;

229 1411 479 1459 intelligerem
513 1411 698 1452 fortasse,
739 1410 771 1446 si
801 1416 901 1446 esset
930 1410 1112 1445 eastris
1152 1410 1344 1446 tuendis
1374 1409 1534 1458 fugam
1565 1410 1650 1447 im-

232 1481 415 1531 pedire,
457 1480 526 1517 etsi
568 1493 614 1516 ne
652 1481 708 1517 sie
750 1481 903 1528 quidem
943 1480 1242 1529 impediendi
1283 1481 1442 1517 verbum
1481 1481 1527 1517 de
1557 1479 1652 1529 fuga

232 1551 465 1588 retardanda
496 1558 613 1599 atque
642 1551 956 1599 interrumpenda
997 1558 1129 1599 aptum
1160 1558 1270 1588 esset.
1342 1551 1574 1595 Videndum,
1603 1564 1652 1587 ne

234 1622 366 1659 Livius
408 1621 447 1657 id
484 1621 609 1669 ipsum
640 1621 812 1669 posuerit
843 1622 1015 1666 verbum,
1054 1634 1130 1669 quo
1157 1621 1194 1657 in
1225 1621 1440 1657 enarrando
1471 1620 1650 1657 Alschef-

233 1693 337 1730 skius
368 1704 459 1728 usus
490 1698 565 1737 est,
598 1687 880 1741 inhibere.¹)

345 1762 440 1811 Cap.
478 1764 547 1807 16,
585 1764 631 1798 13
672 1762 757 1805 (ubi
788 1762 835 1798 de
865 1763 910 1799 L.
934 1762 1094 1811 Papirio
1125 1761 1292 1798 Cursore
1322 1761 1465 1811 agitur)
1496 1762 1650 1799 Livium

234 1834 375 1870 dixisse
418 1833 590 1869 virium
638 1833 703 1877 vi,
753 1832 893 1880 plurali
947 1839 985 1868 et
1029 1832 1212 1880 singulari
1263 1832 1432 1868 eiusdem
1471 1831 1651 1869 vocabuli

258 2007 289 2049 ¹)
326 2009 458 2040 Eodem
485 2018 557 2049 cap.
592 2009 609 2048 ξ
640 2013 679 2039 10
718 2010 825 2039 codex
851 2009 1053 2050 archetypus
1079 2010 1213 2046 habuit,
1253 2014 1289 2039 ut
1326 2008 1452 2039 editur:
1499 2008 1648 2039 consul

327 2071 505 2101 victore
539 2070 740 2101 exercitu
776 2071 974 2109 advenit3
1015 2080 1075 2101 nee
1110 2076 1225 2101 tamen
1262 2072 1371 2102 omnis
1405 2069 1571 2099 dubitatio
1610 2069 1650 2099 de

328 2132 567 2172 praepositione
594 2141 685 2162 cum
713 2132 869 2162 addenda
895 2131 1097 2162 excluditur.
1149 2132 1234 2162 Nam
1262 2133 1350 2171 quod
1379 2131 1501 2161 usitate
1528 2131 1651 2161 dicitur

328 2202 479 2232 magno
521 2194 726 2224 exercitu
765 2193 934 2227 venire,
975 2193 1218 2231 instructo,
1244 2193 1413 2224 infesto
1452 2193 1650 2223 exercitu

327 2254 491 2291 venire,
526 2255 584 2285 ubi
617 2260 676 2285 aut
710 2254 882 2295 copiarum
912 2254 1094 2284 multitudo
1130 2259 1188 2283 aut
1213 2254 1332 2284 modus
1359 2259 1391 2283 et
1415 2253 1523 2284 forma
1549 2255 1650 2285 eundi

328 2315 555 2354 significatur,
593 2326 660 2347 non
688 2316 849 2346 continuo
885 2316 974 2345 idem
1002 2316 1169 2346 ablativus
1196 2316 1270 2346 sine
1295 2316 1533 2356 praepositione
1558 2316 1650 2346 veni-

328 2377 404 2407 endi
436 2377 547 2408 verbis
581 2378 715 2408 additur
749 2378 909 2407 adiuncto
945 2377 1109 2408 eiusmodi
1144 2378 1330 2414 adiecffivo,
1365 2378 1453 2417 quod
1482 2378 1650 2408 exercitus

328 2439 481 2470 habitum
516 2446 548 2468 et
583 2439 823 2480 proprietatem
852 2438 1019 2477 significet
1057 2440 1244 2477 (victore
1285 2439 1481 2469 exercitu
1523 2439 1650 2469 adve-

327 2500 448 2540 nire),
499 2501 574 2532 Lib.
607 2500 669 2537 III,
698 2504 752 2537 24,
782 2504 799 2531 8
829 2506 861 2530 et
886 2500 1019 2537 XXHI,
1051 2505 1081 2538 2,
1109 2504 1127 2530 3
1154 2500 1344 2541 praepositio
1377 2501 1526 2538 additur3
1561 2501 1650 2539 quod

327 2561 460 2598 XXIII,
489 2565 543 2599 41,
572 2565 588 2591 5
617 2561 742 2601 legitur
765 2562 938 2592 victore
965 2562 1162 2592 exercitu
1191 2560 1336 2590 urbem
1375 2562 1567 2601 aggredi,
1605 2561 1649 2591 ibi

328 2624 543 2653 instrumenti
584 2623 679 2653 notio
717 2623 843 2655 subest.
907 2623 1001 2653 Nihil
1037 2623 1178 2660 definio3
1213 2632 1292 2652 nam
1332 2623 1454 2662 exiguo
1490 2622 1555 2653 fine
1581 2622 1653 2652 liaec

329 2690 545 2724 separantur3
573 2684 652 2723 quid
681 2688 790 2714 tamen
819 2682 963 2721 differat,
995 2684 1214 2715 animadverti
1240 2684 1329 2715 volo.
