1811 2925
186 134 260 165 Lib.
286 134 396 164 XLV.
858 135 935 169 600

186 259 277 301 haec,
322 269 406 304 quae
446 262 673 291 sententlam
717 255 860 291 habent
902 266 1060 303 prorsus
1093 253 1257 298 nullam,
1301 254 1514 290 orationem
1545 253 1601 299 (vin

187 328 329 373 esset)
365 326 563 362 vitiosam:
607 337 853 361 commune
881 323 1141 360 consilium
1173 323 1336 371 gentis
1367 329 1515 365 esset,
1546 334 1602 358 ne

186 397 456 445 improbum
506 395 680 443 vulgus
712 407 736 430 a
779 400 951 430 senatu
996 393 1264 441 aliquando
1316 393 1601 429 libertatem

187 467 374 503 salubri
395 465 738 502 moderatione
757 465 918 501 datam
940 464 996 499 ad
1018 463 1270 500 licentiam
1292 463 1602 511 pestilentem

187 538 417 573 traheret.
496 537 636 584 Itaque
680 541 746 571 aut
787 535 966 570 nullum
1012 544 1116 568 esse
1148 540 1214 568 aut
1242 545 1296 568 ne
1330 539 1459 568 esset
1488 532 1602 568 scribi

185 608 336 651 iubent3
370 606 406 642 id
438 620 514 642 non
545 606 722 642 videntur
753 603 1083 647 animadvertisse,
1121 602 1279 638 ridicule
1309 602 1446 650 vulgus
1479 602 1604 645 (cuius

187 677 482 726 improbitas
514 678 551 712 h.
572 676 594 711 l.
624 675 716 711 satis
742 675 869 723 inepte
900 672 1241 719 commemoratur)
1274 672 1347 708 dici
1378 685 1401 708 a
1431 677 1604 708 senatu

188 748 268 796 (qui
300 747 383 794 quis
414 747 484 791 sit,
523 745 677 782 difficile
719 751 776 781 est
806 744 1028 792 intelligere,
1061 756 1176 792 quum
1210 743 1335 779 nullus
1370 749 1459 778 ante
1489 741 1605 790 signi-

187 819 321 854 ficatus
353 817 416 865 sit)
455 817 669 853 libertatem
714 815 763 851 ad
806 815 998 851 licentiam
1044 814 1216 858 trahere3
1261 825 1349 848 nam
1390 812 1607 848 libertatem

188 888 226 923 in
261 887 451 924 licentiam
497 887 651 922 trahere
692 897 737 921 ac
778 891 928 920 vertere
972 883 1063 931 qnid
1093 884 1153 928 sit„
1197 883 1337 919 scimus
1349 895 1359 930 3
1396 882 1444 918 ab
1476 881 1606 930 aliquo

188 959 403 995 libertatem
435 958 472 993 in
509 956 701 992 licentiam
732 956 885 991 trahere
916 954 1009 990 nihil
1039 959 1096 989 est
1126 952 1293 989 omnino.
1361 952 1511 998 Aderit,
1543 952 1606 999 qui

190 1041 248 1064 me
282 1040 440 1076 prorsus
472 1026 663 1063 coecutire
706 1025 910 1068 occlamet‚
957 1023 1020 1071 qui
1066 1036 1143 1059 non
1174 1023 1325 1059 videam
1357 1022 1554 1070 coniungi:
1586 1035 1609 1058 a

190 1106 358 1134 senatu
400 1098 580 1142 datam„
633 1096 737 1144 quod
781 1101 819 1131 ut
862 1095 984 1143 magis
1024 1094 1212 1137 eluceret,
1257 1092 1608 1137 Weissenbornius,

191 1181 306 1216 quum
338 1169 376 1204 in
408 1168 538 1204 codice
573 1175 673 1204 esset
707 1167 991 1207 adscnator,
1033 1164 1184 1212 scripsit
1227 1164 1286 1199 ab
1318 1170 1489 1199 senatu
1522 1164 1608 1199 Ro-

191 1252 343 1277 mano.
420 1239 563 1275 Verum
608 1237 665 1285 (ut
697 1237 870 1273 omittam
905 1248 1041 1284 parum
1080 1241 1169 1282 apte
1198 1235 1232 1271 h.
1266 1234 1305 1278 l.‚
1339 1234 1422 1281 quis
1454 1233 1609 1269 liberta-

191 1317 265 1345 tem
305 1308 472 1353 deflerit,
516 1309 554 1344 in
598 1307 824 1344 memoriam
864 1305 1057 1346 revocari)
1089 1305 1316 1352 interposita
1346 1311 1434 1340 ante
1464 1303 1609 1339 liber-

191 1386 337 1415 tatem
377 1391 455 1414 vox
498 1377 774 1426 aliqnando
830 1375 1040 1411 certissime
1080 1374 1246 1422 pertinet
1288 1375 1336 1409 ad
1377 1374 1612 1409 traheret

193 1450 404 1496 eodemque
435 1454 475 1484 ut
506 1447 696 1484 referatur
727 1460 750 1483 a
783 1451 976 1488 senatu„
1007 1444 1209 1481 inivitabili
1239 1444 1465 1480 necessitate
1497 1442 1611 1491 cogit.

190 1520 334 1556 Videat
366 1531 466 1554 nnnc
497 1517 589 1553 mihi
621 1517 758 1564 aliquis
788 1516 977 1564 integram
1009 1515 1150 1551 codicis
1181 1515 1429 1563 scripturam,
1477 1526 1497 1549 e
1536 1525 1613 1561 qua

191 1589 441 1638 Kreyssigius
459 1601 574 1625 unum
592 1588 684 1623 illud
706 1587 972 1623 adsenator
1003 1584 1222 1629 adnotavit3
1255 1592 1311 1620 est
1332 1590 1458 1620 autem
1482 1583 1612 1619 huius-

191 1660 313 1696 modi:
364 1671 612 1695 commnne
660 1657 921 1693 consilium
969 1655 1140 1704 gentis
1183 1661 1309 1691 esset
1338 1655 1612 1702 improbum

192 1730 330 1779 vulgi
362 1731 463 1775 (non
493 1726 684 1776 vulgus)
727 1727 994 1763 adsenator
1031 1725 1302 1774 aliquando
1334 1724 1613 1760 libertatem

193 1801 377 1838 salubri
425 1797 761 1834 moderationi
811 1797 970 1833 datam
1021 1803 1091 1833 cet.
1188 1795 1405 1843 Scripserat
1462 1793 1613 1829 Livius:

194 1884 439 1908 commune
488 1868 753 1906 concilium
786 1867 948 1916 gentis
995 1879 1120 1911 esse,
1160 1866 1505 1918 improbatum,
1559 1875 1614 1902 nc

289 2108 371 2139 sibi
398 2112 708 2148 perpetuaque
744 2112 821 2144 (pro
853 2101 1214 2145 perpetuamque)
1250 2100 1325 2130 sub
1353 2099 1492 2130 tutela
1518 2107 1614 2129 esse

289 2175 349 2200 cet.
401 2168 534 2199 Deinde
562 2167 779 2198 scribendum
806 2166 955 2195 videtur:
993 2171 1051 2204 et,
1079 2171 1170 2204 quae
1196 2162 1269 2192 sub
1299 2161 1476 2201 regibus
1503 2160 1615 2190 vive-

289 2235 395 2267 rent,
425 2230 533 2260 etin
560 2238 753 2269 praesens
781 2232 948 2266 tempus
983 2226 1180 2256 mitiores
1207 2233 1279 2254 cos
1309 2223 1615 2263 iustioresque

290 2296 493 2330 respectu
520 2290 672 2331 populi
708 2288 888 2320 Romani
926 2287 1087 2317 habere
1114 2295 1157 2316 se
1185 2285 1413 2315 crederent
1439 2283 1500 2324 (sic
1527 2284 1614 2320 cod.⁷

290 2363 317 2382 v.
345 2352 511 2382 omittitur
547 2350 814 2385 crederent),
853 2354 909 2386 et,
948 2348 1163 2388 siquando
1199 2346 1360 2376 bellum
1398 2355 1488 2376 cum
1522 2354 1615 2385 pop.

291 2414 333 2446 R.
360 2413 540 2453 regibus
581 2411 745 2441 fuisset
780 2410 888 2446 suis,
932 2409 1100 2439 exitum
1138 2409 1233 2438 eins
1271 2406 1506 2437 victoriam
1541 2405 1617 2435 Ro-

292 2475 425 2506 manis
453 2474 725 2509 adlaturum,
753 2470 837 2503 sibi
863 2470 1131 2500 libertatem.
1182 2468 1286 2509 (Cod.
1313 2466 1520 2498 Romanis
1547 2465 1617 2496 ad-

290 2536 477 2566 laturum
527 2535 763 2564 crederent
806 2531 1167 2563 sibiadlaturum
1216 2529 1307 2560 sibi
1348 2528 1617 2558 libertatem.

292 2595 465 2627 Metalli
492 2601 556 2628 cet.
612 2594 859 2624 Cr'ederent
885 2603 902 2623 c
931 2592 1159 2633 superioribus
1186 2590 1367 2631 repetitum
1393 2587 1476 2618 alias
1502 2587 1617 2617 turbas

292 2658 459 2699 peperisse
485 2656 643 2689 videtur.)
