1811 2925
230 137 304 170 Lib.
320 137 449 169 XXIX.
903 139 924 174 3
931 141 950 174 4
959 140 980 174 4

353 261 448 309 Cap.
474 262 537 301 36,
574 262 593 295 7
629 259 694 304 (de
728 260 875 307 proelio
897 259 1126 296 Hannibalis
1157 266 1193 296 et
1223 261 1268 298 P.
1300 259 1517 309 Sempronii
1548 274 1638 298 con-

231 333 322 368 sulis
367 333 412 370 P.
458 330 673 377 Liciniique
720 330 995 378 proconsulis):
1049 330 1147 366 Nec
1193 342 1325 366 mora
1374 331 1639 369 dimicandi

230 403 361 439 facta
397 414 535 450 quum
567 401 756 437 consuli
800 408 844 438 et
883 400 1141 450 duplicatae
1182 400 1330 445 vires,
1374 403 1531 440 Poeno
1570 416 1639 440 re-

231 485 339 510 cens
369 472 579 509 victoria
611 472 768 509 animo
799 478 942 510 esset,
1001 470 1173 508 Animo
1205 483 1308 508 esse
1338 473 1484 510 alicui
1518 474 1578 519 id,
1620 488 1639 512 e

231 557 307 592 quo
338 544 519 580 fiduciam
549 543 607 579 sui
638 548 675 579 et
705 543 853 579 animos
883 547 1048 590 caperet,
1078 554 1189 577 nemo
1220 542 1332 587 dixin
1364 550 1497 581 eontra
1515 551 1553 581 et
1574 546 1637 582 alii

231 621 267 651 et
297 615 431 651 Livius
476 614 559 662 ipse
603 614 812 662 saepissime
863 612 955 660 (vid.
987 612 1036 648 ad
1065 613 1229 657 XXXI,
1276 615 1334 658 18,
1375 614 1414 660 4)
1455 615 1637 652 animos

230 685 410 722 facere.
455 684 706 722 Scribendum
723 684 854 732 itaque
875 682 1058 719 animos
1088 682 1291 720 fecisset
1321 689 1426 728 (non,
1455 691 1497 720 ut
1525 685 1637 733 primi

231 756 395 792 editores
424 762 646 804 posuerant‚
677 754 894 795 faceret).
954 752 1041 789 Nisi
1070 759 1113 788 et
1155 752 1259 802 (post
1291 755 1493 801 consuli)
1536 757 1637 792 mala

229 839 345 863 manu
378 827 549 863 additum
581 833 649 869 est„
683 825 798 862 scribi
830 825 961 860 debet:
1008 836 1143 871 quum
1187 831 1230 860 et
1267 825 1455 861 consuli
1487 826 1638 875 dupli-

230 904 344 933 catae
373 896 501 932 vires
533 903 577 933 et
610 898 773 934 Poeno
804 906 973 930 recens
1006 894 1218 931 victoria
1247 908 1282 931 a.
1313 894 1339 932 f.

341 966 437 1016 Cap.
471 969 534 1008 37,
570 968 591 1002 2
624 967 866 1003 scribendum
895 965 1063 1001 videtur:
1095 964 1165 1013 (M.
1183 965 1314 1002 Livius
1337 973 1375 1002 et
1393 965 1435 1003 C.
1454 965 1637 1003 Claudius

230 1041 429 1083 censores)
462 1038 584 1073 viam
618 1050 637 1073 e
667 1036 773 1073 foro
805 1037 983 1073 Boario
1019 1036 1074 1071 ad
1104 1035 1306 1072 Veneris
1350 1037 1475 1083 (codd.
1507 1044 1543 1074 et
1572 1038 1636 1077 W.

230 1115 272 1145 et
302 1110 358 1145 ad
388 1108 613 1149 Veneris)
646 1108 780 1144 circa
811 1107 1009 1151 (editores,
1025 1107 1139 1142 etiam
1158 1106 1295 1149 W.,et
1325 1106 1471 1153 circa)
1503 1107 1636 1145 foros

228 1180 453 1228 publicos
488 1187 531 1217 et
560 1178 698 1214 aedem
730 1178 904 1214 Matris
938 1178 1124 1225 Magnae
1153 1177 1198 1213 in
1229 1178 1429 1214 Palatio
1459 1178 1636 1216 facien-

229 1251 331 1286 dam
361 1250 598 1285 locarunt.
667 1249 773 1284 Inter
801 1249 840 1285 id
869 1261 1028 1293 nomen,
1060 1260 1134 1295 quo
1165 1248 1312 1284 initium
1342 1249 1414 1284 viae
1443 1249 1637 1297 significa-

228 1328 300 1365 tur,
333 1327 369 1357 et
397 1321 448 1362 id,
480 1333 555 1368 quo
593 1320 697 1363 finis,
738 1333 815 1356 non
853 1326 981 1369 pot-est
1022 1319 1161 1367 copula
1199 1319 1402 1368 interponi.
1474 1320 1637 1357 Videtur

228 1391 434 1439 significari
464 1391 528 1426 via
561 1391 664 1426 flexu
693 1390 800 1427 foros
830 1390 1002 1439 publicos
1033 1390 1216 1435 ambiens,
1259 1390 1439 1438 quoniam
1481 1397 1516 1426 et
1558 1390 1635 1426 Ve-

227 1461 326 1497 neris
357 1461 457 1497 aedes
482 1474 603 1510 prope
634 1462 776 1499 circum
806 1460 877 1497 fuit
909 1461 986 1507 (X,
1019 1462 1082 1505 31,
1116 1461 1154 1507 9)
1198 1466 1233 1497 et
1262 1460 1368 1496 foros
1394 1460 1567 1509 publicos
1597 1462 1634 1497 in

227 1532 331 1569 Circi
361 1532 481 1568 latere
509 1532 638 1580 aliquo
671 1539 707 1569 et
741 1533 887 1582 prima,
930 1538 971 1567 ut
999 1531 1161 1568 videtur.
1191 1530 1316 1567 fronte
1346 1530 1475 1574 fuisse.v
1513 1544 1636 1580 appa-

226 1610 283 1640 ret
315 1617 334 1640 e
364 1603 465 1639 Livii
494 1603 592 1639 libro
624 1604 753 1647 XLV,
790 1606 822 1647 1,
857 1606 875 1639 7
915 1603 1067 1650 (quum
1108 1614 1190 1650 pei·
1236 1600 1425 1638 Circum
1468 1603 1637 1638 eonsul

226 1675 541 1711 reveheretur
571 1674 626 1709 ad
657 1673 790 1710 foros
821 1673 1070 1722 publicos),
1101 1672 1161 1707 cui
1182 1672 1398 1708 testimonio
1418 1673 1636 1722 adiungitur

227 1746 258 1790 Ι,
295 1748 358 1790 56,
390 1746 410 1781 2
446 1751 481 1781 et
511 1745 658 1781 Paulus
692 1745 903 1787 Diaconus„
934 1743 1067 1780 foros
1113 1742 1365 1791 interpretans
1397 1743 1634 1780 circensia

228 1813 519 1865 spectacula.
582 1815 707 1851 Paulo
738 1823 825 1864 post
852 1816 886 1861 (ξ
919 1816 959 1861 4)
990 1814 1027 1850 in
1057 1813 1133 1849 his:
1177 1813 1223 1848 id
1264 1814 1477 1862 vectigal
1516 1826 1635 1850 eom-

227 1894 429 1923 mentum
481 1886 685 1922 alterum
746 1899 765 1922 e
824 1885 1109 1921 censoribus
1167 1884 1286 1919 satis
1350 1883 1634 1923 credebant,

322 2119 435 2148 iuncta
463 2128 537 2148 cum
566 2124 661 2147 terrae
688 2118 856 2157 marisque
884 2116 1017 2146 nomine
1036 2116 1069 2145 in
1090 2114 1256 2155 precibus,
1284 2114 1405 2153 quibus
1420 2113 1472 2144 dei
1499 2114 1636 2143 maria

321 2185 550 2218 terrasque
577 2179 775 2209 colentes
804 2179 837 2219 (ξ
867 2178 898 2217 l)
933 2187 992 2219 pro
1024 2176 1171 2218 pedestri
1204 2176 1383 2215 navalique
1409 2175 1558 2205 exercitu
1584 2175 1635 2205 in-

321 2246 494 2272 vocantur,
522 2241 648 2271 nullam
676 2241 930 2271 excusationem
949 2240 1060 2269 habet.
1123 2237 1254 2273 Utrum,
1282 2247 1383 2278 quam
1409 2237 1634 2278 suspicionem

321 2303 620 2333 VVeissenboruius
647 2308 683 2332 ut
710 2302 808 2332 nimis
835 2301 999 2331 audacem
1021 2300 1153 2341 sprevit,
1180 2299 1468 2340 amnibusque
1490 2308 1532 2329 ex
1554 2307 1634 2328 om-

322 2364 533 2403 nibusque
557 2371 666 2394 or1um
683 2364 725 2393 sit
744 2364 776 2393 in
802 2363 891 2393 hunc.
917 2363 1030 2393 locum
1047 2362 1133 2392 male
1147 2371 1188 2391 ex
1201 2361 1371 2401 superiore
1391 2361 1512 2397 delato,
1532 2369 1634 2400 quum

323 2424 493 2456 sieLivius
512 2426 719 2465 scripsisset:
747 2425 880 2456 sociis
899 2423 1149 2464 nominique
1169 2423 1324 2453 Latino
1341 2421 1633 2460 omnibusque.

323 2487 392 2527 qui
421 2487 571 2527 populi
596 2487 626 2517 R
653 2513 660 2519 .
689 2486 988 2527 ..imperium
1023 2485 1353 2525 auspiciumque
1389 2488 1504 2513 terra
1531 2483 1633 2512 mari

324 2555 534 2581 secuntur,
563 2558 604 2577 an
631 2558 673 2578 ex
695 2548 796 2589 paulo
824 2548 979 2579 inferiore
1005 2547 1087 2584 ,loco
1115 2546 1314 2577 omnibus
1341 2545 1406 2574 huc
1433 2544 1634 2574 translatum

323 2610 412 2640 etin
439 2609 637 2640 amnibus
664 2615 828 2640 mutatum
856 2610 897 2640 sit
924 2609 1064 2649 (terra
1089 2608 1280 2647 marique
1307 2611 1526 2641 secuntur,
1555 2615 1634 2636 om-

321 2672 443 2702 uibus
470 2671 576 2701 bene
602 2670 883 2709 verruncent).
910 2671 943 2700 in
968 2671 1095 2700 incerto
1113 2669 1368 2708 relinquendum
1395 2673 1456 2698 est.
