1811 2925
239 134 316 166 Lib.
329 133 462 165 XXIX.
904 134 925 169 3
932 135 952 169 4
959 135 981 169 0

241 257 346 305 liqua
375 256 475 292 Livii
505 254 725 291 narratione
755 261 917 304 apparet
929 282 939 300 a
971 254 1035 302 qui
1067 254 1255 291 exereitus
1285 254 1521 298 habuerant,
1552 267 1644 303 pro—

240 332 416 375 rogatum
446 325 646 374 imperium
677 331 746 370 est,
775 325 846 361 nisi
876 324 934 370 iis,
966 323 1031 372 qui
1059 324 1312 369 decedebant,
1343 330 1383 360 ut
1411 324 1522 361 huius
1554 325 1645 361 anni

241 396 459 434 consulibus
490 402 527 432 et
566 396 791 444 praetoribus
831 395 917 432 loca
947 407 1071 431 vacua
1105 394 1296 439 facerent,
1337 395 1459 443 iisque
1488 395 1643 443 provin-

240 468 318 503 cias
351 467 566 506 tradebant.
625 468 756 514 Atque
790 467 862 502 hoe
892 465 1018 502 verbis
1048 465 1163 501 etiam
1194 465 1350 509 dicetur,
1382 472 1469 514 apte
1500 471 1536 501 et
1566 466 1644 502 La·-

241 538 328 582 tine‚
360 538 426 573 sed
458 537 642 573 orationis
672 536 799 573 forma
829 536 877 571 ad
911 535 1155 571 librariorum
1185 541 1338 583 captum
1371 537 1487 585 paulo
1517 536 1645 572 minus

241 607 545 653 accommodata„
576 607 608 643 si
638 607 692 644 sic
722 605 1006 655 scripserimus:
1041 611 1085 641 et
1114 618 1133 642 c
1144 619 1163 642 e
1178 612 1192 641 t
1202 606 1311 651 eris,
1340 620 1364 655 p
1374 613 1511 642 raeter
1542 619 1563 658 q
1574 618 1596 645 u
1607 607 1618 645 i
1630 629 1643 634 -

242 681 321 720 bus
361 679 587 715 eonsules
632 683 968 727 praetoresque
1006 676 1302 713 exercitibus
1343 677 1517 726 provin
1531 677 1644 713 ciis-

241 763 329 798 que
370 748 624 798 praefuturi
666 754 802 784 erant
815 776 824 792 ,
866 753 1135 796 prorogata
1173 746 1387 794 imperia.
1463 748 1646 796 Exceptis

243 822 287 858 iis
320 820 527 869 provinciis
540 848 549 865 ‚
597 832 692 868 quas
735 817 825 854 novi
863 816 1111 864 magistratus
1142 816 1309 852 habituri
1343 823 1471 862 erant,
1512 817 1646 853 ceteris

241 891 476 928 exercituum
506 890 868 940 provinciarumque
906 887 1132 935 praesidibus
1161 894 1372 935 prorogata
1401 887 1562 936 imperia
1591 888 1647 924 di—

242 967 388 998 cuntur.
433 963 465 998 P
475 975 494 997 r
503 974 534 997 ae
544 966 558 996 t
568 974 586 996 e
596 974 616 997 r
636 960 689 996 sie
717 960 755 995 in
785 957 1009 1006 exceptione
1023 970 1094 1006 pro
1126 957 1308 993 adverbio
1324 958 1439 1006 positi
1455 960 1490 1004 (e
1500 972 1520 994 e
1530 964 1545 994 t
1554 971 1574 994 e
1582 958 1648 994 ris

242 1038 387 1080 praete
400 1045 420 1067 r
454 1044 612 1067 rerum
637 1029 926 1079 capitalium
954 1027 1194 1063 damnatis
1215 1028 1299 1075 eet.)
1319 1029 1495 1077 exempla
1526 1027 1649 1065 exCi-

246 1102 406 1146 eei-onis,
439 1101 632 1147 Sallustii,
668 1100 836 1138 Cornelii
852 1127 862 1143 ,
895 1097 1068 1136 Suetonii
1096 1097 1201 1133 libris
1239 1098 1362 1135 lexica
1392 1100 1544 1135 habent.
1609 1100 1648 1135 Is

241 1185 331 1209 usus
373 1172 571 1220 ignoratus
612 1177 677 1207 aut
717 1171 851 1207 saltem
894 1169 1053 1218 legentis
1095 1168 1370 1217 scribentisque
1415 1170 1542 1206 animo
1573 1182 1650 1206 non

242 1254 445 1279 occurrens
476 1240 565 1279 fecit
576 1270 585 1288 7
624 1248 665 1278 ut
699 1241 811 1290 quib
821 1254 844 1276 u
855 1252 872 1276 s
919 1240 1155 1276 omitteretur
1197 1242 1235 1287 (p
1246 1253 1264 1275 r
1274 1252 1304 1275 ae
1319 1246 1334 1275 t
1344 1253 1363 1275 e
1372 1253 1391 1275 r
1429 1253 1448 1276 c
1458 1253 1480 1276 o
1490 1253 1514 1275 n
1523 1252 1540 1276 s
1550 1240 1649 1276 ules

241 1317 602 1362 praetoresque),
630 1310 765 1347 deinde
795 1311 875 1358 qui
908 1311 1111 1347 adderetur
1139 1309 1179 1357 (p
1190 1323 1218 1345 r.
1251 1322 1368 1348 coss.
1399 1316 1655 1359 praetores-

240 1397 328 1433 que
359 1383 466 1431 qui).

770 1666 874 1714 Lib.
926 1667 1124 1714 XXIX.

351 1804 447 1853 Cap.
481 1807 532 1849 4,
564 1805 606 1840 8:
648 1804 693 1840 Is
735 1804 992 1851 (Massinissa)
1025 1803 1248 1852 segniter
1290 1816 1385 1839 reni
1427 1803 1504 1851 agi
1539 1815 1652 1850 que·

240 1883 354 1919 stus³
387 1875 510 1923 quod
540 1882 633 1911 tum
663 1887 755 1910 non
795 1874 887 1910 iam
918 1874 1188 1910 exereitum
1226 1874 1273 1909 in
1306 1873 1527 1910 Africam
1559 1880 1650 1909 tra-

241 1947 453 1983 iecisset.
518 1946 566 1992 (P
596 1951 694 1981 tam
725 1957 814 1980 non
845 1944 1113 1980 exereitum
1144 1944 1247 1989 iam,
1280 1945 1418 1980 additis
1436 1945 1651 1993 notis,qui-

242 2018 311 2054 bus
340 2017 431 2052 iam
463 2022 551 2052 ante
581 2014 799 2051 exercitu
811 2027 848 2050 m
877 2015 1094 2063 ponendum
1115 2027 1197 2051 esse
1217 2015 1485 2063 significatur.)
1522 2016 1650 2051 Prave

241 2087 436 2136 particula}
466 2092 679 2135 ponuntur3
713 2085 777 2133 qui
807 2084 931 2130 enini,
963 2085 1065 2133 quod
1095 2085 1186 2121 iam
1221 2085 1330 2133 (iam
1362 2085 1474 2133 tum)
1507 2085 1650 2121 factum

242 2158 473 2207 oportuerit,
512 2169 588 2193 non
624 2168 706 2191 esse
735 2155 879 2191 factum
920 2155 1111 2202 queritur,
1154 2156 1370 2192 necessario
1408 2155 1649 2203 negationem

241 2227 435 2276 particulae
473 2228 568 2263 iam
616 2225 816 2274 praeponit.
892 2225 1142 2262 scribendum
1186 2226 1343 2274 opinor:
1386 2226 1510 2273 quod
1558 2238 1648 2261 non

240 2299 331 2334 iam
363 2298 630 2333 exereitum
662 2296 707 2332 in
741 2295 952 2332 Africam
984 2296 1296 2335 traiecisset:
1334 2308 1423 2332 nam
1466 2302 1564 2332 tam
1602 2308 1648 2331 ex

243 2370 337 2405 iam
367 2367 600 2417 transposito
645 2374 770 2403 ortum
815 2365 975 2402 videtur.
1073 2367 1149 2403 Sed
1192 2373 1377 2415 praeterea
1419 2372 1507 2413 post
1536 2378 1648 2413 que—

240 2445 344 2475 stus
406 2438 621 2474 addendum
669 2444 741 2473 est
781 2435 951 2481 videtur3
1005 2449 1128 2485 neque
1160 2437 1258 2473 enim
1304 2437 1342 2472 in
1388 2437 1460 2472 hac
1507 2435 1649 2472 oratio-

242 2509 297 2544 nis
329 2508 453 2544 forma
485 2508 545 2554 (.
585 2506 877 2544 Massinissa
906 2506 1056 2543 venit:
1102 2507 1140 2543 is
1192 2537 1226 2545 ..
1268 2510 1481 2554 questus)
1528 2506 1647 2542 omitti

243 2580 278 2615 id
310 2580 468 2615 verbum
498 2583 636 2626 potest.
