1811 2925
814 143 890 178 597
1338 140 1415 173 Lib.
1457 141 1569 171 XLV.

266 262 364 311 Cap.
402 265 476 309 12,
536 266 600 300 10:
651 262 786 299 Vitio
821 262 944 299 diem
976 262 1161 299 dictam
1193 274 1301 299 esse
1334 274 1569 311 augures.

143 346 282 381 quum
314 333 370 369 ad
413 347 492 371 eos
522 334 731 370 relatum
763 339 856 378 est,
898 333 1242 371 decreverunt.
1303 332 1389 368 Imo
1434 333 1567 370 rela—

144 410 239 440 tum
276 411 420 440 esset.
487 405 579 441 Non
610 410 760 452 tempus
790 409 959 448 notatur,
997 403 1064 439 sed
1096 403 1249 439 occasio
1281 403 1423 439 decreti
1453 403 1571 439 inter-

143 474 338 522 ponendi;
373 474 441 510 cfr.
474 487 558 522 quae
590 473 640 510 ad
671 474 805 520 XLII,
841 476 876 513 5,
910 474 932 509 8
962 486 1001 521 p.
1041 475 1113 509 511
1150 472 1244 508 dixi.

255 543 352 593 Cap.
391 546 450 589 13,
488 546 531 581 13
578 543 637 594 (in
675 544 850 580 oratione
880 544 1103 593 Masgabae,
1149 543 1366 580 Masinissae
1411 543 1490 588 filii,
1533 544 1570 580 in

142 613 320 664 senatu):
352 613 787 659 Commemoravit,
833 619 947 662 quot
976 614 1171 662 pedites
1203 614 1494 662 equitesque
1525 645 1562 654 .,

142 691 283 734 pater
313 696 428 721 suus
462 685 507 721 in
538 684 875 721 Macedoniam
915 683 1144 720 misisset.
1221 683 1311 721 Sed
1345 685 1463 721 duas
1493 697 1571 721 res

143 754 182 790 ei
214 754 383 791 rubori
414 753 587 791 fuisse.
647 754 743 792 Cod.
776 754 1001 791 misitsed
1033 755 1172 799 duas,
1201 755 1274 791 hoc
1305 761 1381 791 est:
1413 755 1571 792 misis-

143 832 227 864 set.
293 825 430 862 Duas
463 831 532 862 cet.
613 826 688 863 Sed
732 825 904 874 graviori
947 825 1086 861 mendo
1132 825 1335 871 laborant,
1381 838 1466 874 quae
1511 838 1570 862 se-

144 902 311 943 quuntur
338 896 455 943 paulo
486 902 574 944 post-
605 898 643 942 (§
682 896 766 944 16):
805 896 1002 933 Sumere
1040 896 1209 943 itaque
1242 896 1435 932 eosdem
1467 897 1572 942 (Ro-

142 969 312 1010 manos),
363 978 455 1002 non
502 978 549 1002 se
592 978 787 1014 rogare,
836 979 1016 1013 aequum
1049 977 1178 1010 esse,
1222 978 1375 1014 neque
1417 979 1572 1003 emere

143 1049 195 1072 ea
226 1049 281 1072 ex
313 1036 558 1073 fructibus
590 1037 697 1085 agri
731 1037 787 1072 ab
819 1048 866 1072 se
897 1036 1019 1078 dati,
1044 1036 1231 1083 quaeibi
1254 1037 1571 1085 proveniant.

142 1106 314 1143 Primum
330 1107 367 1142 in
383 1106 645 1144 concludendo
664 1107 801 1144 vitiose
823 1107 1013 1143 eosdem
1035 1120 1106 1155 pro
1129 1119 1209 1143 eos
1231 1107 1306 1144 dici
1322 1106 1568 1143 manifestum

141 1184 210 1223 est,
241 1190 310 1214 ncc
339 1184 442 1214 recte
472 1190 523 1214 se
555 1177 747 1226 interponi
780 1177 880 1214 inter
909 1190 1000 1213 non
1032 1183 1070 1213 et
1099 1190 1293 1227 rogare,
1326 1189 1443 1226 quum
1475 1190 1569 1213 non

139 1261 320 1297 rogare
368 1248 603 1284 contrarium
646 1247 838 1284 referatur
883 1247 931 1283 ad
977 1260 1186 1294 sumere3
1237 1248 1276 1284 in
1322 1248 1452 1285 codice
1496 1253 1571 1284 est:

142 1319 331 1355 eosdem
363 1331 412 1355 se
442 1331 551 1362 11011,
592 1318 692 1353 1111ᾶο
737 1318 918 1354 efficitur:
970 1331 1158 1354 sumere
1189 1319 1359 1367 itaque
1403 1331 1481 1355 eos
1514 1319 1572 1354 dc

142 1402 209 1435 sc,
239 1403 331 1426 non
362 1401 539 1437 rogare
570 1400 749 1436 aequum
789 1401 906 1425 esse.
979 1388 1180 1425 Sumere
1211 1389 1265 1425 de
1301 1390 1467 1438 aliquo
1501 1389 1571 1426 ali-

142 1459 233 1507 quid
265 1459 398 1495 eodem
435 1458 550 1494 modo
583 1458 716 1494 Livius
751 1459 894 1495 dixisse
937 1459 1113 1504 videtur,
1164 1472 1241 1508 quo
1291 1471 1468 1508 capere
1513 1459 1570 1495 de

141 1529 309 1577 aliquo
342 1529 430 1576 (etsi
461 1529 498 1564 id
535 1528 615 1565 sere
645 1529 692 1564 de
722 1530 848 1575 rebus,
880 1542 965 1578 quae
997 1529 1108 1566 vietis
1131 1530 1364 1575 adimuntur,
1396 1528 1569 1575 dicitur),

143 1613 297 1636 emere
329 1600 382 1635 de
414 1599 601 1647 aliquo,
633 1611 796 1647 agrum
827 1600 1079 1636 colendum
1112 1600 1167 1636 de
1197 1607 1338 1648 patre
1367 1600 1570 1642 habere,

144 1670 190 1706 de
222 1670 360 1718 quibus
391 1676 529 1718 praeter
558 1669 682 1705 lexica
714 1670 934 1706 testimonia
980 1670 1135 1718 collegit
1178 1670 1358 1706 Handius
1403 1669 1570 1706 Tursell.

144 1741 185 1777 II
216 1753 252 1788 p.
290 1741 363 1776 190
398 1747 435 1776 et
473 1742 559 1777 191.
621 1739 698 1777 Sed
730 1740 821 1788 quid
857 1741 983 1777 dicam
1026 1753 1111 1777 esse
1146 1754 1199 1777 ea
1229 1753 1285 1776 ex
1315 1739 1571 1776 fructibus

144 1811 267 1859 agri,
300 1823 398 1858 quae
431 1811 498 1847 ibi
530 1811 587 1857 (in
619 1812 730 1860 agro)
762 1811 1082 1859 proveniant?
1143 1811 1290 1849 Suntne
1320 1811 1437 1859 igitur
1466 1822 1573 1858 quae-

147 1882 235 1917 dam
266 1881 304 1917 in
334 1880 520 1918 fructibus
553 1881 657 1930 agri,
700 1893 784 1928 quae
821 1881 874 1917 ibi
905 1894 980 1917 non
1013 1880 1270 1929 proveniant?
1330 1880 1573 1928 Quocunque

147 1951 231 2000 quis
270 1951 387 1988 modo
417 1952 498 1988 haec
533 1951 766 1997 tentaverit,
806 1952 944 1988 sentiet
983 1950 1176 1988 fructuum
1209 1951 1291 1999 agri
1323 1950 1573 1999 appellationi

146 2034 266 2070 prave
297 2021 386 2057 addi
419 2027 629 2069 proventus
668 2034 717 2058 ex
758 2033 852 2070 agro
896 2022 1130 2058 mentionem
1174 2029 1211 2058 et
1251 2022 1326 2057 alio
1358 2021 1475 2057 modo
1506 2021 1573 2056 de-

146 2091 245 2127 finiri
277 2091 429 2136 debere,
465 2092 556 2140 quid
591 2105 639 2128 ex
669 2092 714 2128 iis
744 2092 971 2129 sumendum
1002 2092 1190 2128 Romanis
1223 2092 1283 2128 sit.
1362 2091 1575 2129 Sanabitur

146 2161 267 2205 locus,
309 2162 580 2210 praepositione
621 2162 728 2199 verbi
768 2168 918 2198 mutata
957 2168 993 2198 et
1024 2175 1099 2198 una
1128 2169 1317 2211 praeterea
1346 2163 1476 2199 littera
1505 2161 1574 2198 ad-

150 2232 249 2268 dita:
291 2243 478 2268 sumere
521 2232 688 2280 itaque
731 2245 811 2269 eos
841 2232 899 2268 de
932 2244 1004 2277 se,
1049 2245 1142 2269 non
1184 2245 1363 2281 rogare
1393 2245 1572 2280 aequum

151 2313 273 2346 esse,
304 2313 458 2348 neque
487 2313 642 2338 emere
683 2314 737 2338 ea
780 2315 835 2338 ex
865 2302 1114 2339 fructibus
1146 2304 1252 2351 agri
1284 2304 1343 2340 ab
1375 2315 1423 2339 se
1453 2302 1575 2347 dati,

151 2384 253 2419 quae
283 2372 379 2410 sibi
410 2373 722 2412 conveniant.
783 2372 1087 2422 Quibuscunque
1120 2373 1289 2410 Romani
1330 2373 1384 2409 uti
1413 2372 1576 2421 possint,

151 2453 302 2478 sumere
333 2453 398 2477 eos
428 2447 613 2489 tanquam
657 2454 728 2478 sua
758 2442 875 2479 iubet.
958 2442 1069 2487 (Cod.
1100 2443 1483 2492 proveniantur,
1528 2442 1576 2478 de

153 2524 229 2559 quo
261 2511 400 2547 mendo
431 2510 511 2546 dixi
541 2511 591 2547 ad
622 2524 653 2548 c.
687 2515 722 2557 5,
757 2510 840 2561 12.)

275 2579 373 2630 Cap.
412 2584 472 2627 14,
504 2584 548 2617 4:
580 2581 757 2618 Grates
788 2582 886 2618 diis
917 2595 1002 2631 pro
1044 2584 1219 2632 populi
1248 2584 1454 2621 Romani
1483 2583 1578 2619 vic-

153 2652 282 2688 toria
323 2652 448 2700 apud
492 2663 604 2687 suos
645 2657 851 2700 penates
901 2659 1080 2700 ageret.
1166 2652 1264 2690 Cod.
1307 2652 1431 2689 deiis
1472 2665 1511 2701 p.
1545 2666 1577 2690 r.

154 2721 389 2758 victoria.
470 2721 577 2758 Nihil
618 2721 725 2758 initio
759 2721 886 2759 fuerat
930 2722 1022 2758 nisi:
1070 2723 1172 2759 deis
1216 2735 1304 2771 pro
1345 2722 1578 2765 victoria3
