<?xml version="1.0" encoding="UTF-8"?>
<!DOCTYPE html PUBLIC "-//W3C//DTD XHTML 1.0 Transitional//EN"
    "http://www.w3.org/TR/xhtml1/DTD/xhtml1-transitional.dtd">
<html xmlns="http://www.w3.org/1999/xhtml" xml:lang="en" lang="en">
 <head>
  <title>
</title>
<meta http-equiv="Content-Type" content="text/html;charset=utf-8" />
  <meta name='ocr-system' content='tesseract 3.04.00' />
  <meta name='ocr-capabilities' content='ocr_page ocr_carea ocr_par ocr_line ocrx_word'/>
</head>
<body>
  <div class='ocr_page' id='page_1' title='image "./emendationeslivi00madvuoft_0092.png"; bbox 0 0 1811 2925; ppageno 0'>
   <div class='ocr_carea' id='block_1_1' title="bbox 227 112 917 148">
    <p class='ocr_par' dir='ltr' id='par_1_1' title="bbox 227 112 917 148">
     <span class='ocr_line' id='line_1_1' title="bbox 227 112 917 148; baseline 0.001 -1"><span class='ocrx_word' id='word_1_1' title='bbox 227 115 304 147; x_wconf 62' lang='lat' dir='ltr'>Lib.</span> <span class='ocrx_word' id='word_1_2' title='bbox 331 114 396 147; x_wconf 86' lang='lat'>111.</span> <span class='ocrx_word' id='word_1_3' title='bbox 867 112 917 148; x_wconf 81' lang='grc'>86</span> 
     </span>
    </p>
   </div>
   <div class='ocr_carea' id='block_1_2' title="bbox 182 233 1611 2631">
    <p class='ocr_par' dir='ltr' id='par_1_2' title="bbox 182 233 1603 489">
     <span class='ocr_line' id='line_1_2' title="bbox 182 233 1600 287; baseline -0.006 -11"><span class='ocrx_word' id='word_1_4' title='bbox 182 240 247 276; x_wconf 85' lang='lat' dir='ltr'>sed</span> <span class='ocrx_word' id='word_1_5' title='bbox 280 250 469 287; x_wconf 86' lang='lat' dir='ltr'>quoque</span> <span class='ocrx_word' id='word_1_6' title='bbox 498 248 574 271; x_wconf 85' lang='lat' dir='ltr'>non</span> <span class='ocrx_word' id='word_1_7' title='bbox 602 233 929 282; x_wconf 76' lang='lat' dir='ltr'>transponendum</span> <span class='ocrx_word' id='word_1_8' title='bbox 956 239 1023 278; x_wconf 80' lang='lat' dir='ltr'>est,</span> <span class='ocrx_word' id='word_1_9' title='bbox 1054 233 1119 269; x_wconf 85' lang='lat' dir='ltr'>sed</span> <span class='ocrx_word' id='word_1_10' title='bbox 1150 233 1363 277; x_wconf 88' lang='lat' dir='ltr'>delendum,</span> <span class='ocrx_word' id='word_1_11' title='bbox 1395 238 1518 267; x_wconf 88' lang='lat' dir='ltr'>ortum</span> <span class='ocrx_word' id='word_1_12' title='bbox 1550 244 1600 267; x_wconf 82' lang='lat' dir='ltr'>ex</span> 
     </span>
     <span class='ocr_line' id='line_1_3' title="bbox 185 303 1603 358; baseline -0.006 -12"><span class='ocrx_word' id='word_1_13' title='bbox 185 311 240 354; x_wconf 71' lang='lat' dir='ltr'>iis,</span> <span class='ocrx_word' id='word_1_14' title='bbox 274 322 356 358; x_wconf 79' lang='lat' dir='ltr'>quae</span> <span class='ocrx_word' id='word_1_15' title='bbox 390 306 656 344; x_wconf 83' lang='lat' dir='ltr'>subiiciuntur:</span> <span class='ocrx_word' id='word_1_16' title='bbox 699 316 810 340; x_wconf 87' lang='lat' dir='ltr'>cura</span> <span class='ocrx_word' id='word_1_17' title='bbox 844 304 980 352; x_wconf 82' lang='lat' dir='ltr'>pacis</span> <span class='ocrx_word' id='word_1_18' title='bbox 1011 304 1279 340; x_wconf 71' lang='lat' dir='ltr'>concordiae</span> <span class='ocrx_word' id='word_1_19' title='bbox 1311 315 1497 351; x_wconf 89' lang='lat' dir='ltr'>quoque</span> <span class='ocrx_word' id='word_1_20' title='bbox 1527 303 1603 338; x_wconf 87' lang='lat' dir='ltr'>in·-</span> 
     </span>
     <span class='ocr_line' id='line_1_4' title="bbox 184 374 1597 423; baseline -0.006 -5"><span class='ocrx_word' id='word_1_21' title='bbox 184 381 372 418; x_wconf 80' lang='lat' dir='ltr'>testinae</span> <span class='ocrx_word' id='word_1_22' title='bbox 422 389 569 414; x_wconf 84' lang='lat' dir='ltr'>causa</span> <span class='ocrx_word' id='word_1_23' title='bbox 614 374 725 416; x_wconf 79' lang='lat' dir='ltr'>fuit,</span> <span class='ocrx_word' id='word_1_24' title='bbox 779 374 843 410; x_wconf 87' lang='lat' dir='ltr'>ubi</span> <span class='ocrx_word' id='word_1_25' title='bbox 893 381 995 410; x_wconf 88' lang='lat' dir='ltr'>recte</span> <span class='ocrx_word' id='word_1_26' title='bbox 1047 375 1220 423; x_wconf 86' lang='lat' dir='ltr'>ponitur,</span> <span class='ocrx_word' id='word_1_27' title='bbox 1268 374 1422 410; x_wconf 89' lang='lat' dir='ltr'>inverso</span> <span class='ocrx_word' id='word_1_28' title='bbox 1472 387 1597 410; x_wconf 89' lang='lat' dir='ltr'>rerum</span> 
     </span>
     <span class='ocr_line' id='line_1_5' title="bbox 182 452 326 489; baseline -0.021 0"><span class='ocrx_word' id='word_1_29' title='bbox 182 452 326 489; x_wconf 82' lang='lat' dir='ltr'>ordine.</span> 
     </span>
    </p>

    <p class='ocr_par' dir='ltr' id='par_1_3' title="bbox 185 515 1611 2631">
     <span class='ocr_line' id='line_1_6' title="bbox 298 515 1607 570; baseline -0.005 -12"><span class='ocrx_word' id='word_1_30' title='bbox 298 521 393 570; x_wconf 81' lang='lat' dir='ltr'>Cap.</span> <span class='ocrx_word' id='word_1_31' title='bbox 427 523 489 564; x_wconf 68' lang='lat'>(57,</span> <span class='ocrx_word' id='word_1_32' title='bbox 523 520 544 555; x_wconf 81' lang='lat'>6</span> <span class='ocrx_word' id='word_1_33' title='bbox 586 517 636 561; x_wconf 82' lang='lat' dir='ltr'>(in</span> <span class='ocrx_word' id='word_1_34' title='bbox 671 516 846 553; x_wconf 75' lang='lat' dir='ltr'>oratione</span> <span class='ocrx_word' id='word_1_35' title='bbox 875 518 923 557; x_wconf 82' lang='lat' dir='ltr'>T.</span> <span class='ocrx_word' id='word_1_36' title='bbox 957 516 1124 564; x_wconf 82' lang='lat' dir='ltr'>Quinctii</span> <span class='ocrx_word' id='word_1_37' title='bbox 1155 515 1362 565; x_wconf 79' lang='lat' dir='ltr'>Capitolini</span> <span class='ocrx_word' id='word_1_38' title='bbox 1399 516 1607 565; x_wconf 45' lang='lat' dir='ltr'>consulis):*</span> 
     </span>
     <span class='ocr_line' id='line_1_7' title="bbox 186 587 1600 638; baseline -0.006 -7"><span class='ocrx_word' id='word_1_39' title='bbox 186 595 292 631; x_wconf 90' lang='lat' dir='ltr'>Non</span> <span class='ocrx_word' id='word_1_40' title='bbox 341 592 416 628; x_wconf 87' lang='lat' dir='ltr'>illi</span> <span class='ocrx_word' id='word_1_41' title='bbox 461 589 600 638; x_wconf 77' lang='lat' dir='ltr'>(AEqui</span> <span class='ocrx_word' id='word_1_42' title='bbox 655 595 691 625; x_wconf 80' lang='lat' dir='ltr'>et</span> <span class='ocrx_word' id='word_1_43' title='bbox 734 588 884 635; x_wconf 81' lang='lat' dir='ltr'>Volsci)</span> <span class='ocrx_word' id='word_1_44' title='bbox 941 595 1151 624; x_wconf 77' lang='lat' dir='ltr'>vestram</span> <span class='ocrx_word' id='word_1_45' title='bbox 1198 587 1441 635; x_wconf 80' lang='lat' dir='ltr'>ignaviam</span> <span class='ocrx_word' id='word_1_46' title='bbox 1490 600 1600 624; x_wconf 87' lang='lat' dir='ltr'>con—</span> 
     </span>
     <span class='ocr_line' id='line_1_8' title="bbox 185 658 1607 713; baseline -0.005 -12"><span class='ocrx_word' id='word_1_47' title='bbox 185 672 423 713; x_wconf 85' lang='lat' dir='ltr'>tempsere</span> <span class='ocrx_word' id='word_1_48' title='bbox 463 674 546 697; x_wconf 90' lang='lat' dir='ltr'>nec</span> <span class='ocrx_word' id='word_1_49' title='bbox 584 673 676 696; x_wconf 81' lang='lat' dir='ltr'>suae</span> <span class='ocrx_word' id='word_1_50' title='bbox 722 660 896 696; x_wconf 77' lang='lat' dir='ltr'>virtuti</span> <span class='ocrx_word' id='word_1_51' title='bbox 938 658 1115 696; x_wconf 82' lang='lat' dir='ltr'>confisi</span> <span class='ocrx_word' id='word_1_52' title='bbox 1157 663 1282 701; x_wconf 68' lang='lat' dir='ltr'>sunt,</span> <span class='ocrx_word' id='word_1_53' title='bbox 1323 659 1499 707; x_wconf 86' lang='lat' dir='ltr'>quippe</span> <span class='ocrx_word' id='word_1_54' title='bbox 1529 665 1607 694; x_wconf 74' lang='lat' dir='ltr'>to·</span> 
     </span>
     <span class='ocr_line' id='line_1_9' title="bbox 187 730 1602 781; baseline -0.004 -10"><span class='ocrx_word' id='word_1_55' title='bbox 187 735 278 771; x_wconf 88' lang='lat' dir='ltr'>ties</span> <span class='ocrx_word' id='word_1_56' title='bbox 309 733 404 770; x_wconf 84' lang='lat' dir='ltr'>fusi</span> <span class='ocrx_word' id='word_1_57' title='bbox 435 732 709 781; x_wconf 75' lang='lat' dir='ltr'>fugatique,</span> <span class='ocrx_word' id='word_1_58' title='bbox 741 731 918 768; x_wconf 83' lang='lat' dir='ltr'>castris</span> <span class='ocrx_word' id='word_1_59' title='bbox 950 730 1101 775; x_wconf 77' lang='lat' dir='ltr'>exuti,</span> <span class='ocrx_word' id='word_1_60' title='bbox 1133 741 1247 777; x_wconf 84' lang='lat' dir='ltr'>agro</span> <span class='ocrx_word' id='word_1_61' title='bbox 1280 730 1489 775; x_wconf 82' lang='lat' dir='ltr'>multati,</span> <span class='ocrx_word' id='word_1_62' title='bbox 1518 731 1602 766; x_wconf 87' lang='lat' dir='ltr'>sub</span> 
     </span>
     <span class='ocr_line' id='line_1_10' title="bbox 186 800 1603 854; baseline -0.004 -13"><span class='ocrx_word' id='word_1_63' title='bbox 186 807 343 854; x_wconf 83' lang='lat' dir='ltr'>iugum</span> <span class='ocrx_word' id='word_1_64' title='bbox 390 804 523 840; x_wconf 84' lang='lat' dir='ltr'>missi</span> <span class='ocrx_word' id='word_1_65' title='bbox 554 810 598 839; x_wconf 82' lang='lat' dir='ltr'>et</span> <span class='ocrx_word' id='word_1_66' title='bbox 635 816 682 839; x_wconf 83' lang='lat' dir='ltr'>se</span> <span class='ocrx_word' id='word_1_67' title='bbox 724 809 767 839; x_wconf 81' lang='lat' dir='ltr'>et</span> <span class='ocrx_word' id='word_1_68' title='bbox 803 815 887 839; x_wconf 89' lang='lat' dir='ltr'>vos</span> <span class='ocrx_word' id='word_1_69' title='bbox 919 814 1108 839; x_wconf 86' lang='lat' dir='ltr'>novere.</span> <span class='ocrx_word' id='word_1_70' title='bbox 1182 800 1444 837; x_wconf 81' lang='lat' dir='ltr'>Discordia</span> <span class='ocrx_word' id='word_1_71' title='bbox 1474 801 1603 836; x_wconf 90' lang='lat' dir='ltr'>ordi-</span> 
     </span>
     <span class='ocr_line' id='line_1_11' title="bbox 186 871 1604 920; baseline -0.004 -8"><span class='ocrx_word' id='word_1_72' title='bbox 186 890 290 913; x_wconf 87' lang='lat' dir='ltr'>num</span> <span class='ocrx_word' id='word_1_73' title='bbox 339 882 410 911; x_wconf 82' lang='lat' dir='ltr'>est</span> <span class='ocrx_word' id='word_1_74' title='bbox 457 887 689 911; x_wconf 86' lang='lat' dir='ltr'>venenum</span> <span class='ocrx_word' id='word_1_75' title='bbox 734 874 866 910; x_wconf 88' lang='lat' dir='ltr'>urbis</span> <span class='ocrx_word' id='word_1_76' title='bbox 912 874 1071 918; x_wconf 85' lang='lat' dir='ltr'>huius,</span> <span class='ocrx_word' id='word_1_77' title='bbox 1117 878 1305 920; x_wconf 84' lang='lat' dir='ltr'>patrum</span> <span class='ocrx_word' id='word_1_78' title='bbox 1352 884 1403 907; x_wconf 84' lang='lat' dir='ltr'>ac</span> <span class='ocrx_word' id='word_1_79' title='bbox 1447 871 1604 920; x_wconf 88' lang='lat' dir='ltr'>plebis</span> 
     </span>
     <span class='ocr_line' id='line_1_12' title="bbox 188 941 1610 993; baseline -0.005 -10"><span class='ocrx_word' id='word_1_80' title='bbox 188 947 474 986; x_wconf 78' lang='lat' dir='ltr'>certamina:</span> <span class='ocrx_word' id='word_1_81' title='bbox 518 946 620 982; x_wconf 89' lang='lat' dir='ltr'>dum</span> <span class='ocrx_word' id='word_1_82' title='bbox 659 958 742 982; x_wconf 90' lang='lat' dir='ltr'>nec</span> <span class='ocrx_word' id='word_1_83' title='bbox 776 946 915 982; x_wconf 89' lang='lat' dir='ltr'>nobis</span> <span class='ocrx_word' id='word_1_84' title='bbox 953 943 1145 993; x_wconf 89' lang='lat' dir='ltr'>imperii</span> <span class='ocrx_word' id='word_1_85' title='bbox 1175 955 1257 978; x_wconf 84' lang='lat' dir='ltr'>nec</span> <span class='ocrx_word' id='word_1_86' title='bbox 1287 941 1425 977; x_wconf 79' lang='lat' dir='ltr'>vobis</span> <span class='ocrx_word' id='word_1_87' title='bbox 1456 941 1610 977; x_wconf 31' lang='lat' dir='ltr'>liber-⁷</span> 
     </span>
     <span class='ocr_line' id='line_1_13' title="bbox 188 1013 1605 1063; baseline -0.006 -8"><span class='ocrx_word' id='word_1_88' title='bbox 188 1019 305 1056; x_wconf 86' lang='lat' dir='ltr'>tatis</span> <span class='ocrx_word' id='word_1_89' title='bbox 347 1025 417 1054; x_wconf 81' lang='lat' dir='ltr'>est</span> <span class='ocrx_word' id='word_1_90' title='bbox 457 1017 642 1061; x_wconf 76' lang='lat' dir='ltr'>moduS,</span> <span class='ocrx_word' id='word_1_91' title='bbox 686 1017 789 1053; x_wconf 86' lang='lat' dir='ltr'>dum</span> <span class='ocrx_word' id='word_1_92' title='bbox 828 1017 969 1053; x_wconf 81' lang='lat' dir='ltr'>taedet</span> <span class='ocrx_word' id='word_1_93' title='bbox 1011 1027 1094 1051; x_wconf 84' lang='lat' dir='ltr'>vos</span> <span class='ocrx_word' id='word_1_94' title='bbox 1139 1013 1477 1063; x_wconf 84' lang='lat' dir='ltr'>patriciorum,</span> <span class='ocrx_word' id='word_1_95' title='bbox 1520 1013 1605 1048; x_wconf 87' lang='lat' dir='ltr'>hos</span> 
     </span>
     <span class='ocr_line' id='line_1_14' title="bbox 188 1083 1603 1139; baseline -0.005 -13"><span class='ocrx_word' id='word_1_96' title='bbox 188 1089 486 1139; x_wconf 80' lang='lat' dir='ltr'>plebeiorum</span> <span class='ocrx_word' id='word_1_97' title='bbox 536 1088 929 1136; x_wconf 72' lang='lat' dir='ltr'>magistratuum,</span> <span class='ocrx_word' id='word_1_98' title='bbox 988 1086 1229 1122; x_wconf 79' lang='lat' dir='ltr'>sustulere</span> <span class='ocrx_word' id='word_1_99' title='bbox 1282 1084 1356 1120; x_wconf 88' lang='lat' dir='ltr'>illi</span> <span class='ocrx_word' id='word_1_100' title='bbox 1409 1083 1603 1120; x_wconf 82' lang='lat' dir='ltr'>animos.</span> 
     </span>
     <span class='ocr_line' id='line_1_15' title="bbox 188 1153 1606 1208; baseline -0.007 -10"><span class='ocrx_word' id='word_1_101' title='bbox 188 1163 278 1198; x_wconf 80' lang='lat' dir='ltr'>Non</span> <span class='ocrx_word' id='word_1_102' title='bbox 310 1168 413 1197; x_wconf 85' lang='lat' dir='ltr'>recte</span> <span class='ocrx_word' id='word_1_103' title='bbox 443 1173 491 1196; x_wconf 81' lang='lat' dir='ltr'>ex</span> <span class='ocrx_word' id='word_1_104' title='bbox 522 1173 567 1196; x_wconf 88' lang='lat' dir='ltr'>eo</span> <span class='ocrx_word' id='word_1_105' title='bbox 597 1160 694 1208; x_wconf 85' lang='lat' dir='ltr'>ipso,</span> <span class='ocrx_word' id='word_1_106' title='bbox 729 1159 832 1207; x_wconf 85' lang='lat' dir='ltr'>quod</span> <span class='ocrx_word' id='word_1_107' title='bbox 862 1158 1016 1194; x_wconf 75' lang='lat' dir='ltr'>taederet</span> <span class='ocrx_word' id='word_1_108' title='bbox 1036 1157 1186 1205; x_wconf 79' lang='lat' dir='ltr'>plebem</span> <span class='ocrx_word' id='word_1_109' title='bbox 1214 1154 1461 1204; x_wconf 84' lang='lat' dir='ltr'>patriciorum</span> <span class='ocrx_word' id='word_1_110' title='bbox 1484 1153 1606 1201; x_wconf 76' lang='lat' dir='ltr'>magi-</span> 
     </span>
     <span class='ocr_line' id='line_1_16' title="bbox 187 1225 1607 1280; baseline -0.007 -11"><span class='ocrx_word' id='word_1_111' title='bbox 187 1240 397 1277; x_wconf 84' lang='lat' dir='ltr'>stratuum,</span> <span class='ocrx_word' id='word_1_112' title='bbox 428 1232 610 1280; x_wconf 86' lang='lat' dir='ltr'>patricios</span> <span class='ocrx_word' id='word_1_113' title='bbox 636 1231 892 1279; x_wconf 78' lang='lat' dir='ltr'>plebeiorum,</span> <span class='ocrx_word' id='word_1_114' title='bbox 933 1241 1001 1264; x_wconf 86' lang='lat' dir='ltr'>nec</span> <span class='ocrx_word' id='word_1_115' title='bbox 1033 1242 1080 1264; x_wconf 83' lang='lat' dir='ltr'>ex</span> <span class='ocrx_word' id='word_1_116' title='bbox 1110 1228 1227 1264; x_wconf 88' lang='lat' dir='ltr'>nimio</span> <span class='ocrx_word' id='word_1_117' title='bbox 1258 1225 1504 1275; x_wconf 81' lang='lat' dir='ltr'>patriciorum</span> <span class='ocrx_word' id='word_1_118' title='bbox 1537 1225 1607 1260; x_wconf 87' lang='lat' dir='ltr'>im-</span> 
     </span>
     <span class='ocr_line' id='line_1_17' title="bbox 189 1296 1608 1352; baseline -0.006 -13"><span class='ocrx_word' id='word_1_119' title='bbox 189 1304 284 1352; x_wconf 89' lang='lat' dir='ltr'>perii</span> <span class='ocrx_word' id='word_1_120' title='bbox 316 1316 466 1347; x_wconf 85' lang='lat' dir='ltr'>amore,</span> <span class='ocrx_word' id='word_1_121' title='bbox 510 1302 745 1351; x_wconf 79' lang='lat' dir='ltr'>plebeiorum</span> <span class='ocrx_word' id='word_1_122' title='bbox 776 1300 981 1344; x_wconf 82' lang='lat' dir='ltr'>libertatis,</span> <span class='ocrx_word' id='word_1_123' title='bbox 1024 1299 1147 1347; x_wconf 80' lang='lat' dir='ltr'>AEqui</span> <span class='ocrx_word' id='word_1_124' title='bbox 1180 1305 1216 1334; x_wconf 84' lang='lat' dir='ltr'>et</span> <span class='ocrx_word' id='word_1_125' title='bbox 1248 1297 1381 1334; x_wconf 67' lang='lat' dir='ltr'>Volsci</span> <span class='ocrx_word' id='word_1_126' title='bbox 1411 1296 1608 1332; x_wconf 74' lang='lat' dir='ltr'>sustulisse</span> 
     </span>
     <span class='ocr_line' id='line_1_18' title="bbox 191 1369 1610 1421; baseline -0.006 -11"><span class='ocrx_word' id='word_1_127' title='bbox 191 1374 340 1410; x_wconf 82' lang='lat' dir='ltr'>animos</span> <span class='ocrx_word' id='word_1_128' title='bbox 372 1374 565 1418; x_wconf 74' lang='lat' dir='ltr'>dicuntur3</span> <span class='ocrx_word' id='word_1_129' title='bbox 599 1374 738 1421; x_wconf 85' lang='lat' dir='ltr'>(neque</span> <span class='ocrx_word' id='word_1_130' title='bbox 769 1372 869 1407; x_wconf 89' lang='lat' dir='ltr'>enim</span> <span class='ocrx_word' id='word_1_131' title='bbox 892 1372 940 1407; x_wconf 85' lang='lat' dir='ltr'>ad</span> <span class='ocrx_word' id='word_1_132' title='bbox 965 1383 1030 1406; x_wconf 86' lang='lat' dir='ltr'>eos</span> <span class='ocrx_word' id='word_1_133' title='bbox 1053 1370 1119 1406; x_wconf 84' lang='lat' dir='ltr'>illa</span> <span class='ocrx_word' id='word_1_134' title='bbox 1140 1369 1418 1418; x_wconf 79' lang='lat' dir='ltr'>pertinebant3)</span> <span class='ocrx_word' id='word_1_135' title='bbox 1451 1374 1610 1415; x_wconf 86' lang='lat' dir='ltr'>propter</span> 
     </span>
     <span class='ocr_line' id='line_1_19' title="bbox 190 1439 1608 1485; baseline -0.006 -4"><span class='ocrx_word' id='word_1_136' title='bbox 190 1445 400 1481; x_wconf 83' lang='lat' dir='ltr'>certamina</span> <span class='ocrx_word' id='word_1_137' title='bbox 432 1458 479 1481; x_wconf 83' lang='lat' dir='ltr'>ex</span> <span class='ocrx_word' id='word_1_138' title='bbox 518 1445 591 1481; x_wconf 87' lang='lat' dir='ltr'>illis</span> <span class='ocrx_word' id='word_1_139' title='bbox 632 1444 767 1480; x_wconf 87' lang='lat' dir='ltr'>studiis</span> <span class='ocrx_word' id='word_1_140' title='bbox 809 1450 895 1479; x_wconf 89' lang='lat' dir='ltr'>orta</span> <span class='ocrx_word' id='word_1_141' title='bbox 930 1441 1116 1478; x_wconf 79' lang='lat' dir='ltr'>rebellare</span> <span class='ocrx_word' id='word_1_142' title='bbox 1154 1441 1236 1476; x_wconf 79' lang='lat' dir='ltr'>ausi</span> <span class='ocrx_word' id='word_1_143' title='bbox 1275 1444 1395 1476; x_wconf 81' lang='lat' dir='ltr'>erant.</span> <span class='ocrx_word' id='word_1_144' title='bbox 1470 1439 1608 1485; x_wconf 81' lang='lat' dir='ltr'>Itaque</span> 
     </span>
     <span class='ocr_line' id='line_1_20' title="bbox 190 1509 1608 1565; baseline -0.007 -12"><span class='ocrx_word' id='word_1_145' title='bbox 190 1516 372 1561; x_wconf 71' lang='lat' dir='ltr'>Clericus,</span> <span class='ocrx_word' id='word_1_146' title='bbox 404 1530 516 1564; x_wconf 84' lang='lat' dir='ltr'>quem</span> <span class='ocrx_word' id='word_1_147' title='bbox 536 1515 782 1565; x_wconf 82' lang='lat' dir='ltr'>Kreyssigius</span> <span class='ocrx_word' id='word_1_148' title='bbox 813 1521 964 1550; x_wconf 80' lang='lat' dir='ltr'>secutus</span> <span class='ocrx_word' id='word_1_149' title='bbox 995 1519 1062 1556; x_wconf 82' lang='lat' dir='ltr'>est,</span> <span class='ocrx_word' id='word_1_150' title='bbox 1096 1512 1149 1548; x_wconf 81' lang='lat' dir='ltr'>sic</span> <span class='ocrx_word' id='word_1_151' title='bbox 1181 1511 1393 1548; x_wconf 83' lang='lat' dir='ltr'>orationem</span> <span class='ocrx_word' id='word_1_152' title='bbox 1425 1509 1608 1553; x_wconf 75' lang='lat' dir='ltr'>distinxit,</span> 
     </span>
     <span class='ocr_line' id='line_1_21' title="bbox 190 1580 1609 1625; baseline -0.007 0"><span class='ocrx_word' id='word_1_153' title='bbox 190 1602 266 1625; x_wconf 86' lang='lat' dir='ltr'>una</span> <span class='ocrx_word' id='word_1_154' title='bbox 296 1589 424 1625; x_wconf 81' lang='lat' dir='ltr'>littera</span> <span class='ocrx_word' id='word_1_155' title='bbox 454 1587 605 1624; x_wconf 83' lang='lat' dir='ltr'>addita:</span> <span class='ocrx_word' id='word_1_156' title='bbox 638 1585 901 1623; x_wconf 75' lang='lat' dir='ltr'>Discordia</span> <span class='ocrx_word' id='word_1_157' title='bbox 931 1591 1000 1621; x_wconf 86' lang='lat' dir='ltr'>est</span> <span class='ocrx_word' id='word_1_158' title='bbox 1031 1596 1258 1619; x_wconf 82' lang='lat' dir='ltr'>venenum</span> <span class='ocrx_word' id='word_1_159' title='bbox 1289 1581 1421 1617; x_wconf 84' lang='lat' dir='ltr'>urbis</span> <span class='ocrx_word' id='word_1_160' title='bbox 1451 1580 1609 1620; x_wconf 83' lang='lat' dir='ltr'>huius;</span> 
     </span>
     <span class='ocr_line' id='line_1_22' title="bbox 189 1653 1609 1709; baseline -0.007 -13"><span class='ocrx_word' id='word_1_161' title='bbox 189 1667 378 1709; x_wconf 82' lang='lat' dir='ltr'>patrum</span> <span class='ocrx_word' id='word_1_162' title='bbox 414 1672 465 1695; x_wconf 85' lang='lat' dir='ltr'>ac</span> <span class='ocrx_word' id='word_1_163' title='bbox 495 1658 657 1707; x_wconf 87' lang='lat' dir='ltr'>plebis</span> <span class='ocrx_word' id='word_1_164' title='bbox 689 1656 975 1697; x_wconf 81' lang='lat' dir='ltr'>certamina,</span> <span class='ocrx_word' id='word_1_165' title='bbox 1007 1655 1109 1690; x_wconf 86' lang='lat' dir='ltr'>dum</span> <span class='ocrx_word' id='word_1_166' title='bbox 1139 1675 1192 1678; x_wconf 80' lang='lat'><em>—</em></span> <span class='ocrx_word' id='word_1_167' title='bbox 1216 1653 1609 1700; x_wconf 80' lang='lat' dir='ltr'>magistratuum,</span> 
     </span>
     <span class='ocr_line' id='line_1_23' title="bbox 190 1723 1609 1773; baseline -0.006 -6"><span class='ocrx_word' id='word_1_168' title='bbox 190 1730 437 1767; x_wconf 81' lang='lat' dir='ltr'>sustulere</span> <span class='ocrx_word' id='word_1_169' title='bbox 468 1730 573 1768; x_wconf 82' lang='lat' dir='ltr'>illis</span> <span class='ocrx_word' id='word_1_170' title='bbox 605 1729 811 1773; x_wconf 85' lang='lat' dir='ltr'>animos,</span> <span class='ocrx_word' id='word_1_171' title='bbox 854 1734 895 1762; x_wconf 86' lang='lat' dir='ltr'>ut.</span> <span class='ocrx_word' id='word_1_172' title='bbox 924 1726 988 1762; x_wconf 86' lang='lat' dir='ltr'>illa</span> <span class='ocrx_word' id='word_1_173' title='bbox 1027 1726 1133 1761; x_wconf 91' lang='lat' dir='ltr'>dum</span> <span class='ocrx_word' id='word_1_174' title='bbox 1174 1737 1256 1760; x_wconf 90' lang='lat' dir='ltr'>nec</span> <span class='ocrx_word' id='word_1_175' title='bbox 1288 1723 1425 1760; x_wconf 89' lang='lat' dir='ltr'>nobis</span> <span class='ocrx_word' id='word_1_176' title='bbox 1458 1730 1528 1759; x_wconf 85' lang='lat' dir='ltr'>cet.</span> <span class='ocrx_word' id='word_1_177' title='bbox 1561 1723 1609 1758; x_wconf 86' lang='lat' dir='ltr'>ad</span> 
     </span>
     <span class='ocr_line' id='line_1_24' title="bbox 192 1794 1609 1838; baseline -0.007 0"><span class='ocrx_word' id='word_1_178' title='bbox 192 1801 441 1838; x_wconf 77' lang='lat' dir='ltr'>certaminum</span> <span class='ocrx_word' id='word_1_179' title='bbox 475 1813 629 1836; x_wconf 79' lang='lat' dir='ltr'>causam</span> <span class='ocrx_word' id='word_1_180' title='bbox 663 1806 700 1835; x_wconf 78' lang='lat' dir='ltr'>et.</span> <span class='ocrx_word' id='word_1_181' title='bbox 730 1806 907 1834; x_wconf 83' lang='lat' dir='ltr'>naturam</span> <span class='ocrx_word' id='word_1_182' title='bbox 937 1797 1181 1833; x_wconf 77' lang='lat' dir='ltr'>indicandam</span> <span class='ocrx_word' id='word_1_183' title='bbox 1211 1796 1412 1831; x_wconf 78' lang='lat' dir='ltr'>addantur.</span> <span class='ocrx_word' id='word_1_184' title='bbox 1462 1794 1609 1829; x_wconf 65' lang='lat' dir='ltr'>Verum</span> 
     </span>
     <span class='ocr_line' id='line_1_25' title="bbox 191 1864 1608 1920; baseline -0.007 -11"><span class='ocrx_word' id='word_1_185' title='bbox 191 1886 236 1909; x_wconf 82' lang='lat' dir='ltr'>co</span> <span class='ocrx_word' id='word_1_186' title='bbox 268 1872 390 1920; x_wconf 80' lang='lat' dir='ltr'>magis</span> <span class='ocrx_word' id='word_1_187' title='bbox 423 1878 595 1920; x_wconf 80' lang='lat' dir='ltr'>apparet,</span> <span class='ocrx_word' id='word_1_188' title='bbox 630 1883 743 1918; x_wconf 84' lang='lat' dir='ltr'>quam</span> <span class='ocrx_word' id='word_1_189' title='bbox 781 1881 961 1917; x_wconf 86' lang='lat' dir='ltr'>perverse</span> <span class='ocrx_word' id='word_1_190' title='bbox 992 1868 1089 1903; x_wconf 86' lang='lat' dir='ltr'>iuter</span> <span class='ocrx_word' id='word_1_191' title='bbox 1118 1868 1197 1903; x_wconf 78' lang='lat' dir='ltr'>haec</span> <span class='ocrx_word' id='word_1_192' title='bbox 1229 1872 1265 1901; x_wconf 79' lang='lat' dir='ltr'>et</span> <span class='ocrx_word' id='word_1_193' title='bbox 1295 1865 1495 1914; x_wconf 82' lang='lat' dir='ltr'>superiora</span> <span class='ocrx_word' id='word_1_194' title='bbox 1525 1864 1608 1900; x_wconf 86' lang='lat' dir='ltr'>illa:</span> 
     </span>
     <span class='ocr_line' id='line_1_26' title="bbox 192 1940 1610 1989; baseline -0.006 -11"><span class='ocrx_word' id='word_1_195' title='bbox 192 1957 281 1980; x_wconf 89' lang='lat' dir='ltr'>non</span> <span class='ocrx_word' id='word_1_196' title='bbox 312 1944 388 1979; x_wconf 91' lang='lat' dir='ltr'>illi</span> <span class='ocrx_word' id='word_1_197' title='bbox 420 1949 634 1978; x_wconf 83' lang='lat' dir='ltr'>vestram</span> <span class='ocrx_word' id='word_1_198' title='bbox 676 1940 922 1989; x_wconf 75' lang='lat' dir='ltr'>ignaviam</span> <span class='ocrx_word' id='word_1_199' title='bbox 961 1945 1297 1985; x_wconf 79' lang='lat' dir='ltr'>contempsere</span> <span class='ocrx_word' id='word_1_200' title='bbox 1329 1959 1376 1963; x_wconf 81' lang='lat'>—</span> <span class='ocrx_word' id='word_1_201' title='bbox 1415 1943 1459 1971; x_wconf 84' lang='lat' dir='ltr'>et</span> <span class='ocrx_word' id='word_1_202' title='bbox 1489 1948 1537 1971; x_wconf 86' lang='lat' dir='ltr'>se</span> <span class='ocrx_word' id='word_1_203' title='bbox 1567 1944 1610 1971; x_wconf 82' lang='lat' dir='ltr'>et.</span> 
     </span>
     <span class='ocr_line' id='line_1_27' title="bbox 193 2007 1610 2051; baseline -0.006 0"><span class='ocrx_word' id='word_1_204' title='bbox 193 2028 275 2051; x_wconf 85' lang='lat' dir='ltr'>vos</span> <span class='ocrx_word' id='word_1_205' title='bbox 309 2026 488 2050; x_wconf 86' lang='lat' dir='ltr'>novere</span> <span class='ocrx_word' id='word_1_206' title='bbox 529 2012 780 2048; x_wconf 79' lang='lat' dir='ltr'>interiiciatur</span> <span class='ocrx_word' id='word_1_207' title='bbox 822 2009 1009 2046; x_wconf 84' lang='lat' dir='ltr'>sententia</span> <span class='ocrx_word' id='word_1_208' title='bbox 1040 2009 1106 2045; x_wconf 82' lang='lat' dir='ltr'>illa</span> <span class='ocrx_word' id='word_1_209' title='bbox 1137 2009 1182 2045; x_wconf 88' lang='lat' dir='ltr'>de</span> <span class='ocrx_word' id='word_1_210' title='bbox 1213 2007 1403 2044; x_wconf 84' lang='lat' dir='ltr'>discordia</span> <span class='ocrx_word' id='word_1_211' title='bbox 1434 2007 1610 2043; x_wconf 83' lang='lat' dir='ltr'>ordinum</span> 
     </span>
     <span class='ocr_line' id='line_1_28' title="bbox 195 2077 1611 2130; baseline -0.007 -8"><span class='ocrx_word' id='word_1_212' title='bbox 195 2086 296 2122; x_wconf 86' lang='lat' dir='ltr'>urbis</span> <span class='ocrx_word' id='word_1_213' title='bbox 328 2086 515 2122; x_wconf 60' lang='lat' dir='ltr'>Romanae</span> <span class='ocrx_word' id='word_1_214' title='bbox 549 2096 714 2127; x_wconf 68' lang='lat' dir='ltr'>veneno,</span> <span class='ocrx_word' id='word_1_215' title='bbox 748 2095 871 2130; x_wconf 87' lang='lat' dir='ltr'>neque</span> <span class='ocrx_word' id='word_1_216' title='bbox 901 2081 998 2117; x_wconf 80' lang='lat' dir='ltr'>euim</span> <span class='ocrx_word' id='word_1_217' title='bbox 1035 2080 1081 2115; x_wconf 84' lang='lat' dir='ltr'>de</span> <span class='ocrx_word' id='word_1_218' title='bbox 1114 2079 1330 2128; x_wconf 74' lang='lat' dir='ltr'>rcipublicae</span> <span class='ocrx_word' id='word_1_219' title='bbox 1361 2085 1474 2121; x_wconf 85' lang='lat' dir='ltr'>statu,</span> <span class='ocrx_word' id='word_1_220' title='bbox 1504 2077 1611 2125; x_wconf 80' lang='lat' dir='ltr'>inge-</span> 
     </span>
     <span class='ocr_line' id='line_1_29' title="bbox 192 2149 1609 2202; baseline -0.007 -9"><span class='ocrx_word' id='word_1_221' title='bbox 192 2158 275 2201; x_wconf 80' lang='lat' dir='ltr'>nio,</span> <span class='ocrx_word' id='word_1_222' title='bbox 307 2156 416 2192; x_wconf 83' lang='lat' dir='ltr'>malis</span> <span class='ocrx_word' id='word_1_223' title='bbox 449 2155 624 2191; x_wconf 82' lang='lat' dir='ltr'>universe</span> <span class='ocrx_word' id='word_1_224' title='bbox 658 2154 803 2202; x_wconf 79' lang='lat' dir='ltr'>agitur,</span> <span class='ocrx_word' id='word_1_225' title='bbox 834 2153 900 2188; x_wconf 82' lang='lat' dir='ltr'>scd</span> <span class='ocrx_word' id='word_1_226' title='bbox 929 2152 1018 2199; x_wconf 79' lang='lat' dir='ltr'>quid</span> <span class='ocrx_word' id='word_1_227' title='bbox 1042 2151 1185 2199; x_wconf 68' lang='lat' dir='ltr'>AEquis</span> <span class='ocrx_word' id='word_1_228' title='bbox 1217 2157 1254 2186; x_wconf 79' lang='lat' dir='ltr'>et</span> <span class='ocrx_word' id='word_1_229' title='bbox 1278 2149 1430 2186; x_wconf 72' lang='lat' dir='ltr'>Volscis</span> <span class='ocrx_word' id='word_1_230' title='bbox 1462 2149 1609 2184; x_wconf 85' lang='lat' dir='ltr'>animos</span> 
     </span>
     <span class='ocr_line' id='line_1_30' title="bbox 193 2219 1609 2269; baseline -0.007 -5"><span class='ocrx_word' id='word_1_231' title='bbox 193 2228 336 2266; x_wconf 78' lang='lat' dir='ltr'>fecerit.</span> <span class='ocrx_word' id='word_1_232' title='bbox 403 2226 455 2263; x_wconf 89' lang='lat' dir='ltr'>Ni</span> <span class='ocrx_word' id='word_1_233' title='bbox 489 2225 622 2269; x_wconf 75' lang='lat' dir='ltr'>fallor,</span> <span class='ocrx_word' id='word_1_234' title='bbox 668 2233 710 2261; x_wconf 83' lang='lat' dir='ltr'>ut</span> <span class='ocrx_word' id='word_1_235' title='bbox 739 2225 777 2260; x_wconf 89' lang='lat' dir='ltr'>in</span> <span class='ocrx_word' id='word_1_236' title='bbox 809 2232 981 2260; x_wconf 74' lang='lat' dir='ltr'>extrema</span> <span class='ocrx_word' id='word_1_237' title='bbox 1018 2222 1205 2259; x_wconf 84' lang='lat' dir='ltr'>sententia</span> <span class='ocrx_word' id='word_1_238' title='bbox 1237 2235 1312 2257; x_wconf 85' lang='lat' dir='ltr'>una</span> <span class='ocrx_word' id='word_1_239' title='bbox 1342 2220 1519 2257; x_wconf 78' lang='lat' dir='ltr'>addenda</span> <span class='ocrx_word' id='word_1_240' title='bbox 1550 2219 1609 2254; x_wconf 86' lang='lat' dir='ltr'>lit-</span> 
     </span>
     <span class='ocr_line' id='line_1_31' title="bbox 195 2291 1609 2347; baseline -0.008 -11"><span class='ocrx_word' id='word_1_241' title='bbox 195 2309 276 2337; x_wconf 81' lang='lat' dir='ltr'>tera</span> <span class='ocrx_word' id='word_1_242' title='bbox 311 2298 428 2347; x_wconf 74' lang='lat' dir='ltr'>(illis</span> <span class='ocrx_word' id='word_1_243' title='bbox 460 2310 531 2345; x_wconf 87' lang='lat' dir='ltr'>pro</span> <span class='ocrx_word' id='word_1_244' title='bbox 561 2296 670 2343; x_wconf 84' lang='lat' dir='ltr'>illi),</span> <span class='ocrx_word' id='word_1_245' title='bbox 702 2296 755 2332; x_wconf 83' lang='lat' dir='ltr'>sic</span> <span class='ocrx_word' id='word_1_246' title='bbox 786 2295 893 2332; x_wconf 85' lang='lat' dir='ltr'>initio</span> <span class='ocrx_word' id='word_1_247' title='bbox 927 2307 1001 2329; x_wconf 85' lang='lat' dir='ltr'>una</span> <span class='ocrx_word' id='word_1_248' title='bbox 1031 2293 1268 2329; x_wconf 73' lang='lat' dir='ltr'>detrahenda</span> <span class='ocrx_word' id='word_1_249' title='bbox 1299 2300 1366 2335; x_wconf 85' lang='lat' dir='ltr'>est,</span> <span class='ocrx_word' id='word_1_250' title='bbox 1397 2299 1437 2327; x_wconf 66' lang='lat' dir='ltr'>ut⁴</span> <span class='ocrx_word' id='word_1_251' title='bbox 1459 2291 1511 2327; x_wconf 86' lang='lat' dir='ltr'>sic</span> <span class='ocrx_word' id='word_1_252' title='bbox 1543 2291 1609 2326; x_wconf 83' lang='lat' dir='ltr'>de-</span> 
     </span>
     <span class='ocr_line' id='line_1_32' title="bbox 195 2362 1610 2407; baseline -0.006 -2"><span class='ocrx_word' id='word_1_253' title='bbox 195 2376 324 2407; x_wconf 79' lang='lat' dir='ltr'>currat</span> <span class='ocrx_word' id='word_1_254' title='bbox 352 2368 493 2405; x_wconf 83' lang='lat' dir='ltr'>oratio:</span> <span class='ocrx_word' id='word_1_255' title='bbox 549 2367 814 2404; x_wconf 85' lang='lat' dir='ltr'>Discordia</span> <span class='ocrx_word' id='word_1_256' title='bbox 857 2364 1072 2401; x_wconf 88' lang='lat' dir='ltr'>ordinum</span> <span class='ocrx_word' id='word_1_257' title='bbox 1119 2369 1163 2403; x_wconf 82' lang='lat' dir='ltr'>et</span> <span class='ocrx_word' id='word_1_258' title='bbox 1203 2376 1431 2399; x_wconf 77' lang='lat' dir='ltr'>venenum</span> <span class='ocrx_word' id='word_1_259' title='bbox 1472 2362 1610 2398; x_wconf 87' lang='lat' dir='ltr'>huius</span> 
     </span>
     <span class='ocr_line' id='line_1_33' title="bbox 196 2433 1610 2489; baseline -0.007 -12"><span class='ocrx_word' id='word_1_260' title='bbox 196 2441 345 2486; x_wconf 83' lang='lat' dir='ltr'>urbis,</span> <span class='ocrx_word' id='word_1_261' title='bbox 386 2445 570 2489; x_wconf 83' lang='lat' dir='ltr'>patrum</span> <span class='ocrx_word' id='word_1_262' title='bbox 614 2452 666 2475; x_wconf 83' lang='lat' dir='ltr'>ac</span> <span class='ocrx_word' id='word_1_263' title='bbox 708 2437 869 2487; x_wconf 87' lang='lat' dir='ltr'>plebis</span> <span class='ocrx_word' id='word_1_264' title='bbox 911 2434 1195 2479; x_wconf 78' lang='lat' dir='ltr'>certamina,</span> <span class='ocrx_word' id='word_1_265' title='bbox 1238 2434 1341 2469; x_wconf 89' lang='lat' dir='ltr'>dum</span> <span class='ocrx_word' id='word_1_266' title='bbox 1376 2456 1425 2459; x_wconf 72' lang='lat'>——</span> <span class='ocrx_word' id='word_1_267' title='bbox 1458 2433 1610 2480; x_wconf 80' lang='lat' dir='ltr'>magi-</span> 
     </span>
     <span class='ocr_line' id='line_1_34' title="bbox 195 2503 1611 2553; baseline -0.01 -2"><span class='ocrx_word' id='word_1_268' title='bbox 195 2518 448 2553; x_wconf 59' lang='lat' dir='ltr'>stratuum,</span> <span class='ocrx_word' id='word_1_269' title='bbox 480 2511 729 2547; x_wconf 67' lang='lat' dir='ltr'>sustulere</span> <span class='ocrx_word' id='word_1_270' title='bbox 760 2509 865 2549; x_wconf 82' lang='lat' dir='ltr'>illis</span> <span class='ocrx_word' id='word_1_271' title='bbox 897 2507 1090 2543; x_wconf 67' lang='lat' dir='ltr'>animos,</span> <span class='ocrx_word' id='word_1_272' title='bbox 1151 2505 1327 2541; x_wconf 77' lang='lat' dir='ltr'>Ceterum</span> <span class='ocrx_word' id='word_1_273' title='bbox 1360 2517 1434 2540; x_wconf 90' lang='lat' dir='ltr'>non</span> <span class='ocrx_word' id='word_1_274' title='bbox 1466 2503 1611 2547; x_wconf 85' lang='lat' dir='ltr'>dubito,</span> 
     </span>
     <span class='ocr_line' id='line_1_35' title="bbox 196 2574 1609 2631; baseline -0.008 -12"><span class='ocrx_word' id='word_1_275' title='bbox 196 2584 286 2631; x_wconf 83' lang='lat' dir='ltr'>quin</span> <span class='ocrx_word' id='word_1_276' title='bbox 316 2589 417 2619; x_wconf 81' lang='lat' dir='ltr'>recte</span> <span class='ocrx_word' id='word_1_277' title='bbox 448 2582 483 2617; x_wconf 88' lang='lat' dir='ltr'>in</span> <span class='ocrx_word' id='word_1_278' title='bbox 522 2581 642 2616; x_wconf 80' lang='lat' dir='ltr'>tribus</span> <span class='ocrx_word' id='word_1_279' title='bbox 673 2579 868 2615; x_wconf 86' lang='lat' dir='ltr'>codicibus</span> <span class='ocrx_word' id='word_1_280' title='bbox 901 2577 1137 2625; x_wconf 79' lang='lat' dir='ltr'>interpolatis</span> <span class='ocrx_word' id='word_1_281' title='bbox 1170 2574 1476 2613; x_wconf 81' lang='lat' dir='ltr'>Drakenborchii</span> <span class='ocrx_word' id='word_1_282' title='bbox 1507 2580 1543 2609; x_wconf 84' lang='lat' dir='ltr'>et</span> <span class='ocrx_word' id='word_1_283' title='bbox 1574 2574 1609 2609; x_wconf 88' lang='lat' dir='ltr'>in</span> 
     </span>
    </p>
   </div>
   <div class='ocr_carea' id='block_1_3' title="bbox 193 2644 1612 2697">
    <p class='ocr_par' dir='ltr' id='par_1_4' title="bbox 193 2644 1612 2697">
     <span class='ocr_line' id='line_1_36' title="bbox 193 2644 1612 2697; baseline -0.008 -7"><span class='ocrx_word' id='word_1_284' title='bbox 193 2654 423 2690; x_wconf 84' lang='lat' dir='ltr'>editionibus</span> <span class='ocrx_word' id='word_1_285' title='bbox 461 2666 484 2688; x_wconf 89' lang='lat' dir='ltr'>a</span> <span class='ocrx_word' id='word_1_286' title='bbox 523 2651 771 2688; x_wconf 83' lang='lat' dir='ltr'>Frobeniana</span> <span class='ocrx_word' id='word_1_287' title='bbox 813 2662 933 2697; x_wconf 86' lang='lat' dir='ltr'>usque</span> <span class='ocrx_word' id='word_1_288' title='bbox 977 2648 1025 2684; x_wconf 85' lang='lat' dir='ltr'>ad</span> <span class='ocrx_word' id='word_1_289' title='bbox 1064 2646 1474 2683; x_wconf 84' lang='lat' dir='ltr'>Drakenborchianam</span> <span class='ocrx_word' id='word_1_290' title='bbox 1519 2644 1612 2680; x_wconf 83' lang='lat' dir='ltr'>scri-</span> 
     </span>
    </p>
   </div>
  </div>
 </body>
</html>
