1811 2925
819 153 891 188 153
1348 150 1422 182 Lib.
1443 149 1523 180 VII.

140 284 314 327 quentes,
363 277 609 325 Liviumque,
642 287 759 324 quum
791 287 881 311 casu
913 274 1008 323 ipsi
1038 275 1350 324 pluralinumero
1367 274 1571 323 posuisset,

143 350 193 386 ad
223 350 262 386 id
293 348 544 386 arcuerint
591 370 640 374 —
682 346 1100 384 circumdederint
1143 346 1460 383 accommodasse
1502 358 1572 394 pu-

143 427 254 466 tant,
291 420 396 469 quod
429 419 522 456 mihi
557 418 714 468 quidem
745 419 783 455 in
814 418 888 454 hoc
918 423 997 453 tam
1030 418 1212 466 aequabili
1243 417 1429 454 orationis
1460 429 1573 454 cursu

142 505 212 542 per
241 504 282 528 se
311 505 449 541 parum
479 490 682 541 probabile
713 489 864 526 videtur
893 495 1094 538 totumque
1127 502 1173 526 eo
1220 489 1427 532 evertitur7
1471 488 1574 537 quod

143 569 233 612 post
262 563 388 612 ipsum
420 561 838 600 circumdederint
868 560 1215 610 sequitu1·:quem
1242 560 1486 597 videntem
1523 572 1575 597 ac

144 635 433 684 vigilantem
463 634 532 671 sic
565 633 842 678 cluseritis,
873 631 1091 681 sopitum
1132 636 1329 682 oportet
1358 630 1574 675 fallatis,

146 719 194 743 ex
226 719 302 755 quo
339 711 502 754 apparet
533 705 688 742 Livium
724 705 886 741 eandem
925 702 1094 739 notionis
1124 702 1291 739 formam
1325 702 1454 739 animo
1486 703 1575 739 reti-

144 778 287 815 nuisse.
349 778 489 825 Itaque
522 790 542 812 e
575 778 609 813 P
641 783 678 813 et
708 775 929 813 Klockiano
961 775 1239 811 restituendum
1273 774 1494 811 arcuerit
1529 795 1571 800 —

145 849 549 888 circumdederit,
592 855 671 884 tum
704 860 798 884 vero
829 847 909 883 sine
940 846 1019 882 ulla
1049 846 1289 882 dubitatione
1319 846 1576 892 scribendum,

146 928 187 958 ut
218 934 241 958 a
272 921 466 957 Frobenio
489 920 633 965 (1531)
666 919 715 955 ad
747 917 993 955 Gronovium
1024 917 1168 953 editum
1199 923 1278 963 est,
1304 918 1420 967 ipse,
1452 923 1576 954 muta-

146 1000 228 1030 tum
260 994 308 1030 ab
341 992 521 1029 oscitanti
550 990 709 1027 librario
747 991 796 1026 ob
827 995 912 1026 tot.

269 1063 366 1113 Cap.
404 1066 474 1109 37,
508 1066 549 1099 4:
591 1062 764 1099 Tertia
792 1072 958 1111 pugna
1008 1060 1116 1109 (post
1146 1060 1312 1109 primam
1343 1061 1397 1098 M.
1429 1062 1578 1099 Valerii

147 1135 308 1172 Corvini
338 1135 387 1172 ad
406 1135 583 1173 Gaurum
615 1139 798 1178 montem,
831 1132 993 1169 alteram
1024 1133 1075 1170 A.
1094 1130 1264 1168 Cornelii
1282 1131 1394 1170 Cossi
1410 1133 1448 1169 in
1467 1134 1578 1172 Sam-

146 1207 227 1255 nio)
270 1208 326 1243 ad
358 1206 642 1245 Suessulam
673 1203 930 1241 commissa
963 1208 1057 1248 est,
1102 1215 1194 1251 qua
1232 1203 1433 1253 fugatus
1468 1218 1492 1241 a
1520 1206 1577 1244 M.

149 1279 353 1315 Valerio
385 1277 674 1317 Samnitium
704 1275 990 1320 exercitus,
1035 1275 1162 1311 omni
1202 1277 1380 1312 robore
1411 1276 1580 1313 iuven-

147 1351 269 1388 tutis
301 1351 443 1387 domo
476 1348 662 1394 accito7
693 1347 965 1385 certamine
1009 1345 1184 1383 ultimo
1224 1347 1473 1384 fortunam
1507 1361 1580 1384 ex-

147 1421 306 1471 periri
339 1421 530 1458 statuit.
589 1421 680 1457 Duo
708 1420 769 1457 hic
800 1418 1012 1461 offend11nt‚
1044 1417 1210 1465 primum
1232 1431 1441 1455 concursus
1474 1419 1580 1456 abla-

148 1494 316 1530 tivorum
348 1493 480 1529 similis
512 1491 825 1541 significationis3
881 1502 1006 1538 neque
1052 1489 1152 1525 enim
1197 1491 1362 1538 probum
1407 1490 1578 1528 videtur:

150 1566 238 1602 hac
282 1577 445 1613 pugna
494 1563 760 1600 certamine
811 1562 977 1598 ultimo
1028 1560 1274 1597 fortunam
1322 1563 1578 1612 experior;

151 1636 307 1684 itaque,
339 1635 412 1672 nisi
440 1642 570 1672 cetera
600 1635 817 1679 obstarent,
864 1632 1053 1682 suspicari
1099 1632 1238 1681 aliquis
1277 1640 1427 1682 posset,
1465 1633 1577 1683 fuga-

151 1716 231 1744 tum
272 1708 321 1744 ad
361 1707 584 1745 Suessulam
626 1705 739 1742 tertia
775 1718 906 1754 pugna
953 1704 1063 1752 (qua
1092 1703 1310 1752 fugatus)
1367 1706 1577 1742 exercitum

151 1779 380 1816 Samnitium
405 1785 583 1827 quartum
602 1777 790 1827 proelium
816 1783 998 1813 tent-asse.
1075 1775 1227 1812 Deinde
1247 1775 1285 1811 in
1301 1778 1502 1825 proximus
1524 1777 1578 1814 sic

149 1851 322 1887 narratio
367 1851 614 1887 continuatur
653 1847 746 1899 (Ab
779 1848 1015 1886 Suessula
1044 1846 1203 1883 nuntii
1249 1848 1431 1896 trepidi
1465 1849 1578 1896 cet),

151 1928 191 1958 ut
225 1928 340 1958 antea
382 1922 638 1971 significatum
669 1920 792 1957 videri
844 1920 1003 1964 debeat,
1051 1919 1100 1955 ad
1155 1919 1379 1957 Suessulam
1427 1920 1579 1958 Samni-

149 1999 206 2030 tes
255 1994 481 2030 convenisse
526 1993 637 2040 eique
682 1992 767 2029 urbi
806 1991 1055 2028 imminuisse.
1137 1990 1261 2038 Atqui
1304 1989 1438 2025 Livius
1484 1989 1581 2026 dixit

148 2070 297 2101 tantum
341 2065 394 2102 ibi
442 2077 613 2114 pugnam
645 2063 810 2107 sactam3
855 2063 987 2111 itaque
1017 2067 1198 2111 putamus
1235 2066 1434 2097 narratum
1474 2061 1580 2097 dein-

151 2148 241 2184 ceps
270 2135 336 2181 iri3
378 2136 443 2184 qui
474 2135 619 2172 factum
651 2135 718 2175 sit,
762 2139 803 2170 ut
833 2147 878 2170 eo
909 2134 967 2170 vis
999 2133 1090 2169 belli
1121 2138 1422 2169 converteretur.
1485 2133 1581 2181 (Ita-

151 2220 226 2256 que
255 2207 443 2244 Klockius
473 2207 692 2256 suspicatus
722 2211 790 2249 est,
822 2204 1011 2240 excidisse
1030 2210 1153 2241 totam
1178 2203 1441 2240 narrationem
1465 2190 1581 2240 Sues-

150 2278 243 2315 sulae
282 2291 306 2314 a
336 2278 575 2316 Samnitibus
621 2276 820 2321 obsessae.)
899 2276 1067 2312 Videtur
1097 2275 1232 2312 Livius
1276 2274 1493 2324 scripsisse:
1528 2298 1578 2302 —

151 2350 209 2386 ad
242 2349 522 2386 Suessulam
553 2347 813 2385 commissa
843 2353 927 2392 est,
959 2359 1046 2399 quo
1077 2346 1279 2395 fugatus
1311 2359 1334 2382 a
1362 2348 1416 2383 M.
1439 2347 1581 2384 Vale-

150 2420 224 2457 rio
277 2420 567 2459 Samnitium
616 2419 868 2456 exercitus
908 2418 1035 2454 omni
1082 2418 1260 2455 robore
1304 2417 1581 2455 iuventutis

151 2493 290 2529 domo
323 2492 509 2537 accito,
555 2491 826 2527 certamine
873 2489 1045 2525 ultimo
1077 2488 1329 2526 fortunam
1366 2490 1581 2538 experiri

151 2563 351 2607 statuit,
382 2563 456 2599 hoc
487 2569 562 2599 est:
602 2575 692 2598 nam
725 2561 775 2597 ad
806 2572 891 2597 eam
922 2560 1056 2597 urbem
1090 2561 1231 2597 robore
1269 2560 1478 2597 iuventutis
1518 2574 1581 2598 ac-

151 2634 228 2670 cito
259 2634 451 2670 exercitus
484 2640 555 2672 cet.
624 2634 810 2681 Superest
839 2633 877 2668 in
911 2635 929 2677 ξ
967 2633 1012 2668 13
1044 2632 1157 2668 huius
1189 2632 1327 2681 capitis
1357 2632 1487 2680 gravis
1510 2633 1582 2668 du-

152 2705 289 2741 bitatio
322 2705 368 2741 de
398 2705 548 2741 duabus
578 2703 796 2753 legionibus
826 2703 1007 2753 praesidio
1051 2709 1265 2739 castrorum
1305 2703 1471 2749 relictis,
1509 2704 1583 2740 hoc

152 2783 224 2825 est,
262 2783 344 2813 toto
376 2777 558 2822 exercitu,
593 2789 710 2825 quum
742 2775 875 2812 consul
905 2775 1055 2811 hostem
1087 2773 1208 2810 effuse
1238 2773 1448 2823 fugientem
1479 2787 1582 2811 sum-
