1811 2925
307 167 382 197 Lib.
396 165 476 196 VII.
935 167 1007 201 154

260 304 324 326 ma
362 291 399 326 vi
429 294 735 339 persequeretur.
816 287 1026 336 Scripsitne
1073 288 1226 324 Livius:
1273 287 1562 336 relictisque
1623 301 1678 328 ex

260 362 444 397 duabus
475 358 753 408 legionibus
785 358 1024 394 cust-odiae
1058 366 1105 395 et
1124 358 1343 407 praesidii
1367 371 1514 395 causa
1534 359 1679 407 gravi

261 432 419 468 edicto
451 429 663 474 monitis,
695 429 767 465 hoc
798 436 866 473 est,
897 429 954 474 iis,
987 442 1084 477 quos
1116 443 1164 466 ex
1195 430 1343 466 duabus
1375 429 1589 478 legionibus
1618 443 1677 466 re-

258 502 467 550 linquebat,
497 501 607 550 gravi
639 500 763 536 edicto
790 500 972 536 monitis?
1004 500 1101 536 dura
1130 499 1305 549 profecto
1338 506 1374 536 et
1403 501 1558 538 insolita
1588 514 1678 550 par-

259 573 476 621 ticipiorum
511 572 790 617 coniunctione,
819 577 860 607 111
892 572 1056 608 alterum
1087 585 1157 621 pro
1189 571 1429 608 substantivo
1461 572 1508 608 sit
1529 578 1566 608 et
1589 573 1678 609 sub-

259 644 345 680 iecti
375 643 500 680 locum
531 649 671 687 teneat,
702 654 771 678 nec
803 647 951 687 tamen,
993 655 1078 691 quae
1108 654 1266 691 prorsus
1307 654 1330 677 a
1360 641 1462 678 Livii
1492 643 1678 679 orationis

259 714 495 763 proprietate
525 713 604 758 illa,
636 726 752 761 quam
786 713 833 748 ad
869 726 899 750 c.
936 716 996 754 10.
1034 716 1078 751 13
1116 713 1246 761 attigi.
1275 713 1493 749 abhorreat.
1550 713 1680 762 Scrip-

259 786 308 822 sit
338 793 440 822 certe
469 786 673 830 XXXIV,
714 787 771 829 11,
806 787 848 819 4:
880 791 922 821 et
955 786 1228 821 credentem
1260 796 1308 820 se
1338 784 1535 832 aliquid
1569 797 1679 820 aux-

260 857 337 893 ilii
366 857 544 894 habere
581 877 627 881 ——
661 855 769 904 ipsa
803 854 993 892 fiducia
1026 878 1072 883 —
1098 861 1344 893 servatum
1368 855 1457 901 (hoe
1474 862 1549 891 est:
1580 868 1680 901 eum,

260 929 325 978 qui
342 927 543 976 crederet).
582 926 658 964 Sed
675 939 742 963 cur
772 926 885 964 illud:
918 940 973 963 ex
1004 927 1188 963 duabus
1218 926 1496 974 legionibus
1528 927 1682 963 additur

261 1005 327 1035 aut
358 999 449 1046 quid
480 998 529 1034 ad
560 1011 641 1034 rem
673 997 862 1046 pertinet?
928 998 1093 1034 Videtur
1127 997 1346 1046 significari,
1381 998 1551 1046 praedam
1576 998 1680 1047 (quae

261 1069 383 1105 omnis
415 1069 523 1105 militi
555 1069 646 1105 data
676 1069 794 1117 paulo
832 1075 920 1117 post
951 1068 1104 1115 dicitur)
1135 1082 1212 1105 non
1242 1069 1353 1104 unius
1391 1068 1552 1116 legionis
1582 1069 1680 1106 mili-

260 1140 361 1176 tibus
389 1141 647 1185 commissam,
678 1140 743 1176 sed
775 1140 959 1185 duarum,
1004 1146 1046 1176 ut
1083 1139 1182 1176 inter
1211 1152 1251 1175 se
1282 1139 1527 1176 custodirent.
1603 1140 1680 1178 Sed

260 1217 381 1247 totam
412 1212 511 1248 hane
543 1211 799 1259 suspicionem
832 1224 903 1259 pro
933 1211 1079 1247 incerta
1113 1224 1228 1259 pono,
1290 1212 1332 1256 (ξ
1371 1214 1408 1247 ll
1446 1224 1523 1246 non
1553 1217 1681 1260 potest

260 1294 393 1318 verum
413 1294 494 1318 esse
517 1296 541 1330 q
552 1283 704 1328 uieto,
730 1283 833 1330 quod
850 1283 887 1318 111
904 1283 1000 1321 Lov.
1017 1286 1038 1319 4
1057 1283 1276 1319 coniectura
1293 1288 1424 1318 nutum
1456 1290 1680 1331 receperunt

247 1354 511 1402 ‚recentissimi
533 1354 716 1393 editores:
752 1354 854 1401 quod
872 1354 971 1390 enim
990 1353 1199 1402 significari
1228 1353 1373 1390 volunt.
1393 1353 1569 1400 proxime
1592 1359 1681 1389 ante

260 1431 361 1461 recte
392 1431 427 1460 et
461 1431 549 1472 apte
581 1438 628 1461 ex
660 1424 781 1461 hostis
813 1438 879 1461 ore
909 1425 1051 1461 dictum
1084 1431 1162 1461 est:
1207 1424 1262 1459 du
1275 1437 1310 1460 m
1346 1423 1567 1459 inclusus
1594 1436 1680 1472 pa-

260 1501 395 1532 veret
424 1496 579 1532 hostis
611 1497 823 1532 Romanus.
898 1497 1119 1533 Aberrante
1158 1495 1207 1531 ad
1255 1495 1371 1530 alium
1410 1495 1537 1531 locum
1568 1495 1679 1531 oculo

258 1574 390 1603 natum
422 1567 572 1603 videtur
605 1567 717 1615 quia
749 1573 813 1603 aut
846 1567 958 1614 quia
989 1574 1031 1602 et
1060 1567 1098 1602 111
1129 1567 1213 1602 cod.
1246 1565 1486 1615 archetypo.)

371 1637 466 1687 Cap.
500 1639 629 1675 39.14
665 1638 720 1685 (in
752 1637 914 1674 confusa
943 1637 1008 1673 illa
1045 1644 1081 1674 et
1111 1638 1291 1686 fingendo
1326 1642 1515 1673 exornata
1545 1649 1679 1672 narra-

258 1709 361 1745 tione
391 1709 587 1746 seditionis
618 1709 778 1745 militum
811 1722 912 1745 anno
945 1710 1021 1745 342
1054 1709 1182 1756 factae)
1214 1710 1262 1745 ab
1287 1709 1459 1744 instituto
1483 1720 1568 1744 meo
1585 1720 1680 1756 pau-

258 1780 377 1829 lisper
416 1781 614 1817 discedens
646 1781 821 1817 codicum
861 1780 1090 1828 scripturam
1133 1779 1356 1824 defendam,
1398 1779 1436 1814 111
1481 1791 1557 1826 qua
1597 1791 1679 1814 mu-

260 1851 378 1887 tanda
410 1852 575 1888 editores
607 1851 749 1899 aliique
779 1851 868 1886 inde
905 1864 927 1887 a
971 1850 1176 1887 Gronovio
1209 1862 1293 1886 cum
1323 1849 1508 1899 gravibus
1539 1850 1680 1886 errori-

260 1922 331 1958 bus
362 1928 564 1970 satagunt3
608 1935 653 1958 ea
683 1921 903 1958 huiusmodi
938 1928 1012 1957 est:
1057 1933 1220 1957 somno
1261 1933 1452 1969 gravem
1497 1921 1680 1969 Quine-

259 1993 375 2029 tium
411 2005 709 2041 oppressum,
734 1993 856 2029 nihil
883 1993 1102 2037 medium,
1127 1998 1207 2028 aut
1238 1992 1500 2040 imperium
1533 1998 1679 2040 atque

259 2065 489 2100 honorem
520 2069 611 2109 aut,
646 2064 726 2100 ubi
755 2064 1028 2107 restitaret.
1060 2069 1270 2101 mortem.
1302 2064 1346 2099 ni
1377 2070 1678 2111 sequeretur,

261 2135 628 2179 denuntiantes,
669 2136 714 2171 111
747 2142 911 2172 castra
942 2142 1302 2183 pertraxerunt.
1379 2134 1533 2170 Primus
1576 2134 1679 2172 Gro-

261 2206 397 2242 novius
427 2207 506 2242 ubi
538 2214 574 2242 et
604 2207 641 2242 si
672 2207 773 2242 idem
807 2219 890 2243 esse
920 2206 1082 2255 putavit,
1116 2206 1219 2253 quod
1251 2213 1385 2241 contra
1407 2212 1475 2244 est.
1537 2206 1679 2253 Quinc-

261 2278 314 2313 tio
350 2277 486 2313 milites
517 2277 611 2312 nihil
642 2277 808 2313 medium
839 2278 1129 2321 denuntiabant,
1158 2277 1223 2313 sed
1248 2282 1312 2312 aut
1330 2276 1531 2324 imperium
1565 2283 1679 2325 atque

260 2349 446 2385 honorem
493 2350 567 2394 (—
601 2348 662 2383 hic
706 2348 799 2383 nihil
832 2361 929 2397 opus
960 2356 1042 2385 erat
1074 2349 1164 2385 addi
1209 2348 1461 2391 condicionis3
1510 2347 1548 2383 id
1579 2347 1679 2383 enim

261 2419 386 2467 ipsum
416 2419 619 2456 offerentes
650 2420 868 2457 veniebant.
904 2425 965 2460 —)
998 2426 1087 2463 aut,
1134 2419 1283 2467 quoties
1314 2418 1490 2454 resistere
1521 2431 1678 2454 conare-

263 2497 324 2525 tur
354 2491 474 2537 (quod
507 2491 646 2539 saepius
679 2504 763 2527 eum
797 2490 946 2534 fecisse,
976 2491 1096 2526 verbo
1128 2490 1412 2538 frequentativo
1444 2496 1478 2525 et
1500 2489 1678 2525 coniunc-

263 2560 342 2596 tivo
373 2561 487 2597 modo
519 2562 714 2598 sententiae
744 2561 969 2610 temporalis
1013 2561 1286 2609 significatur),
1319 2567 1478 2596 mortem
1497 2588 1505 2604 ,
1551 2560 1589 2596 ni
1620 2573 1678 2596 se-

262 2637 451 2678 queretur.
519 2632 627 2668 Nihil
656 2632 796 2668 rectius
827 2638 894 2668 aut
924 2631 1106 2680 apertius,
1170 2632 1210 2667 Is
1241 2643 1396 2679 quoque
1426 2631 1580 2669 erravit.
1612 2630 1678 2679 qui

262 2702 420 2738 Hertzio
451 2703 664 2750 persuasit,
696 2710 735 2739 ut
767 2714 1049 2751 oppressum
1092 2709 1275 2751 tanquam
1313 2702 1484 2750 spurium
1514 2708 1678 2739 notaret.
