1811 2925
229 135 306 166 Lib.
330 134 406 166 XL.
907 136 982 169 ³-le

342 257 439 305 Cap,
478 259 536 300 lb*7
582 258 604 291 6
638 254 721 299 (ubi
752 254 887 290 Livius
918 254 1104 302 Ligurum
1136 253 1212 289 duo
1244 253 1349 289 milia
1379 263 1514 292 narrat
1544 270 1566 292 a
1602 258 1654 293 M.

231 328 437 372 Marcello,
483 327 546 375 qui
588 325 760 362 Galliam
799 324 1018 367 obtinebat,
1057 324 1260 372 petivisse‚
1303 332 1343 360 ut
1383 326 1655 374 reciperentur,

231 398 458 435 Marcellum
489 403 664 434 senatum
697 396 744 432 de
775 408 819 431 ea
851 408 891 431 re
923 391 1199 443 consuluisse):
1245 394 1454 433 Senatus
1486 398 1655 434 rescri-

229 470 343 505 bere
373 468 714 516 M.Ogulnium
745 472 1001 515 praetorem
1020 465 1257 501 Marcello
1288 465 1450 511 iussit,
1491 468 1656 504 verius

229 539 416 583 fuisse,
465 538 719 583 consules7
765 549 963 585 quorum
995 535 1253 584 provincia
1284 543 1411 572 esset
1444 537 1655 585 (Liguria),

231 621 369 656 quam
386 621 446 653 se,
469 609 581 656 quid
604 621 624 644 e
654 621 748 656 rep.
769 613 909 651 esset,
928 607 1206 650 decernere3
1227 613 1321 642 tum
1341 620 1397 655 qu
1414 620 1535 655 oque
1565 622 1656 645 non

229 679 448 727 plaeere‚
480 678 518 714 si
548 690 633 726 per
663 677 962 714 deditionem
1005 677 1209 725 Ligures
1240 677 1467 725 recipiet,
1499 691 1657 727 recep-

230 750 294 786 tis
328 762 459 785 arma
490 748 658 785 adimi.
691 755 833 797 atque
867 761 947 785 eos
984 749 1040 784 ad
1071 747 1324 784 consulem
1355 748 1486 784 mitti
1517 761 1653 785 sena-

233 827 326 856 tum
359 831 545 867 aequum
578 831 795 855 censere.
872 819 937 857 Sic
979 818 1163 856 Gelenius
1201 818 1238 854 in
1272 818 1440 866 antiquis
1470 819 1590 865 libris,
1620 820 1658 855 id

231 898 288 927 est
315 892 370 935 M,
402 890 521 926 fuisse
551 895 714 926 testatur
745 896 781 927 et
810 891 865 927 sic
896 890 1020 926 editur
1048 890 1137 926 inde
1167 903 1190 926 a
1221 889 1455 934 Gronovio‚
1504 890 1569 938 qui
1601 897 1659 927 ta·

231 975 316 998 men
344 974 414 1010 pro
453 960 667 1008 recipiet
696 961 811 997 scribi
860 961 1017 998 volebat
1061 961 1327 1009 reciperet3
1376 960 1578 997 Bekkerus
1623 968 1659 997 et

230 1032 570 1069 Weissenbornins
600 1031 813 1080 recipiat
845 1038 1068 1080 posuerunt.
1131 1031 1208 1068 Sed
1238 1038 1319 1067 tota
1354 1032 1542 1068 sententia
1572 1045 1659 1080 per-

231 1115 344 1139 versa
375 1109 444 1140 est.
505 1103 566 1138 De
598 1114 750 1137 summa
782 1102 882 1138 enim
910 1116 963 1147 re,
982 1102 1238 1150 reeipiendine
1254 1103 1329 1138 sint
1353 1102 1514 1150 Ligures
1528 1115 1659 1145 necne,

234 1174 332 1210 nihil
363 1180 518 1210 senatus
552 1173 770 1220 respondet.
803 1173 892 1214 sed,
945 1173 975 1209 si
1007 1173 1265 1221 recipiantur,
1297 1180 1401 1208 vetat
1433 1173 1470 1208 in
1501 1173 1663 1221 receptis

234 1245 328 1289 fieri,
360 1245 463 1292 quod
481 1243 688 1280 Marcellus
720 1257 759 1280 se
790 1242 980 1279 facturum
1012 1256 1089 1279 non
1120 1243 1367 1290 significarat,
1398 1250 1503 1279 vetat
1534 1250 1662 1279 autem

234 1321 370 1351 contra
401 1320 638 1351 constantem
672 1315 938 1350 Romanorum
970 1313 1007 1349 in
1039 1313 1225 1349 dediticiis
1242 1313 1470 1361 recipiendis
1502 1326 1661 1357 morem,

234 1387 301 1434 qni
332 1392 506 1435 apparet,
539 1390 578 1420 ut
608 1385 681 1420 hoc
711 1390 810 1425 utar,
862 1383 926 1420 lib.
959 1384 1151 1420 XXXIX
1172 1412 1181 1423 ,
1232 1386 1274 1425 ’2,
1333 1387 1345 1419 1
1383 1392 1419 1419 et.
1454 1387 1489 1422 4.
1562 1384 1662 1420 Mire

235 1457 349 1492 etiam
382 1469 466 1492 cum
498 1456 572 1491 hac
603 1455 781 1491 cautione
813 1454 1016 1502 copulatur
1037 1454 1217 1502 (atque)
1251 1461 1479 1498 extremum„
1510 1455 1661 1491 mitten-

237 1528 306 1563 ‹los
339 1539 421 1563 esse
452 1526 616 1574 Ligures
656 1525 704 1560 ad
737 1524 936 1567 conslilcs‚
992 1537 1089 1572 quos
1121 1525 1244 1561 vitare
1276 1525 1501 1569 voluerant,
1551 1526 1662 1573 quasi

231 1599 305 1634 hoc
338 1610 386 1633 ex
417 1597 551 1632 eodem
581 1609 721 1644 genere
751 1596 811 1631 sit.
890 1597 967 1632 Res
1018 1603 1052 1632 et
1097 1596 1286 1632 sententia
1327 1602 1363 1631 et
1394 1595 1517 1631 oratio
1548 1602 1662 1632 rectae

231 1674 365 1711 erunt,
426 1668 602 1703 retractis
636 1681 656 1703 e
686 1667 780 1715 fuga
814 1668 964 1702 duabus
1009 1667 1163 1706 litteris,
1195 1667 1279 1702 aliis
1322 1672 1424 1702 recte
1468 1665 1663 1702 diiunctis:

231 1746 325 1775 tum
360 1750 549 1786 quoque
596 1738 729 1785 (quum
772 1737 933 1784 Ligures
980 1738 1028 1773 ad
1074 1738 1299 1773 Marcellum
1340 1736 1580 1785 confugerint
1626 1744 1662 1773 et

232 1821 293 1845 res
337 1822 407 1857 per
438 1808 664 1844 Marcellum
711 1808 761 1843 ad
806 1814 980 1844 senatum
1022 1807 1166 1843 reiecta
1213 1808 1279 1846 sit)
1326 1820 1416 1843 non
1462 1808 1661 1855 placere

232 1880 336 1919 nisi
368 1892 453 1927 per
486 1878 783 1914 deditionem
816 1877 1019 1926 Ligures
1051 1878 1228 1928 recipi:
1271 1883 1315 1918 et
1345 1879 1559 1926 receptis
1592 1892 1661 1914 ar-

234 1963 305 1986 ma
351 1949 501 1985 adimi
547 1954 690 1996 atque
745 1960 824 1983 eos
872 1947 927 1983 ad
974 1947 1200 1984 consules
1248 1948 1394 1992 mitti,
1444 1956 1660 1985 senatum

235 2032 414 2068 {equum
449 2031 661 2054 censere.
723 2018 809 2055 Nisi
846 2017 950 2053 facta
988 2024 1120 2065 aperte
1151 2024 1188 2053 et
1219 2018 1299 2054 sine
1335 2018 1565 2066 ambagibus
1596 2019 1661 2054 de-

234 2091 375 2126 ditione
415 2089 533 2137 recipi
577 2088 739 2136 Ligures
785 2094 940 2123 senatus
988 2094 1111 2131 vetatq
1161 2088 1298 2124 deinde
1341 2089 1514 2136 adiungit
1564 2090 1660 2133 (et),

235 2160 325 2208 quid
370 2161 557 2197 Romanae
591 2158 855 2194 consuetudini
887 2158 1155 2193 convenienter
1188 2159 1224 2194 in
1248 2159 1411 2207 receptis
1443 2158 1660 2194 faciendum

235 2231 292 2267 sit.
352 2231 402 2266 Et
429 2230 627 2278 particulae
657 2229 750 2265 nisi
779 2228 875 2264 adeo
908 2227 1112 2264 manifesta
1143 2235 1230 2264 sunt
1261 2229 1425 2277 vestigia
1455 2229 1492 2265 in
1523 2229 1658 2265 [οι-,4

331 2353 438 2386 dixit:
466 2352 609 2382 altorum
638 2350 733 2381 Livio
762 2359 942 2380 commune
974 2350 1035 2379 crit
1063 2360 1136 2379 cum
1166 2350 1327 2381 insecutae
1354 2351 1463 2381 aetatis
1489 2351 1660 2390 scriptori-

330 2415 393 2445 bus
420 2412 664 2450 QuinetilianQ
696 2411 819 2441 Tacito
849 2410 957 2444 (Anu.
984 2409 1029 2440 11.
1057 2411 1135 2451 38),
1164 2411 1345 2448 Suetonio,
1374 2418 1407 2442 ut
1434 2411 1542 2441 multa
1568 2411 1658 2452 apud

329 2475 424 2505 illum
451 2474 597 2515 primum
625 2473 733 2513 posita
758 2471 862 2502 semel
886 2476 945 2501 aut
970 2471 1091 2501 iterum
1119 2472 1349 2512 reperiuntur,
1378 2482 1452 2512 quse
1481 2472 1571 2512 apud
1596 2472 1659 2503 hos

331 2536 465 2576 saepius,
522 2535 577 2565 Ex
599 2534 852 2572 sanguinem
880 2541 1011 2562 meum
1039 2537 1148 2562 ortum
1173 2534 1388 2573 sanguine
1416 2543 1560 2570 meum,
1587 2537 1657 2564 tum

332 2605 438 2628 meo.
494 2593 649 2632 (Poterat
686 2604 766 2624 sane
803 2594 902 2624 etiam
937 2603 978 2623 ex
1004 2594 1217 2632 sanguiue
1264 2604 1370 2626 meo,
1404 2595 1504 2626 modo
1530 2599 1658 2625 rectum

333 2662 434 2694 esset,
461 2655 539 2686 oriri
568 2666 606 2685 sa
621 2666 640 2685 n
653 2655 754 2694 guin
766 2665 782 2685 e
794 2663 825 2683 m
853 2664 883 2684 m
894 2664 910 2685 e
924 2665 955 2691 o,
981 2661 1047 2684 tum
1076 2665 1105 2684 m
1117 2664 1132 2683 c
1148 2657 1236 2691 um.)
