1811 2925
835 140 911 176 603
1367 139 1443 172 Lib.
1460 138 1570 170 XLV.

166 268 263 297 tum
304 272 435 306 esse,
483 268 548 305 ut,
593 261 632 297 si
669 261 775 309 quis
816 260 967 296 vellet
1012 260 1266 297 inimicum
1308 260 1492 309 perire,
1540 261 1580 297 si

162 330 286 366 nihil
310 329 502 376 fecerit,
534 344 627 380 quo
660 331 706 368 id
737 330 840 375 fiat,
869 330 1050 379 capitis
1080 331 1350 367 damnetur.
1418 330 1579 368 Soloece

161 400 260 436 enirn
291 406 381 448 post
416 402 614 450 praesentis
657 401 840 450 temporis
873 401 1053 446 verbum,
1098 401 1201 449 quod
1238 401 1381 438 nullam
1423 401 1578 438 omnino

160 470 209 505 ad
238 471 474 518 praeteritum
496 472 782 508 inclinationem
804 472 933 516 habet,
955 471 1170 507 subiicitur:
1201 472 1239 507 si
1271 471 1381 519 quis
1415 471 1578 517 vellet,

158 547 341 588 sequente
364 541 500 578 etiam:
531 541 570 577 si
592 541 714 577 nihil
736 541 924 578 fecerit.
974 542 1037 578 Ne
1057 548 1187 578 tamen
1207 541 1430 590 simpliciter
1458 542 1578 578 velit

158 611 435 647 restituendum
466 618 609 659 putem,
640 611 745 656 facit,
776 611 879 659 quod
900 611 939 647 in
971 611 1102 648 codice
1131 611 1310 648 scribitur
1340 612 1499 660 perire
1530 620 1577 648 ut

157 681 197 717 si
229 687 312 726 cet.,
343 693 392 717 ex
424 693 500 729 quo
530 682 700 718 nascitur
730 681 909 730 suspicio,
952 682 1106 719 Livium
1137 682 1350 730 scripsisse:
1399 682 1437 717 si
1468 683 1577 730 quis

157 751 286 787 velle
330 751 582 788 inimicum
631 753 792 801 perire
834 752 1191 801 comperiatur,
1237 752 1275 788 si
1325 752 1446 789 nihil
1489 759 1576 797 cet.,

156 822 494 870 comperiatur
537 829 664 859 autem
706 831 795 871 post
826 823 994 870 (inimi)
1037 835 1137 859 cum
1174 822 1335 871 perire
1376 823 1575 867 excidisse,

156 891 260 927 tenui
291 892 571 928 terminationis
603 893 767 942 vestigio
804 894 950 930 relicto.
963 890 1002 938 ¹)
1080 893 1295 941 Aliquanto
1334 892 1435 930 infra
1466 893 1501 942 (ξ
1534 895 1574 940 9)

156 962 312 998 acutula
342 963 530 998 sententia
562 963 698 1000 leviter
728 973 912 1013 corrupta
942 970 1016 999 est:
1059 963 1358 1012 Philippum,
1403 964 1576 1000 Antio·

155 1032 310 1077 chum,
352 1033 534 1069 Persea
572 1031 668 1083 (hoc
701 1040 769 1079 est,
814 1039 948 1069 nostra
986 1032 1140 1069 illorum
1172 1033 1281 1069 bellis
1322 1033 1442 1081 facta)
1474 1041 1573 1070 tan-

155 1115 293 1150 quam
346 1109 445 1139 tres
488 1104 765 1140 sententias
795 1103 977 1151 ponite3
1022 1103 1121 1139 duae
1167 1116 1253 1140 nos
1285 1104 1571 1153 absolvunt3

154 1185 245 1208 nna
275 1172 425 1210 dubia
448 1181 545 1219 est,
577 1181 625 1211 ut,
650 1174 853 1223 gravior
883 1173 962 1210 sit.
1027 1173 1197 1209 Enarrat
1228 1171 1455 1219 Creverius,
1496 1187 1574 1222 quo

154 1255 230 1279 uno
261 1243 379 1279 modo
411 1245 551 1281 tentari
585 1245 779 1281 enarratio
801 1250 940 1292 potest,
972 1243 1122 1279 etiamsi
1144 1244 1192 1279 sit
1213 1243 1382 1291 gravior,
1397 1244 1573 1280 -dubiuin

152 1325 247 1354 esse.
306 1315 375 1359 At,
406 1315 438 1350 si
469 1316 690 1364 graviorem
721 1326 804 1350 esse
825 1314 1046 1350 conceditur
1064 1313 1152 1362 (hoc
1184 1321 1252 1357 est,
1284 1313 1573 1358 condemnare),

151 1396 227 1420 non
272 1384 390 1420 dubia
424 1392 494 1424 est.
578 1384 712 1421 Codex
742 1385 876 1421 habet:
925 1397 1017 1420 una
1048 1392 1127 1421 aut
1167 1384 1313 1420 dubia
1344 1390 1434 1427 est;
1479 1384 1572 1420 scri-

151 1454 316 1490 bendum
361 1461 435 1491 est:
478 1468 569 1492 una
608 1456 662 1503 (in
703 1455 837 1491 Persei
878 1455 978 1491 bello
1021 1453 1168 1503 posita)
1212 1461 1291 1490 aut
1323 1454 1470 1490 dubia
1501 1460 1572 1489 est

151 1528 230 1564 aut
276 1524 477 1572 gravior
527 1523 599 1559 sit.
673 1522 810 1560 Oratio
851 1537 900 1561 ex
941 1524 1199 1561 affirmatione
1243 1531 1279 1560 et
1325 1524 1572 1560 concessione

149 1595 274 1630 mixta
304 1602 377 1630 est:
408 1600 487 1630 aut
517 1594 580 1630 sit
610 1605 726 1630 sane
746 1595 970 1643 gravior;
1003 1596 1201 1643 (fingatur,
1223 1607 1293 1631 nos
1315 1594 1449 1631 Persei
1470 1593 1571 1630 bello

151 1664 304 1713 culpam
348 1665 549 1709 meruisse3
601 1677 679 1700 non
723 1665 994 1701 damnabimur
1035 1678 1111 1701 una
1147 1664 1328 1713 graviore
1370 1666 1570 1710 sententia,

150 1735 301 1772 duabus
336 1735 654 1781 absolventibus).
721 1735 1043 1777 (Weissenbornii
1062 1736 1254 1784 scriptura
1293 1748 1350 1781 ea,
1384 1748 1499 1784 quam
1532 1735 1571 1770 in

149 1804 377 1854 praefatione
406 1805 526 1854 ponit,
570 1804 797 1841 sententiam
828 1805 972 1841 nullam
1003 1806 1138 1850 habet3
1176 1818 1265 1842 nam
1296 1806 1504 1850 sententia,
1538 1806 1570 1841 si

150 1876 269 1912 dubia
298 1882 369 1920 est,
401 1888 478 1911 non
508 1882 565 1912 est
602 1875 779 1924 gravior3
824 1875 960 1911 deinde
1003 1876 1148 1913 Rhodii
1189 1889 1266 1912 non
1311 1876 1572 1920 affirmabant,

149 1958 287 1994 reapse
315 1945 421 1982 illam
452 1946 679 1982 sententiam
709 1945 927 1993 graviorem
961 1958 1055 1991 esse,
1086 1946 1158 1982 hoc
1190 1954 1258 1991 est,
1289 1946 1441 1995 culpam
1472 1948 1571 1983 fate-

150 2016 320 2063 bantur.)

174 2161 204 2197 ¹)
241 2163 280 2194 In
308 2169 380 2194 tota
403 2164 467 2195 hac
496 2164 662 2195 orationis
687 2172 782 2206 parte
808 2164 925 2195 Livius
950 2165 1064 2195 locum
1091 2174 1135 2195 ex
1162 2164 1302 2196 Catonis
1329 2166 1482 2197 oratione
1509 2176 1569 2206 pro

241 2225 512 2264 Rhodiensibus,
539 2226 597 2265 qui
623 2226 713 2267 apud
729 2225 877 2257 Gellium
904 2225 955 2256 VI
969 2225 1083 2266 (VII),
1111 2230 1142 2265 3,
1170 2230 1306 2258 36—38
1333 2232 1481 2258 servatus
1507 2232 1568 2263 est,

243 2294 359 2327 aperte
377 2287 424 2317 ita
440 2287 586 2327 respicit,
604 2292 640 2317 ut
656 2286 810 2318 Rhodios
827 2285 968 2318 Catonis
984 2288 1203 2329 disputationi
1229 2295 1444 2319 occurrentes
1470 2289 1569 2319 indu-

243 2353 319 2385 cat3
346 2347 416 2387 ipse
444 2347 600 2387 proximo
627 2349 734 2389 capite
761 2347 833 2388 (25,
856 2347 896 2388 2)
934 2346 1075 2379 Catonis
1101 2349 1288 2380 orationem
1314 2355 1392 2390 post
1416 2350 1570 2381 Rhodio-

230 2403 316 2439 'rum
361 2408 571 2447 orationem,
621 2419 722 2449 quum
766 2410 942 2442 sententiae
977 2410 1191 2448 dicerentur,
1243 2410 1394 2442 habitam
1440 2415 1567 2441 narrat.

245 2469 364 2510 (Apud
394 2469 539 2500 Gellium
579 2470 614 2500 in
659 2470 797 2502 Tironis
831 2470 940 2501 verbis
974 2471 993 2509 ἓ
1019 2474 1061 2502 35
1091 2481 1108 2502 e
1134 2472 1284 2511 vestigiis
1310 2472 1465 2502 codicum
1488 2470 1571 2513 [ue-

242 2530 365 2571 gavit
389 2539 496 2570 pene
523 2531 598 2561 sed
624 2531 796 2571 ignosci
823 2531 942 2573 quia]
969 2531 1070 2563 scribi
1089 2532 1208 2563 debet:
1233 2533 1410 2572 negavit
1436 2543 1570 2576 poena

242 2600 341 2624 esse
379 2590 549 2634 dignos,
600 2592 696 2631 quia
735 2592 776 2622 id
820 2601 900 2623 non
941 2592 1162 2626 fecissent.
1228 2593 1416 2633 Negavit
1453 2603 1570 2634 paene

241 2661 378 2682 sensum
405 2661 473 2682 non
501 2651 630 2691 habet.)
