<?xml version="1.0" encoding="UTF-8"?>
<!DOCTYPE html PUBLIC "-//W3C//DTD XHTML 1.0 Transitional//EN"
    "http://www.w3.org/TR/xhtml1/DTD/xhtml1-transitional.dtd">
<html xmlns="http://www.w3.org/1999/xhtml" xml:lang="en" lang="en">
 <head>
  <title>
</title>
<meta http-equiv="Content-Type" content="text/html;charset=utf-8" />
  <meta name='ocr-system' content='tesseract 3.04.00' />
  <meta name='ocr-capabilities' content='ocr_page ocr_carea ocr_par ocr_line ocrx_word'/>
</head>
<body>
  <div class='ocr_page' id='page_1' title='image "./emendationeslivi00madvuoft_0598.png"; bbox 0 0 1811 2925; ppageno 0'>
   <div class='ocr_carea' id='block_1_1' title="bbox 201 147 949 183">
    <p class='ocr_par' dir='ltr' id='par_1_1' title="bbox 201 147 949 183">
     <span class='ocr_line' id='line_1_1' title="bbox 201 147 949 183; baseline 0.004 -3"><span class='ocrx_word' id='word_1_1' title='bbox 201 150 276 181; x_wconf 86' lang='lat' dir='ltr'><strong>Lib.</strong></span> <span class='ocrx_word' id='word_1_2' title='bbox 297 149 407 180; x_wconf 88' lang='lat' dir='ltr'>XLV.</span> <span class='ocrx_word' id='word_1_3' title='bbox 873 147 949 183; x_wconf 82' lang='lat'>592</span> 
     </span>
    </p>
   </div>
   <div class='ocr_carea' id='block_1_2' title="bbox 200 266 1627 2719">
    <p class='ocr_par' dir='ltr' id='par_1_2' title="bbox 200 266 1627 2719">
     <span class='ocr_line' id='line_1_2' title="bbox 201 266 1621 317; baseline -0.004 -7"><span class='ocrx_word' id='word_1_4' title='bbox 201 273 418 311; x_wconf 83' lang='lat' dir='ltr'>ordinem</span> <span class='ocrx_word' id='word_1_5' title='bbox 451 271 596 308; x_wconf 87' lang='lat' dir='ltr'>edere</span> <span class='ocrx_word' id='word_1_6' title='bbox 628 269 853 317; x_wconf 81' lang='lat' dir='ltr'>(angeben)‚</span> <span class='ocrx_word' id='word_1_7' title='bbox 914 269 960 304; x_wconf 91' lang='lat' dir='ltr'>In</span> <span class='ocrx_word' id='word_1_8' title='bbox 992 266 1123 304; x_wconf 89' lang='lat' dir='ltr'>codice</span> <span class='ocrx_word' id='word_1_9' title='bbox 1155 274 1228 303; x_wconf 84' lang='lat' dir='ltr'>est:</span> <span class='ocrx_word' id='word_1_10' title='bbox 1259 268 1316 304; x_wconf 86' lang='lat' dir='ltr'>Et</span> <span class='ocrx_word' id='word_1_11' title='bbox 1349 268 1492 305; x_wconf 88' lang='lat' dir='ltr'>aliter</span> <span class='ocrx_word' id='word_1_12' title='bbox 1526 268 1621 305; x_wconf 89' lang='lat' dir='ltr'>edi-</span> 
     </span>
     <span class='ocr_line' id='line_1_3' title="bbox 201 337 1623 381; baseline -0.004 0"><span class='ocrx_word' id='word_1_13' title='bbox 201 351 293 381; x_wconf 81' lang='lat' dir='ltr'>tus.</span> <span class='ocrx_word' id='word_1_14' title='bbox 362 340 615 380; x_wconf 77' lang='lat' dir='ltr'>Scribendum</span> <span class='ocrx_word' id='word_1_15' title='bbox 649 339 817 376; x_wconf 91' lang='lat' dir='ltr'>videtur:</span> <span class='ocrx_word' id='word_1_16' title='bbox 850 340 908 376; x_wconf 87' lang='lat' dir='ltr'>Et</span> <span class='ocrx_word' id='word_1_17' title='bbox 941 338 1038 375; x_wconf 84' lang='lat' dir='ltr'>alia</span> <span class='ocrx_word' id='word_1_18' title='bbox 1069 337 1301 376; x_wconf 76' lang='lat' dir='ltr'>traditur,</span> <span class='ocrx_word' id='word_1_19' title='bbox 1372 340 1434 376; x_wconf 87' lang='lat' dir='ltr'>Ex</span> <span class='ocrx_word' id='word_1_20' title='bbox 1465 339 1623 376; x_wconf 87' lang='lat' dir='ltr'>aliatr</span> 
     </span>
     <span class='ocr_line' id='line_1_4' title="bbox 202 407 1624 459; baseline -0.004 -8"><span class='ocrx_word' id='word_1_21' title='bbox 202 421 327 452; x_wconf 85' lang='lat' dir='ltr'>ortum</span> <span class='ocrx_word' id='word_1_22' title='bbox 359 413 514 450; x_wconf 87' lang='lat' dir='ltr'>aliter.</span> <span class='ocrx_word' id='word_1_23' title='bbox 590 413 714 455; x_wconf 89' lang='lat' dir='ltr'>(Ante</span> <span class='ocrx_word' id='word_1_24' title='bbox 761 409 1030 459; x_wconf 82' lang='lat' dir='ltr'>Kreyssigium</span> <span class='ocrx_word' id='word_1_25' title='bbox 1074 407 1331 444; x_wconf 81' lang='lat' dir='ltr'>scribebatur:</span> <span class='ocrx_word' id='word_1_26' title='bbox 1377 409 1435 445; x_wconf 87' lang='lat' dir='ltr'>Et</span> <span class='ocrx_word' id='word_1_27' title='bbox 1474 409 1624 446; x_wconf 84' lang='lat' dir='ltr'>aliter</span> 
     </span>
     <span class='ocr_line' id='line_1_5' title="bbox 201 479 1593 530; baseline -0.004 -9"><span class='ocrx_word' id='word_1_28' title='bbox 201 485 428 522; x_wconf 78' lang='lat' dir='ltr'>traditur.</span> <span class='ocrx_word' id='word_1_29' title='bbox 490 483 673 520; x_wconf 79' lang='lat' dir='ltr'>Senserat</span> <span class='ocrx_word' id='word_1_30' title='bbox 704 480 897 530; x_wconf 85' lang='lat' dir='ltr'>Grynaeus</span> <span class='ocrx_word' id='word_1_31' title='bbox 927 479 1171 516; x_wconf 86' lang='lat' dir='ltr'>insolentiam</span> <span class='ocrx_word' id='word_1_32' title='bbox 1202 479 1240 514; x_wconf 88' lang='lat' dir='ltr'>in</span> <span class='ocrx_word' id='word_1_33' title='bbox 1275 479 1410 516; x_wconf 91' lang='lat' dir='ltr'>edendi</span> <span class='ocrx_word' id='word_1_34' title='bbox 1444 481 1593 527; x_wconf 87' lang='lat' dir='ltr'>verbo.)</span> 
     </span>
     <span class='ocr_line' id='line_1_6' title="bbox 314 549 1622 603; baseline -0.005 -11"><span class='ocrx_word' id='word_1_35' title='bbox 314 554 409 603; x_wconf 77' lang='lat' dir='ltr'>Cap.</span> <span class='ocrx_word' id='word_1_36' title='bbox 445 557 480 601; x_wconf 71' lang='lat'>2,</span> <span class='ocrx_word' id='word_1_37' title='bbox 513 555 558 590; x_wconf 83' lang='lat'>3:</span> <span class='ocrx_word' id='word_1_38' title='bbox 593 551 767 601; x_wconf 82' lang='lat' dir='ltr'>Legati</span> <span class='ocrx_word' id='word_1_39' title='bbox 800 550 840 600; x_wconf 82' lang='lat' dir='ltr'>(a</span> <span class='ocrx_word' id='word_1_40' title='bbox 870 551 916 588; x_wconf 88' lang='lat' dir='ltr'>L.</span> <span class='ocrx_word' id='word_1_41' title='bbox 952 549 1116 587; x_wconf 82' lang='lat' dir='ltr'>AEmilio</span> <span class='ocrx_word' id='word_1_42' title='bbox 1146 549 1301 586; x_wconf 86' lang='lat' dir='ltr'>consule</span> <span class='ocrx_word' id='word_1_43' title='bbox 1327 550 1497 587; x_wconf 88' lang='lat' dir='ltr'>victoriae</span> <span class='ocrx_word' id='word_1_44' title='bbox 1527 564 1622 587; x_wconf 86' lang='lat' dir='ltr'>nun-</span> 
     </span>
     <span class='ocr_line' id='line_1_7' title="bbox 201 620 1622 673; baseline -0.004 -11"><span class='ocrx_word' id='word_1_45' title='bbox 201 627 242 663; x_wconf 81' lang='lat' dir='ltr'>tii</span> <span class='ocrx_word' id='word_1_46' title='bbox 274 626 395 673; x_wconf 81' lang='lat' dir='ltr'>missi)</span> <span class='ocrx_word' id='word_1_47' title='bbox 437 656 445 664; x_wconf 91' lang='lat'><strong>.</strong></span> <span class='ocrx_word' id='word_1_48' title='bbox 467 657 502 663; x_wconf 90' lang='lat'>..</span> <span class='ocrx_word' id='word_1_49' title='bbox 540 624 586 660; x_wconf 89' lang='lat' dir='ltr'>in</span> <span class='ocrx_word' id='word_1_50' title='bbox 616 623 772 660; x_wconf 78' lang='lat' dir='ltr'>forum</span> <span class='ocrx_word' id='word_1_51' title='bbox 805 621 861 657; x_wconf 88' lang='lat' dir='ltr'>ad</span> <span class='ocrx_word' id='word_1_52' title='bbox 892 620 1112 657; x_wconf 86' lang='lat' dir='ltr'>tribunal</span> <span class='ocrx_word' id='word_1_53' title='bbox 1142 627 1482 669; x_wconf 83' lang='lat' dir='ltr'>perrexerunt.</span> <span class='ocrx_word' id='word_1_54' title='bbox 1529 621 1622 658; x_wconf 91' lang='lat' dir='ltr'>Plu-</span> 
     </span>
     <span class='ocr_line' id='line_1_8' title="bbox 201 690 1624 733; baseline -0.003 0"><span class='ocrx_word' id='word_1_55' title='bbox 201 709 246 733; x_wconf 87' lang='lat' dir='ltr'>ra</span> <span class='ocrx_word' id='word_1_56' title='bbox 275 703 384 732; x_wconf 85' lang='lat' dir='ltr'>erant</span> <span class='ocrx_word' id='word_1_57' title='bbox 413 696 451 732; x_wconf 91' lang='lat' dir='ltr'>in</span> <span class='ocrx_word' id='word_1_58' title='bbox 496 695 583 732; x_wconf 82' lang='lat' dir='ltr'>foro</span> <span class='ocrx_word' id='word_1_59' title='bbox 630 692 850 730; x_wconf 81' lang='lat' dir='ltr'>tribunalia.</span> <span class='ocrx_word' id='word_1_60' title='bbox 931 690 1083 728; x_wconf 85' lang='lat' dir='ltr'>Codex:</span> <span class='ocrx_word' id='word_1_61' title='bbox 1127 692 1173 727; x_wconf 90' lang='lat' dir='ltr'>in</span> <span class='ocrx_word' id='word_1_62' title='bbox 1223 691 1377 728; x_wconf 85' lang='lat' dir='ltr'>forum</span> <span class='ocrx_word' id='word_1_63' title='bbox 1426 698 1473 727; x_wconf 89' lang='lat' dir='ltr'>at</span> <span class='ocrx_word' id='word_1_64' title='bbox 1516 693 1624 729; x_wconf 87' lang='lat' dir='ltr'>urbi</span> 
     </span>
     <span class='ocr_line' id='line_1_9' title="bbox 201 760 1621 816; baseline -0.003 -12"><span class='ocrx_word' id='word_1_65' title='bbox 201 771 537 816; x_wconf 83' lang='lat' dir='ltr'>perrexerunt.</span> <span class='ocrx_word' id='word_1_66' title='bbox 598 765 681 801; x_wconf 85' lang='lat' dir='ltr'>Aut</span> <span class='ocrx_word' id='word_1_67' title='bbox 712 763 768 799; x_wconf 87' lang='lat' dir='ltr'>ad</span> <span class='ocrx_word' id='word_1_68' title='bbox 801 769 1054 811; x_wconf 86' lang='lat' dir='ltr'>praetorem</span> <span class='ocrx_word' id='word_1_69' title='bbox 1085 763 1318 799; x_wconf 86' lang='lat' dir='ltr'>urbanum</span> <span class='ocrx_word' id='word_1_70' title='bbox 1353 760 1621 811; x_wconf 82' lang='lat' dir='ltr'>(adpr.urb.</span> 
     </span>
     <span class='ocr_line' id='line_1_10' title="bbox 202 832 1622 886; baseline -0.004 -12"><span class='ocrx_word' id='word_1_71' title='bbox 202 844 267 874; x_wconf 85' lang='lat' dir='ltr'>aut</span> <span class='ocrx_word' id='word_1_72' title='bbox 298 834 623 886; x_wconf 40' lang='lat' dir='ltr'>ad·t1·ib[unal</span> <span class='ocrx_word' id='word_1_73' title='bbox 668 832 914 884; x_wconf 72' lang='lat' dir='ltr'>praetoris]</span> <span class='ocrx_word' id='word_1_74' title='bbox 954 835 1053 870; x_wconf 87' lang='lat' dir='ltr'>urb.</span> <span class='ocrx_word' id='word_1_75' title='bbox 1085 833 1239 870; x_wconf 84' lang='lat' dir='ltr'>Livium</span> <span class='ocrx_word' id='word_1_76' title='bbox 1273 833 1483 882; x_wconf 73' lang='lat' dir='ltr'>scripsisse,</span> <span class='ocrx_word' id='word_1_77' title='bbox 1513 834 1622 870; x_wconf 85' lang='lat' dir='ltr'>intel-</span> 
     </span>
     <span class='ocr_line' id='line_1_11' title="bbox 200 904 1622 956; baseline -0.002 -12"><span class='ocrx_word' id='word_1_78' title='bbox 200 908 329 956; x_wconf 81' lang='lat' dir='ltr'>ligitur</span> <span class='ocrx_word' id='word_1_79' title='bbox 360 921 379 944; x_wconf 88' lang='lat' dir='ltr'>e</span> <span class='ocrx_word' id='word_1_80' title='bbox 411 921 440 947; x_wconf 81' lang='lat' dir='ltr'>c,</span> <span class='ocrx_word' id='word_1_81' title='bbox 473 910 538 953; x_wconf 59' lang='lat'>214,</span> <span class='ocrx_word' id='word_1_82' title='bbox 572 909 612 943; x_wconf 80' lang='lat'>4:</span> <span class='ocrx_word' id='word_1_83' title='bbox 643 905 682 942; x_wconf 89' lang='lat' dir='ltr'>is</span> <span class='ocrx_word' id='word_1_84' title='bbox 714 905 907 951; x_wconf 75' lang='lat' dir='ltr'>(Prusias)</span> <span class='ocrx_word' id='word_1_85' title='bbox 1039 905 1095 940; x_wconf 87' lang='lat' dir='ltr'>ad</span> <span class='ocrx_word' id='word_1_86' title='bbox 1126 904 1283 941; x_wconf 83' lang='lat' dir='ltr'>forum</span> <span class='ocrx_word' id='word_1_87' title='bbox 1315 917 1338 940; x_wconf 89' lang='lat' dir='ltr'>a</span> <span class='ocrx_word' id='word_1_88' title='bbox 1368 911 1512 953; x_wconf 88' lang='lat' dir='ltr'>porta</span> <span class='ocrx_word' id='word_1_89' title='bbox 1542 905 1622 941; x_wconf 84' lang='lat' dir='ltr'>tri-</span> 
     </span>
     <span class='ocr_line' id='line_1_12' title="bbox 200 974 1623 1027; baseline -0.002 -12"><span class='ocrx_word' id='word_1_90' title='bbox 200 979 446 1027; x_wconf 86' lang='lat' dir='ltr'>bunalque</span> <span class='ocrx_word' id='word_1_91' title='bbox 477 979 523 1026; x_wconf 84' lang='lat' dir='ltr'>Q.</span> <span class='ocrx_word' id='word_1_92' title='bbox 556 976 717 1015; x_wconf 86' lang='lat' dir='ltr'>Cassii</span> <span class='ocrx_word' id='word_1_93' title='bbox 749 975 977 1024; x_wconf 84' lang='lat' dir='ltr'>praetoris</span> <span class='ocrx_word' id='word_1_94' title='bbox 1006 976 1243 1024; x_wconf 83' lang='lat' dir='ltr'>perrexit3</span> <span class='ocrx_word' id='word_1_95' title='bbox 1275 988 1364 1011; x_wconf 84' lang='lat' dir='ltr'>nam</span> <span class='ocrx_word' id='word_1_96' title='bbox 1397 975 1443 1022; x_wconf 80' lang='lat' dir='ltr'>Q.</span> <span class='ocrx_word' id='word_1_97' title='bbox 1466 974 1623 1012; x_wconf 77' lang='lat' dir='ltr'>Cassius</span> 
     </span>
     <span class='ocr_line' id='line_1_13' title="bbox 202 1045 1624 1091; baseline -0.003 -5"><span class='ocrx_word' id='word_1_98' title='bbox 202 1050 388 1086; x_wconf 86' lang='lat' dir='ltr'>urbanam</span> <span class='ocrx_word' id='word_1_99' title='bbox 419 1048 722 1085; x_wconf 82' lang='lat' dir='ltr'>iurisdictionem</span> <span class='ocrx_word' id='word_1_100' title='bbox 752 1046 934 1082; x_wconf 85' lang='lat' dir='ltr'>habebat.</span> <span class='ocrx_word' id='word_1_101' title='bbox 1000 1045 1086 1082; x_wconf 82' lang='lat' dir='ltr'>Lib.</span> <span class='ocrx_word' id='word_1_102' title='bbox 1124 1047 1306 1091; x_wconf 70' lang='lat' dir='ltr'>XXVII,</span> <span class='ocrx_word' id='word_1_103' title='bbox 1338 1049 1400 1090; x_wconf 73' lang='lat'>50,</span> <span class='ocrx_word' id='word_1_104' title='bbox 1435 1048 1456 1082; x_wconf 85' lang='lat'>9</span> <span class='ocrx_word' id='word_1_105' title='bbox 1488 1046 1624 1083; x_wconf 84' lang='lat' dir='ltr'>litterae</span> 
     </span>
     <span class='ocr_line' id='line_1_14' title="bbox 202 1116 1621 1169; baseline -0.001 -16"><span class='ocrx_word' id='word_1_106' title='bbox 202 1120 379 1156; x_wconf 81' lang='lat' dir='ltr'>dicuntur</span> <span class='ocrx_word' id='word_1_107' title='bbox 423 1134 506 1169; x_wconf 89' lang='lat' dir='ltr'>per</span> <span class='ocrx_word' id='word_1_108' title='bbox 551 1119 706 1156; x_wconf 84' lang='lat' dir='ltr'>forum</span> <span class='ocrx_word' id='word_1_109' title='bbox 752 1117 808 1153; x_wconf 88' lang='lat' dir='ltr'>ad</span> <span class='ocrx_word' id='word_1_110' title='bbox 851 1116 1071 1152; x_wconf 84' lang='lat' dir='ltr'>tribunal</span> <span class='ocrx_word' id='word_1_111' title='bbox 1104 1117 1327 1165; x_wconf 84' lang='lat' dir='ltr'>praetoris</span> <span class='ocrx_word' id='word_1_112' title='bbox 1358 1117 1466 1153; x_wconf 84' lang='lat' dir='ltr'>latae</span> <span class='ocrx_word' id='word_1_113' title='bbox 1517 1117 1621 1161; x_wconf 86' lang='lat' dir='ltr'>(Put.</span> 
     </span>
     <span class='ocr_line' id='line_1_15' title="bbox 200 1187 1622 1239; baseline -0.004 -12"><span class='ocrx_word' id='word_1_114' title='bbox 200 1191 419 1228; x_wconf 79' lang='lat' dir='ltr'>tribunal</span> <span class='ocrx_word' id='word_1_115' title='bbox 452 1190 690 1239; x_wconf 82' lang='lat' dir='ltr'>perlatae);</span> <span class='ocrx_word' id='word_1_116' title='bbox 722 1188 912 1224; x_wconf 85' lang='lat' dir='ltr'>urbanum</span> <span class='ocrx_word' id='word_1_117' title='bbox 944 1187 1104 1235; x_wconf 83' lang='lat' dir='ltr'>intelligi</span> <span class='ocrx_word' id='word_1_118' title='bbox 1121 1187 1251 1224; x_wconf 86' lang='lat' dir='ltr'>Livius</span> <span class='ocrx_word' id='word_1_119' title='bbox 1283 1187 1417 1232; x_wconf 72' lang='lat' dir='ltr'>voluit‚</span> <span class='ocrx_word' id='word_1_120' title='bbox 1448 1187 1522 1223; x_wconf 86' lang='lat' dir='ltr'>nisi</span> <span class='ocrx_word' id='word_1_121' title='bbox 1555 1199 1622 1223; x_wconf 86' lang='lat' dir='ltr'>ex—</span> 
     </span>
     <span class='ocr_line' id='line_1_16' title="bbox 203 1256 1622 1308; baseline -0.004 -10"><span class='ocrx_word' id='word_1_122' title='bbox 203 1262 293 1298; x_wconf 81' lang='lat' dir='ltr'>cidit</span> <span class='ocrx_word' id='word_1_123' title='bbox 323 1263 421 1297; x_wconf 91' lang='lat' dir='ltr'>urb.</span> <span class='ocrx_word' id='word_1_124' title='bbox 537 1259 662 1297; x_wconf 83' lang='lat' dir='ltr'>Paulo</span> <span class='ocrx_word' id='word_1_125' title='bbox 694 1265 783 1308; x_wconf 82' lang='lat' dir='ltr'>post</span> <span class='ocrx_word' id='word_1_126' title='bbox 834 1261 870 1303; x_wconf 70' lang='grc' dir='ltr'>(ξ</span> <span class='ocrx_word' id='word_1_127' title='bbox 916 1257 954 1305; x_wconf 83' lang='grc'>5)</span> <span class='ocrx_word' id='word_1_128' title='bbox 1002 1256 1119 1305; x_wconf 78' lang='lat' dir='ltr'>legati</span> <span class='ocrx_word' id='word_1_129' title='bbox 1162 1257 1386 1305; x_wconf 72' lang='lat' dir='ltr'>exposuisse</span> <span class='ocrx_word' id='word_1_130' title='bbox 1434 1258 1622 1302; x_wconf 76' lang='lat' dir='ltr'>dicuntur,</span> 
     </span>
     <span class='ocr_line' id='line_1_17' title="bbox 203 1328 1624 1380; baseline -0.004 -11"><span class='ocrx_word' id='word_1_131' title='bbox 203 1345 338 1380; x_wconf 87' lang='lat' dir='ltr'>quam</span> <span class='ocrx_word' id='word_1_132' title='bbox 370 1345 467 1369; x_wconf 76' lang='lat' dir='ltr'>cuin</span> <span class='ocrx_word' id='word_1_133' title='bbox 500 1330 670 1379; x_wconf 82' lang='lat' dir='ltr'>paucis</span> <span class='ocrx_word' id='word_1_134' title='bbox 701 1342 785 1365; x_wconf 85' lang='lat' dir='ltr'>rex</span> <span class='ocrx_word' id='word_1_135' title='bbox 815 1328 1040 1376; x_wconf 81' lang='lat' dir='ltr'>fugisset.</span> <span class='ocrx_word' id='word_1_136' title='bbox 1117 1328 1208 1365; x_wconf 89' lang='lat' dir='ltr'>Non</span> <span class='ocrx_word' id='word_1_137' title='bbox 1250 1328 1458 1364; x_wconf 82' lang='lat' dir='ltr'>admodum</span> <span class='ocrx_word' id='word_1_138' title='bbox 1497 1328 1624 1377; x_wconf 84' lang='lat' dir='ltr'>placet</span> 
     </span>
     <span class='ocr_line' id='line_1_18' title="bbox 202 1398 1622 1450; baseline -0.004 -11"><span class='ocrx_word' id='word_1_139' title='bbox 202 1403 281 1438; x_wconf 82' lang='lat' dir='ltr'>haec</span> <span class='ocrx_word' id='word_1_140' title='bbox 311 1401 516 1450; x_wconf 77' lang='lat' dir='ltr'>paucitatis</span> <span class='ocrx_word' id='word_1_141' title='bbox 547 1400 691 1436; x_wconf 86' lang='lat' dir='ltr'>mentio</span> <span class='ocrx_word' id='word_1_142' title='bbox 723 1399 896 1436; x_wconf 85' lang='lat' dir='ltr'>subiecta</span> <span class='ocrx_word' id='word_1_143' title='bbox 926 1398 1103 1447; x_wconf 83' lang='lat' dir='ltr'>proxime</span> <span class='ocrx_word' id='word_1_144' title='bbox 1134 1398 1229 1434; x_wconf 87' lang='lat' dir='ltr'>illis:</span> <span class='ocrx_word' id='word_1_145' title='bbox 1277 1411 1413 1446; x_wconf 87' lang='lat' dir='ltr'>quam</span> <span class='ocrx_word' id='word_1_146' title='bbox 1447 1411 1622 1447; x_wconf 89' lang='lat' dir='ltr'>pauco-</span> 
     </span>
     <span class='ocr_line' id='line_1_19' title="bbox 200 1467 1621 1517; baseline -0.004 -7"><span class='ocrx_word' id='word_1_147' title='bbox 200 1487 300 1510; x_wconf 88' lang='lat' dir='ltr'>rum</span> <span class='ocrx_word' id='word_1_148' title='bbox 335 1473 537 1509; x_wconf 86' lang='lat' dir='ltr'>militum</span> <span class='ocrx_word' id='word_1_149' title='bbox 582 1471 780 1507; x_wconf 81' lang='lat' dir='ltr'>iactura</span> <span class='ocrx_word' id='word_1_150' title='bbox 821 1476 959 1506; x_wconf 85' lang='lat' dir='ltr'>tanta</span> <span class='ocrx_word' id='word_1_151' title='bbox 1002 1469 1214 1505; x_wconf 86' lang='lat' dir='ltr'>hostium</span> <span class='ocrx_word' id='word_1_152' title='bbox 1251 1476 1446 1517; x_wconf 80' lang='lat' dir='ltr'>strages</span> <span class='ocrx_word' id='word_1_153' title='bbox 1478 1467 1621 1505; x_wconf 83' lang='lat' dir='ltr'>sacta.</span> 
     </span>
     <span class='ocr_line' id='line_1_20' title="bbox 201 1539 1624 1592; baseline -0.005 -11"><span class='ocrx_word' id='word_1_154' title='bbox 201 1545 352 1582; x_wconf 84' lang='lat' dir='ltr'>Codex:</span> <span class='ocrx_word' id='word_1_155' title='bbox 385 1556 520 1592; x_wconf 86' lang='lat' dir='ltr'>quam</span> <span class='ocrx_word' id='word_1_156' title='bbox 552 1540 697 1590; x_wconf 81' lang='lat' dir='ltr'>pauci</span> <span class='ocrx_word' id='word_1_157' title='bbox 727 1554 813 1577; x_wconf 83' lang='lat' dir='ltr'>rex</span> <span class='ocrx_word' id='word_1_158' title='bbox 847 1540 1078 1588; x_wconf 82' lang='lat' dir='ltr'>fugisset.</span> <span class='ocrx_word' id='word_1_159' title='bbox 1141 1539 1302 1588; x_wconf 59' lang='lat' dir='ltr'>Opinon</span> <span class='ocrx_word' id='word_1_160' title='bbox 1327 1539 1477 1576; x_wconf 85' lang='lat' dir='ltr'>Livium</span> <span class='ocrx_word' id='word_1_161' title='bbox 1502 1539 1624 1588; x_wconf 85' lang='lat' dir='ltr'>scrip-</span> 
     </span>
     <span class='ocr_line' id='line_1_21' title="bbox 200 1609 1623 1665; baseline -0.005 -13"><span class='ocrx_word' id='word_1_162' title='bbox 200 1616 312 1652; x_wconf 82' lang='lat' dir='ltr'>sisse:</span> <span class='ocrx_word' id='word_1_163' title='bbox 357 1626 493 1662; x_wconf 80' lang='lat' dir='ltr'>quarn</span> <span class='ocrx_word' id='word_1_164' title='bbox 539 1613 715 1665; x_wconf 79' lang='lat' dir='ltr'>pauide</span> <span class='ocrx_word' id='word_1_165' title='bbox 760 1625 842 1648; x_wconf 83' lang='lat' dir='ltr'>rex</span> <span class='ocrx_word' id='word_1_166' title='bbox 891 1610 1117 1659; x_wconf 66' lang='lat' dir='ltr'>fugisset..</span> <span class='ocrx_word' id='word_1_167' title='bbox 1201 1611 1302 1647; x_wconf 79' lang='lat' dir='ltr'>Turn</span> <span class='ocrx_word' id='word_1_168' title='bbox 1348 1613 1366 1655; x_wconf 65' lang='grc' dir='ltr'>ξ</span> <span class='ocrx_word' id='word_1_169' title='bbox 1403 1611 1450 1654; x_wconf 70' lang='lat'>9,</span> <span class='ocrx_word' id='word_1_170' title='bbox 1480 1609 1546 1645; x_wconf 84' lang='lat' dir='ltr'>ubi</span> <span class='ocrx_word' id='word_1_171' title='bbox 1577 1609 1623 1645; x_wconf 90' lang='lat' dir='ltr'>de</span> 
     </span>
     <span class='ocr_line' id='line_1_22' title="bbox 201 1680 1624 1732; baseline -0.005 -10"><span class='ocrx_word' id='word_1_172' title='bbox 201 1686 289 1723; x_wconf 88' lang='lat' dir='ltr'>belli</span> <span class='ocrx_word' id='word_1_173' title='bbox 321 1697 414 1721; x_wconf 85' lang='lat' dir='ltr'>cura</span> <span class='ocrx_word' id='word_1_174' title='bbox 445 1690 481 1720; x_wconf 87' lang='lat' dir='ltr'>et</span> <span class='ocrx_word' id='word_1_175' title='bbox 512 1690 707 1732; x_wconf 85' lang='lat' dir='ltr'>apparatu</span> <span class='ocrx_word' id='word_1_176' title='bbox 738 1682 881 1719; x_wconf 81' lang='lat' dir='ltr'>omisso</span> <span class='ocrx_word' id='word_1_177' title='bbox 913 1680 1132 1729; x_wconf 80' lang='lat' dir='ltr'>exponitur,</span> <span class='ocrx_word' id='word_1_178' title='bbox 1184 1682 1264 1717; x_wconf 80' lang='lat' dir='ltr'>haec</span> <span class='ocrx_word' id='word_1_179' title='bbox 1294 1681 1490 1729; x_wconf 82' lang='lat' dir='ltr'>leguntur:</span> <span class='ocrx_word' id='word_1_180' title='bbox 1535 1681 1624 1716; x_wconf 81' lang='lat' dir='ltr'>Na-</span> 
     </span>
     <span class='ocr_line' id='line_1_23' title="bbox 200 1752 1624 1803; baseline -0.004 -11"><span class='ocrx_word' id='word_1_181' title='bbox 200 1768 296 1801; x_wconf 70' lang='lat' dir='ltr'>ves,</span> <span class='ocrx_word' id='word_1_182' title='bbox 328 1768 427 1803; x_wconf 84' lang='lat' dir='ltr'>quae</span> <span class='ocrx_word' id='word_1_183' title='bbox 458 1755 502 1791; x_wconf 90' lang='lat' dir='ltr'>in</span> <span class='ocrx_word' id='word_1_184' title='bbox 534 1754 706 1791; x_wconf 87' lang='lat' dir='ltr'>Tiberi</span> <span class='ocrx_word' id='word_1_185' title='bbox 738 1759 920 1803; x_wconf 80' lang='lat' dir='ltr'>paratae</span> <span class='ocrx_word' id='word_1_186' title='bbox 951 1752 1300 1799; x_wconf 80' lang='lat' dir='ltr'>instructaeque</span> <span class='ocrx_word' id='word_1_187' title='bbox 1323 1752 1624 1796; x_wconf 47' lang='lat' dir='ltr'>stabant2ut,</span> 
     </span>
     <span class='ocr_line' id='line_1_24' title="bbox 201 1822 1625 1875; baseline -0.005 -12"><span class='ocrx_word' id='word_1_188' title='bbox 201 1828 239 1863; x_wconf 87' lang='lat' dir='ltr'>si</span> <span class='ocrx_word' id='word_1_189' title='bbox 269 1840 353 1863; x_wconf 87' lang='lat' dir='ltr'>rex</span> <span class='ocrx_word' id='word_1_190' title='bbox 383 1832 550 1875; x_wconf 85' lang='lat' dir='ltr'>posset</span> <span class='ocrx_word' id='word_1_191' title='bbox 579 1825 838 1868; x_wconf 71' lang='lat' dir='ltr'>resistere,</span> <span class='ocrx_word' id='word_1_192' title='bbox 869 1823 913 1859; x_wconf 89' lang='lat' dir='ltr'>in</span> <span class='ocrx_word' id='word_1_193' title='bbox 938 1822 1276 1859; x_wconf 79' lang='lat' dir='ltr'>Macedoniam</span> <span class='ocrx_word' id='word_1_194' title='bbox 1299 1822 1625 1865; x_wconf 69' lang='lat' dir='ltr'>mitterentur,</span> 
     </span>
     <span class='ocr_line' id='line_1_25' title="bbox 201 1890 1625 1941; baseline -0.006 -6"><span class='ocrx_word' id='word_1_195' title='bbox 201 1896 401 1934; x_wconf 85' lang='lat' dir='ltr'>subduci</span> <span class='ocrx_word' id='word_1_196' title='bbox 434 1903 477 1932; x_wconf 87' lang='lat' dir='ltr'>et</span> <span class='ocrx_word' id='word_1_197' title='bbox 506 1895 550 1931; x_wconf 90' lang='lat' dir='ltr'>in</span> <span class='ocrx_word' id='word_1_198' title='bbox 582 1894 851 1931; x_wconf 86' lang='lat' dir='ltr'>navalibus</span> <span class='ocrx_word' id='word_1_199' title='bbox 883 1892 1125 1930; x_wconf 87' lang='lat' dir='ltr'>collocari</span> <span class='ocrx_word' id='word_1_200' title='bbox 1272 1891 1475 1941; x_wconf 84' lang='lat' dir='ltr'>placuit.</span> <span class='ocrx_word' id='word_1_201' title='bbox 1540 1890 1625 1926; x_wconf 87' lang='lat' dir='ltr'>Nec</span> 
     </span>
     <span class='ocr_line' id='line_1_26' title="bbox 201 1960 1625 2016; baseline -0.005 -13"><span class='ocrx_word' id='word_1_202' title='bbox 201 1968 331 2016; x_wconf 83' lang='lat' dir='ltr'>regis</span> <span class='ocrx_word' id='word_1_203' title='bbox 374 1966 528 2002; x_wconf 85' lang='lat' dir='ltr'>nomine</span> <span class='ocrx_word' id='word_1_204' title='bbox 573 1970 651 2002; x_wconf 85' lang='lat' dir='ltr'>tam</span> <span class='ocrx_word' id='word_1_205' title='bbox 703 1965 804 2001; x_wconf 89' lang='lat' dir='ltr'>nude</span> <span class='ocrx_word' id='word_1_206' title='bbox 835 1966 1002 2001; x_wconf 78' lang='lat' dir='ltr'>Perseus</span> <span class='ocrx_word' id='word_1_207' title='bbox 1046 1963 1106 1999; x_wconf 85' lang='lat' dir='ltr'>hie</span> <span class='ocrx_word' id='word_1_208' title='bbox 1136 1962 1342 2010; x_wconf 80' lang='lat' dir='ltr'>significari</span> <span class='ocrx_word' id='word_1_209' title='bbox 1380 1966 1556 2010; x_wconf 74' lang='lat' dir='ltr'>poterat,</span> <span class='ocrx_word' id='word_1_210' title='bbox 1586 1960 1625 1996; x_wconf 90' lang='lat' dir='ltr'>in</span> 
     </span>
     <span class='ocr_line' id='line_1_27' title="bbox 200 2031 1625 2086; baseline -0.006 -12"><span class='ocrx_word' id='word_1_211' title='bbox 200 2037 388 2086; x_wconf 84' lang='lat' dir='ltr'>proximis</span> <span class='ocrx_word' id='word_1_212' title='bbox 418 2049 494 2073; x_wconf 90' lang='lat' dir='ltr'>non</span> <span class='ocrx_word' id='word_1_213' title='bbox 525 2041 879 2079; x_wconf 70' lang='lat' dir='ltr'>commemoratus,</span> <span class='ocrx_word' id='word_1_214' title='bbox 924 2047 993 2070; x_wconf 85' lang='lat' dir='ltr'>nec</span> <span class='ocrx_word' id='word_1_215' title='bbox 1023 2034 1288 2078; x_wconf 67' lang='lat' dir='ltr'>resistere,</span> <span class='ocrx_word' id='word_1_216' title='bbox 1327 2032 1466 2069; x_wconf 87' lang='lat' dir='ltr'>nedum</span> <span class='ocrx_word' id='word_1_217' title='bbox 1497 2031 1625 2067; x_wconf 90' lang='lat' dir='ltr'>resi-</span> 
     </span>
     <span class='ocr_line' id='line_1_28' title="bbox 202 2100 1625 2156; baseline -0.006 -11"><span class='ocrx_word' id='word_1_218' title='bbox 202 2114 328 2145; x_wconf 86' lang='lat' dir='ltr'>stere</span> <span class='ocrx_word' id='word_1_219' title='bbox 360 2112 525 2156; x_wconf 83' lang='lat' dir='ltr'>posset</span> <span class='ocrx_word' id='word_1_220' title='bbox 558 2113 689 2155; x_wconf 82' lang='lat' dir='ltr'>aptum</span> <span class='ocrx_word' id='word_1_221' title='bbox 723 2111 780 2142; x_wconf 89' lang='lat' dir='ltr'>est</span> <span class='ocrx_word' id='word_1_222' title='bbox 818 2105 866 2141; x_wconf 84' lang='lat' dir='ltr'>ad</span> <span class='ocrx_word' id='word_1_223' title='bbox 898 2104 1083 2140; x_wconf 80' lang='lat' dir='ltr'>maiorem</span> <span class='ocrx_word' id='word_1_224' title='bbox 1114 2104 1204 2140; x_wconf 91' lang='lat' dir='ltr'>belli</span> <span class='ocrx_word' id='word_1_225' title='bbox 1234 2104 1374 2140; x_wconf 86' lang='lat' dir='ltr'>molem</span> <span class='ocrx_word' id='word_1_226' title='bbox 1407 2107 1441 2138; x_wconf 86' lang='lat' dir='ltr'>et</span> <span class='ocrx_word' id='word_1_227' title='bbox 1473 2100 1625 2150; x_wconf 89' lang='lat' dir='ltr'>pericu-</span> 
     </span>
     <span class='ocr_line' id='line_1_29' title="bbox 201 2171 1626 2226; baseline -0.006 -11"><span class='ocrx_word' id='word_1_228' title='bbox 201 2179 278 2215; x_wconf 89' lang='lat' dir='ltr'>lum</span> <span class='ocrx_word' id='word_1_229' title='bbox 312 2178 629 2226; x_wconf 67' lang='lat' dir='ltr'>significandum⁷</span> <span class='ocrx_word' id='word_1_230' title='bbox 676 2183 743 2212; x_wconf 83' lang='lat' dir='ltr'>aut</span> <span class='ocrx_word' id='word_1_231' title='bbox 774 2175 930 2212; x_wconf 84' lang='lat' dir='ltr'>omnino</span> <span class='ocrx_word' id='word_1_232' title='bbox 961 2175 999 2210; x_wconf 91' lang='lat' dir='ltr'>in</span> <span class='ocrx_word' id='word_1_233' title='bbox 1038 2175 1111 2210; x_wconf 83' lang='lat' dir='ltr'>hac</span> <span class='ocrx_word' id='word_1_234' title='bbox 1141 2187 1182 2210; x_wconf 89' lang='lat' dir='ltr'>re</span> <span class='ocrx_word' id='word_1_235' title='bbox 1214 2175 1276 2220; x_wconf 87' lang='lat' dir='ltr'>(de</span> <span class='ocrx_word' id='word_1_236' title='bbox 1306 2172 1504 2221; x_wconf 83' lang='lat' dir='ltr'>aequandis</span> <span class='ocrx_word' id='word_1_237' title='bbox 1537 2171 1626 2208; x_wconf 92' lang='lat' dir='ltr'>belli</span> 
     </span>
     <span class='ocr_line' id='line_1_30' title="bbox 202 2244 1627 2295; baseline -0.005 -10"><span class='ocrx_word' id='word_1_238' title='bbox 202 2248 364 2295; x_wconf 79' lang='lat' dir='ltr'>viribus)</span> <span class='ocrx_word' id='word_1_239' title='bbox 397 2249 523 2284; x_wconf 87' lang='lat' dir='ltr'>locum</span> <span class='ocrx_word' id='word_1_240' title='bbox 555 2248 684 2284; x_wconf 82' lang='lat' dir='ltr'>habet.</span> <span class='ocrx_word' id='word_1_241' title='bbox 759 2247 806 2282; x_wconf 87' lang='lat' dir='ltr'>In</span> <span class='ocrx_word' id='word_1_242' title='bbox 837 2245 968 2282; x_wconf 83' lang='lat' dir='ltr'>codice</span> <span class='ocrx_word' id='word_1_243' title='bbox 1012 2245 1210 2281; x_wconf 83' lang='lat' dir='ltr'>scribitur:</span> <span class='ocrx_word' id='word_1_244' title='bbox 1260 2244 1299 2280; x_wconf 87' lang='lat' dir='ltr'>si</span> <span class='ocrx_word' id='word_1_245' title='bbox 1338 2255 1414 2280; x_wconf 89' lang='lat' dir='ltr'>res</span> <span class='ocrx_word' id='word_1_246' title='bbox 1458 2247 1627 2291; x_wconf 84' lang='lat' dir='ltr'>posset</span> 
     </span>
     <span class='ocr_line' id='line_1_31' title="bbox 201 2313 1625 2366; baseline -0.006 -10"><span class='ocrx_word' id='word_1_247' title='bbox 201 2319 451 2356; x_wconf 81' lang='lat' dir='ltr'>resistere.</span> <span class='ocrx_word' id='word_1_248' title='bbox 512 2318 729 2366; x_wconf 77' lang='lat' dir='ltr'>Scripserat</span> <span class='ocrx_word' id='word_1_249' title='bbox 755 2316 905 2352; x_wconf 80' lang='lat' dir='ltr'>Livius:</span> <span class='ocrx_word' id='word_1_250' title='bbox 937 2316 978 2351; x_wconf 84' lang='lat' dir='ltr'>si</span> <span class='ocrx_word' id='word_1_251' title='bbox 1007 2328 1082 2352; x_wconf 91' lang='lat' dir='ltr'>res</span> <span class='ocrx_word' id='word_1_252' title='bbox 1113 2327 1326 2364; x_wconf 86' lang='lat' dir='ltr'>poscere</span> <span class='ocrx_word' id='word_1_253' title='bbox 1358 2313 1625 2349; x_wconf 85' lang='lat' dir='ltr'>videretur.</span> 
     </span>
     <span class='ocr_line' id='line_1_32' title="bbox 204 2384 1569 2437; baseline -0.007 -11"><span class='ocrx_word' id='word_1_254' title='bbox 204 2390 375 2426; x_wconf 82' lang='lat' dir='ltr'>Primum</span> <span class='ocrx_word' id='word_1_255' title='bbox 408 2401 456 2424; x_wconf 85' lang='lat' dir='ltr'>ex</span> <span class='ocrx_word' id='word_1_256' title='bbox 485 2401 700 2437; x_wconf 84' lang='lat' dir='ltr'>poscere</span> <span class='ocrx_word' id='word_1_257' title='bbox 732 2386 877 2423; x_wconf 82' lang='lat' dir='ltr'>factum</span> <span class='ocrx_word' id='word_1_258' title='bbox 909 2398 1052 2435; x_wconf 82' lang='lat' dir='ltr'>posse</span> <span class='ocrx_word' id='word_1_259' title='bbox 1081 2399 1145 2430; x_wconf 76' lang='lat' dir='ltr'>re,</span> <span class='ocrx_word' id='word_1_260' title='bbox 1176 2393 1257 2421; x_wconf 86' lang='lat' dir='ltr'>tum</span> <span class='ocrx_word' id='word_1_261' title='bbox 1289 2384 1436 2431; x_wconf 70' lang='lat' dir='ltr'>reliqua</span> <span class='ocrx_word' id='word_1_262' title='bbox 1465 2388 1569 2417; x_wconf 88' lang='lat' dir='ltr'>nata.</span> 
     </span>
     <span class='ocr_line' id='line_1_33' title="bbox 315 2452 1625 2507; baseline -0.008 -12"><span class='ocrx_word' id='word_1_263' title='bbox 315 2458 411 2507; x_wconf 78' lang='lat' dir='ltr'>Cap.</span> <span class='ocrx_word' id='word_1_264' title='bbox 446 2460 482 2503; x_wconf 69' lang='lat'>3,</span> <span class='ocrx_word' id='word_1_265' title='bbox 516 2462 536 2495; x_wconf 85' lang='lat'>5</span> <span class='ocrx_word' id='word_1_266' title='bbox 565 2459 621 2506; x_wconf 77' lang='lat' dir='ltr'>(in</span> <span class='ocrx_word' id='word_1_267' title='bbox 653 2457 830 2494; x_wconf 81' lang='lat' dir='ltr'>oratione</span> <span class='ocrx_word' id='word_1_268' title='bbox 860 2455 1137 2505; x_wconf 69' lang='lat' dir='ltr'>Agesipolidis,</span> <span class='ocrx_word' id='word_1_269' title='bbox 1167 2455 1282 2504; x_wconf 83' lang='lat' dir='ltr'>legati</span> <span class='ocrx_word' id='word_1_270' title='bbox 1304 2452 1488 2496; x_wconf 62' lang='lat' dir='ltr'>Rhodio:</span> <span class='ocrx_word' id='word_1_271' title='bbox 1510 2452 1625 2488; x_wconf 87' lang='lat' dir='ltr'>For-</span> 
     </span>
     <span class='ocr_line' id='line_1_34' title="bbox 203 2521 1625 2577; baseline -0.006 -11"><span class='ocrx_word' id='word_1_272' title='bbox 203 2537 361 2566; x_wconf 83' lang='lat' dir='ltr'>tunam</span> <span class='ocrx_word' id='word_1_273' title='bbox 393 2530 603 2577; x_wconf 87' lang='lat' dir='ltr'>perbene</span> <span class='ocrx_word' id='word_1_274' title='bbox 633 2528 838 2573; x_wconf 80' lang='lat' dir='ltr'>fecisse,</span> <span class='ocrx_word' id='word_1_275' title='bbox 870 2528 1089 2576; x_wconf 52' lang='lat' dir='ltr'>quando:</span> <span class='ocrx_word' id='word_1_276' title='bbox 1121 2524 1267 2561; x_wconf 84' lang='lat' dir='ltr'>finito</span> <span class='ocrx_word' id='word_1_277' title='bbox 1298 2524 1444 2560; x_wconf 86' lang='lat' dir='ltr'>aliter</span> <span class='ocrx_word' id='word_1_278' title='bbox 1474 2521 1625 2566; x_wconf 83' lang='lat' dir='ltr'>bello,</span> 
     </span>
     <span class='ocr_line' id='line_1_35' title="bbox 202 2593 1625 2649; baseline -0.006 -12"><span class='ocrx_word' id='word_1_279' title='bbox 202 2599 492 2649; x_wconf 81' lang='lat' dir='ltr'>gratulandi</span> <span class='ocrx_word' id='word_1_280' title='bbox 532 2599 628 2636; x_wconf 84' lang='lat' dir='ltr'>sibi</span> <span class='ocrx_word' id='word_1_281' title='bbox 670 2598 724 2634; x_wconf 87' lang='lat' dir='ltr'>de</span> <span class='ocrx_word' id='word_1_282' title='bbox 768 2597 983 2634; x_wconf 82' lang='lat' dir='ltr'>victoria</span> <span class='ocrx_word' id='word_1_283' title='bbox 1029 2595 1228 2644; x_wconf 81' lang='lat' dir='ltr'>egregia</span> <span class='ocrx_word' id='word_1_284' title='bbox 1262 2593 1496 2632; x_wconf 82' lang='lat' dir='ltr'>Romanis</span> <span class='ocrx_word' id='word_1_285' title='bbox 1541 2605 1625 2641; x_wconf 91' lang='lat' dir='ltr'>op-</span> 
     </span>
     <span class='ocr_line' id='line_1_36' title="bbox 202 2662 1626 2719; baseline -0.006 -12"><span class='ocrx_word' id='word_1_286' title='bbox 202 2670 557 2719; x_wconf 84' lang='lat' dir='ltr'>portunitatem</span> <span class='ocrx_word' id='word_1_287' title='bbox 588 2668 819 2705; x_wconf 82' lang='lat' dir='ltr'>dedisset.</span> <span class='ocrx_word' id='word_1_288' title='bbox 863 2668 999 2716; x_wconf 86' lang='lat' dir='ltr'>Inepte</span> <span class='ocrx_word' id='word_1_289' title='bbox 1014 2665 1329 2703; x_wconf 82' lang='lat' dir='ltr'>huiusmodilaus</span> <span class='ocrx_word' id='word_1_290' title='bbox 1342 2670 1419 2700; x_wconf 87' lang='lat' dir='ltr'>tam</span> <span class='ocrx_word' id='word_1_291' title='bbox 1453 2662 1626 2699; x_wconf 85' lang='lat' dir='ltr'>modeste</span> 
     </span>
    </p>
   </div>
  </div>
 </body>
</html>
