1811 2925
793 146 862 182 161
1290 145 1365 176 Lib.
1393 145 1490 177 VIII.

117 280 194 304 non
225 267 325 307 licet..
398 268 646 317 Quamquam
684 268 784 305 enim
817 267 1091 305 incredibiliter
1129 267 1290 306 confusa
1330 268 1472 306 fabulis
1503 277 1539 307 et

117 339 303 388 augendis
332 341 448 376 rebus
477 340 819 388 permutandisque
849 346 906 376 est
937 339 1061 376 omnis
1091 339 1181 376 belli
1212 340 1339 377 Latini
1370 348 1408 377 et
1423 340 1538 378 Cam-

116 410 209 458 pani
246 410 408 447 historia
446 410 511 460 (de
542 424 619 460 quo
650 410 743 448 satis
785 412 820 449 h.
853 411 877 447 l.
923 410 995 447 erit
1026 418 1255 459 argumenta
1301 413 1539 461 requirentes

118 480 167 517 ad
184 493 230 517 ea
253 481 447 530 ablegare,
479 493 564 529 quae
594 482 669 518 Th.
702 482 983 518 Mommsenius
999 482 1100 518 Hist.
1116 482 1228 519 Rom.
1246 482 1324 520 vol.
1362 486 1375 520 1
1397 496 1434 532 p.
1459 484 1538 520 328

116 552 175 590 ed.
209 552 276 590 alt.
308 552 526 601 exposuit),
578 559 707 589 tamen
755 565 952 601 nunquam
997 552 1167 589 animum
1208 553 1388 591 inducere
1419 555 1539 603 potui,

115 623 223 660 utin
255 623 458 660 annalibus
490 623 558 668 iis,
598 624 736 672 quibus
767 624 902 661 Livius
944 636 1036 660 usus
1079 630 1156 669 est,
1198 624 1381 661 traditum
1421 624 1539 662 fuisse

115 694 290 740 credam,
319 707 492 743 pugnam
523 707 632 739 eam,
679 695 717 732 in
758 709 835 744 qua
864 697 910 732 P.
941 695 1086 732 Decius
1117 695 1206 731 Mus
1248 695 1451 733 devovisse
1499 708 1540 733 se

116 772 308 810 narratur,
324 772 538 814 pugnatam
571 777 653 802 esse
684 767 808 802 haud
847 766 1018 815 procul
1047 766 1301 802 radicibus
1333 767 1541 803 Vesuvii

118 836 312 879 niont.is;
360 837 520 885 ipseque
551 837 650 873 adeo
685 837 818 873 Livius
857 837 948 885 quid
979 836 1196 885 scripserih
1238 837 1427 874 dubitatio
1459 839 1540 874 ani-

115 921 178 944 mo
210 908 322 956 pulsa
362 908 523 944 subinde
553 908 732 950 recurrit;
772 915 920 944 ceteros
951 907 1185 955 scriptores,
1217 908 1394 954 Veseris,
1440 910 1541 946 unde

115 991 247 1028 pugna
280 978 521 1027 appellatur,
550 978 616 1015 ubi
647 978 775 1023 fuerit,
807 978 904 1015 adeo
933 990 1126 1026 nusquam
1161 978 1378 1026 significare
1407 985 1541 1015 notum

116 1058 185 1095 est,
216 1057 269 1095 ut,
296 1049 451 1086 fluviine
483 1062 532 1085 an
563 1050 697 1098 oppidi
731 1049 770 1085 id
800 1061 941 1085 nomen
958 1048 1086 1094 fuerit²
1102 1048 1313 1097 ignoretur.
1358 1050 1410 1088 Ut
1442 1050 1541 1086 enim

116 1120 312 1165 omittam,
348 1120 441 1168 fingi
472 1120 601 1157 animo
631 1121 699 1156 vix
728 1132 844 1169 posse
862 1148 871 1165 a
917 1132 993 1168 qua
1020 1120 1085 1156 via
1115 1132 1161 1157 ac
1192 1121 1344 1156 ratione
1374 1122 1541 1158 Romani

115 1192 189 1228 hoc
219 1198 416 1239 tempore,
448 1198 584 1228 contra
615 1191 776 1228 Latinos
809 1190 1110 1240 Campanosque
1141 1192 1367 1229 coniunctos
1398 1192 1540 1228 bellum

114 1268 292 1311 gerentes
333 1267 412 1297 tam
460 1261 574 1311 longe
618 1263 667 1298 ad
709 1261 908 1298 meridiem
950 1274 1085 1299 versus
1118 1263 1374 1312 processerint
1416 1264 1455 1299 in
1493 1276 1539 1300 ea

114 1333 226 1379 loca,
277 1346 364 1382 quae
407 1332 554 1381 aliquot
603 1333 757 1370 demum
800 1339 889 1381 post
919 1334 1029 1370 annis
1075 1338 1131 1378 (a.
1167 1335 1262 1380 327)
1298 1331 1542 1382 Campanum

117 1417 252 1453 agrum
297 1412 431 1441 contra
469 1404 753 1453 Neapolitanos
799 1411 948 1440 tuentes
995 1404 1169 1453 attigisse
1217 1404 1399 1441 videntur
1440 1405 1541 1452 (Liv.

116 1475 234 1520 V111,
267 1476 360 1519 22),
393 1487 510 1522 quum
541 1476 752 1524 praesertim
785 1476 833 1511 ad
865 1474 1042 1523 Capuam
1081 1488 1147 1512 eos
1185 1487 1271 1512 cum
1302 1474 1540 1512 Samnitibus

118 1545 331 1583 occurrisse
362 1554 597 1595 congregato
624 1546 678 1582 ibi
708 1546 938 1582 Latinorum
969 1553 1005 1582 et
1037 1545 1326 1595 Campanorum
1358 1546 1541 1582 exercitui

116 1616 251 1652 Livius
281 1615 364 1665 ipse
394 1618 536 1653 scribat
568 1618 615 1664 (c.
654 1617 718 1664 6),
750 1638 802 1644 --
838 1623 880 1653 ut
909 1617 1004 1661 haec,
1048 1617 1220 1665 inquam,
1265 1616 1453 1662 omittam,
1502 1617 1540 1652 in

118 1687 257 1735 quibus
303 1686 482 1734 antiquus
524 1687 682 1724 subesse
716 1700 824 1724 error
852 1693 1003 1736 potest,
1050 1687 1174 1723 omnis
1220 1686 1321 1723 Livii
1369 1687 1540 1724 narratio

115 1757 305 1807 proelium
337 1757 489 1806 longius
519 1758 569 1794 ad
595 1758 894 1807 septentrionem
925 1758 1099 1794 confiniis
1122 1757 1225 1795 Latii
1241 1756 1542 1807 Campaniaeque

117 1829 311 1873 admovet,
343 1829 574 1865 conveniens
605 1829 662 1874 ei,
703 1829 807 1876 quod
853 1841 933 1865 rem
966 1829 1091 1878 ipsam
1123 1829 1310 1877 spectanti
1341 1829 1543 1878 probabile

117 1899 240 1935 videri
269 1911 425 1936 necesse
451 1907 519 1938 est.
597 1900 734 1937 Victos
765 1900 865 1936 enim
898 1899 1062 1936 Latinos
1089 1899 1308 1936 Minturnas
1339 1912 1379 1935 se
1409 1906 1542 1936 contu·

117 1968 208 2005 iisse
237 1969 370 2006 scribit
413 1971 460 2017 (c.
495 1973 568 2019 10,
600 1969 665 2019 9),
698 1984 783 2020 quae
819 1971 869 2007 ad
910 1970 1033 2007 Lirim
1064 1978 1173 2016 sunt,
1217 1983 1239 2006 a
1280 1969 1452 2006 Vesuvio
1493 1970 1543 2006 ad

212 2193 300 2225 sunt,
326 2186 563 2218 retine-bimus:
593 2187 671 2218 sub
699 2187 841 2226 signis
868 2186 952 2217 iam
979 2186 1057 2217 alii
1086 2187 1340 2227 quindecim
1367 2187 1542 2218 ordines

212 2249 494 2286 locabantur,
534 2257 585 2278 ex
619 2247 778 2288 quibus
805 2248 908 2279 ordo
942 2248 1245 2289 unusquisque
1274 2254 1364 2280 tres
1389 2255 1542 2290 partes

213 2311 424 2349 habebat3
452 2311 613 2350 (earum
640 2319 987 2351 unamquamque
1020 2310 1158 2351 pilum
1185 2312 1442 2351 vocabant3)
1469 2313 1543 2343 tri-

213 2373 291 2404 bus
334 2382 383 2403 ex
430 2371 618 2403 vexillis
660 2372 921 2410 constabat3
980 2378 1151 2403 centum
1195 2374 1427 2413 octoginta
1469 2384 1543 2406 sex

213 2435 408 2466 homines
436 2441 560 2464 erant
593 2440 654 2465 cet.
712 2433 866 2465 Levioris
892 2440 1073 2466 armaturae
1099 2434 1246 2466 militum
1284 2435 1403 2466 Livius
1433 2445 1542 2476 neque

217 2507 350 2534 eorum5
387 2506 472 2536 quos
507 2497 652 2528 hastatis
689 2502 721 2527 et
747 2496 956 2537 principibus
998 2496 1177 2528 adiunctos
1218 2497 1337 2529 velites
1374 2498 1542 2539 appellat,

215 2568 323 2600 neque
368 2568 505 2597 eorum,
559 2567 644 2598 quos
685 2558 808 2589 triariis
851 2558 1051 2599 adscripsit,
1099 2559 1219 2590 deinde
1256 2560 1290 2590 in
1321 2560 1543 2591 describendo

215 2630 337 2662 pugnae
374 2630 499 2660 genere
533 2620 636 2651 ullam
671 2621 838 2651 rationem
864 2620 986 2659 habet;
1020 2630 1182 2653 accensos
1208 2622 1380 2652 tamenin
1401 2632 1471 2663 cap.
1503 2625 1544 2652 lo

216 2683 379 2714 nominat.

194 2754 336 2778 niADx'lffll
356 2754 467 2777 Eunu„
490 2753 547 2776 L1u
1236 2763 1246 2789 1
1260 2763 1270 2789 1
