1811 2925
810 142 886 177 467
1390 141 1466 172 Lib.
1486 142 1565 174 XL.

132 266 171 297 et
201 261 330 297 Mead.
376 263 389 297 1
428 266 534 303 (non
566 262 896 310 placerentsi.
938 263 1038 300 Lov.
1074 265 1095 300 3
1141 276 1230 300 non
1270 263 1567 314 placeretsi)‚

132 338 175 368 ut
206 332 409 369 Gelenium
442 345 517 368 uon
561 333 653 368 satis
684 333 795 381 plene
826 333 874 369 de
904 334 946 369 M
979 334 1171 370 rettulisse
1202 341 1352 382 putemq
1383 335 1567 384 incipien-

132 409 209 439 tem
238 416 261 438 a
291 403 355 447 si,
403 403 533 451 priora
579 403 858 452 (placerent
910 416 982 452 pro
1025 403 1266 452 placere?)
1313 405 1565 443 omittentem.

132 474 258 511 Paulo
289 486 408 522 supra
444 476 478 519 (ξ
503 475 542 520 3)
576 474 614 510 in
644 473 704 510 his
734 474 1024 511 ve1·bis:Haec
1055 474 1167 510 vivo
1200 475 1438 524 Philippo
1470 477 1565 514 vel-

129 552 179 581 ut
215 545 400 582 semina
430 545 566 581 iacta
597 551 710 581 sunt
741 544 1055 581 Macedonici
1086 545 1227 591 belli,
1259 547 1386 595 quod
1417 548 1564 584 maxi-

130 629 202 653 me
237 629 335 653 cum
367 617 550 652 Perseo
582 615 846 664 gerendum
879 622 1007 659 erat,
1054 628 1130 652 non
1162 618 1339 666 reperio,
1373 617 1463 665 quid
1494 630 1564 654 va-

129 688 207 724 leat
237 688 410 724 maxim
423 699 458 730 e;
503 699 593 723 nam
633 692 756 722 totum
786 685 880 722 illud
911 686 1052 723 bellum
1092 699 1177 724 cum
1209 701 1286 724 uno
1318 689 1464 725 Perseo
1497 700 1563 737 ge-

127 766 230 795 stum
263 765 318 795 est
409 758 676 807 Scripseratne
722 756 873 792 Livius:
920 758 1046 805 quod
1092 771 1197 795 mox
1241 771 1341 796 cum
1381 760 1562 796 Perseo

129 830 388 878 gerendum
421 822 548 865 crat?
664 827 816 864 Eodem
849 827 976 876 capite
1006 827 1109 865 infra
1141 832 1179 874 (ἓ
1214 833 1254 866 7:
1286 830 1333 878 Q.
1357 829 1561 867 Fulvius

128 900 347 937 Flaccus
377 899 423 936 in
454 899 736 936 citeriorem
783 896 1058 948 [Hispaniam]
1114 901 1347 948 pervenit
1378 901 1561 938 exerci-

128 979 324 1019 tumque
365 984 386 1006 a
435 969 674 1006 Terentio
724 968 933 1016 accepit)
988 970 1232 1007 scribendum
1278 977 1355 1006 est:
1404 971 1460 1006 ab
1506 972 1558 1007 A.

127 1042 375 1080 Terentio,
435 1039 547 1075 Vidit-
578 1039 712 1075 vitium
730 1039 845 1075 etiam
862 1039 1216 1086 WVeissenbornius2
1249 1041 1314 1077 sed
1336 1041 1417 1077 sine
1442 1053 1559 1078 causa

124 1113 344 1162 graviorem
377 1110 635 1160 suspicionem
667 1110 855 1158 concepit.

239 1183 334 1232 Cap,
371 1185 442 1226 19,
475 1183 517 1217 3:
568 1181 627 1217 Et
674 1181 970 1228 pestilentia
1017 1182 1063 1217 in
1099 1182 1232 1230 agris
1262 1181 1485 1231 forisque
1516 1191 1559 1220 et

125 1252 479 1291 conciliabulis
511 1258 554 1288 et
586 1251 631 1287 in
662 1252 779 1287 urbe
809 1258 954 1289 tanta
988 1258 1176 1293 erat,ut
1200 1252 1419 1289 Libitina
1448 1260 1559 1291 tunc

123 1325 207 1360 vix
241 1324 515 1361 sufficeret.
592 1321 833 1359 Particulam
865 1329 976 1360 tunc
1027 1323 1166 1359 vitiose
1212 1323 1411 1360 abundare
1455 1332 1559 1362 recte

124 1395 463 1432 Weissenbomius
509 1393 697 1430 intellexit
739 1399 774 1428 et
814 1392 1037 1430 funerum
1077 1394 1204 1443 potius
1236 1394 1556 1442 significationem

120 1466 279 1514 requiri.
339 1465 434 1502 Eius
477 1464 598 1512 ipsius
628 1463 736 1498 vocis
775 1463 924 1500 initium
960 1477 1161 1514 superesse
1190 1472 1284 1514 puto
1315 1465 1354 1502 in
1382 1466 1556 1504 TUNC

120 1549 193 1584 pro
223 1535 425 1580 FUNE,
467 1533 673 1583 postremis
718 1533 853 1570 litteris
900 1536 1029 1572 nescio
1081 1549 1157 1584 quo
1199 1548 1290 1572 casu
1320 1535 1557 1586 interceptis.

121 1608 225 1644 Nam
258 1606 391 1643 Livius
421 1604 619 1653 scripsisse
662 1604 833 1640 videtur:
868 1611 916 1641 ut
934 1606 1155 1643 Libitina
1184 1606 1442 1643 funeribus
1472 1608 1557 1644 vix

121 1676 405 1721 sufficeret,
455 1674 783 1723 quemadmodum
814 1675 928 1720 XLI,
981 1678 1026 1713 21
1078 1684 1152 1714 est:
1202 1690 1256 1713 ne
1286 1677 1554 1715 liberorum

120 1747 312 1796 quidem
345 1746 601 1782 funeribus
633 1745 857 1782 Libitina.
887 1743 1237 1793 sufficiebat.¹)

234 1816 329 1866 Cap.
363 1819 436 1861 30,
471 1820 510 1853 7:
552 1816 636 1853 Ibi
666 1821 852 1852 stetere
881 1817 1095 1866 Hispani
1124 1819 1312 1854 hostem
1348 1830 1553 1867 exspec-

119 1894 297 1925 tantes.
364 1888 613 1924 Romanus
655 1887 789 1923 intra
819 1887 1002 1924 vallum
1035 1901 1147 1925 suos
1191 1888 1440 1925 continuit
1470 1903 1556 1938 per

119 1959 438 2008 quatriduum
477 1958 775 2002 continuum3
827 1964 874 1994 et
924 1959 1002 1995 illi
1045 1960 1210 1995 eodem
1255 1959 1362 1996 loco
1403 1960 1552 1997 aciem

143 2171 176 2214 ²)
219 2173 303 2215 Cap.
331 2177 395 2209 21,
439 2177 458 2204 3
498 2173 718 2204 scribendum
761 2182 847 2210 esse,
887 2178 925 2203 ut
967 2179 1045 2203 ante
1086 2172 1295 2204 Gronovium
1322 2173 1552 2205 scribebatur:

213 2236 319 2266 viam
359 2235 577 2266 exercitui
617 2235 782 2266 nullam
821 2245 932 2272 esse,
967 2234 1121 2275 paucis
1155 2241 1194 2265 et
1230 2235 1455 2274 expeditis
1480 2246 1553 2277 per

214 2295 536 2328 difficillimum
588 2297 754 2327 aditum
809 2297 893 2337 (non
947 2296 1093 2326 barbare
1138 2296 1551 2336 perdifficillimum

212 2358 414 2399 aditum),
458 2357 646 2397 significavi
673 2364 751 2388 ante
780 2357 908 2388 multos
934 2367 1041 2388 annos
1066 2359 1102 2389 in
1127 2358 1245 2389 libcllo
1272 2358 1313 2388 de
1338 2357 1492 2389 Asconio
1516 2368 1551 2399 p.

216 2422 292 2457 146,
319 2419 378 2450 ubi
415 2420 506 2460 quod
533 2419 659 2450 Velleii
686 2419 883 2460 exemplum
909 2428 978 2449 non
1004 2424 1122 2459 aptum
1148 2419 1235 2457 dixi,
1279 2424 1474 2460 corruptum
1501 2420 1553 2450 di·-

214 2490 289 2511 cere
315 2481 430 2514 debui.
488 2481 526 2511 In
570 2491 643 2522 cap.
679 2485 741 2519 22,
784 2484 805 2510 4
831 2480 1101 2511 emendationem
1132 2492 1152 2512 a
1186 2491 1238 2512 me
1271 2480 1351 2511 olim
1388 2481 1451 2521 (ad
1478 2480 1550 2513 Cic.

215 2543 292 2573 Fin.
329 2552 360 2583 p.
389 2543 471 2582 537)
515 2543 725 2584 propositam
769 2541 899 2582 (qnod
936 2551 1081 2572 rarum
1107 2542 1148 2572 in
1184 2542 1290 2573 altis
1320 2542 1431 2574 locis
1465 2544 1550 2580 est)

213 2603 514 2635 Weissenbornius
552 2608 688 2636 secutus
733 2608 802 2641 est3
851 2603 966 2643 itaque
1008 2612 1097 2634 nnnc
1137 2603 1443 2634 commendandam
1481 2614 1550 2636 non

210 2670 308 2705 puto-

1215 2737 1278 2770 30‘
