1811 2925
821 145 892 181 125
1364 144 1437 174 Lib.
1467 144 1508 175 V.

141 268 337 306 fortunam
369 282 476 306 suam
505 269 578 305 hoc
609 268 733 317 egisse
763 268 865 312 dicit2
896 268 969 304 hoc
1000 273 1076 312 est,
1106 267 1144 303 id
1172 268 1413 316 propositum
1444 269 1568 304 habu-

140 341 216 377 isse
244 347 279 377 et
312 341 361 376 ad
391 341 430 376 id
447 340 607 376 consilia
623 351 883 388 comparassQ
902 345 944 375 ut
967 338 1061 375 civis
1077 339 1230 375 Ardeas
1248 340 1368 376 fieret.
1413 340 1480 386 (Et
1493 339 1567 375 dic-i

142 413 240 449 solet
269 412 315 448 id
345 424 454 460 ag03
486 411 680 447 diversum
712 417 769 447 est
799 412 887 447 hoc
919 422 1022 458 ago,
1053 410 1091 446 id
1113 416 1181 455 est,
1199 411 1356 447 attendo
1374 417 1411 446 et
1430 411 1566 447 adsum

141 482 305 544 animq.)
342 483 484 519 Veram
502 483 730 531 scripturam
754 483 890 531 aperit,
907 483 945 518 ni
964 481 1092 526 fallor,
1123 482 1264 518 codicis
1280 483 1312 518 P
1328 482 1454 530 prima
1484 496 1566 518 ma-

140 567 233 591 nus:
253 555 342 591 hoc
359 567 448 603 ego
468 554 505 590 it
518 567 557 593 a:
575 567 664 590 nam
684 567 706 590 a
719 554 829 591 Livio
842 554 961 590 fuisse
978 554 1146 590 videtur:
1164 553 1263 589 fort
1276 566 1368 589 una
1399 565 1451 589 co
1466 553 1567 602 egit

141 639 255 662 mea.
301 625 427 662 Paulo
442 630 581 676 posttg
607 628 628 663 3
648 633 683 663 et
702 626 742 674 4)
776 638 823 661 ex
854 625 1049 661 codicibus
1081 625 1258 661 omnibus
1288 624 1564 661 restituendum

141 704 219 735 est:
257 698 340 746 qui
360 719 407 723 —
434 698 688 738 adventat,
721 697 895 733 oratione
928 697 982 733 sic
1015 689 1214 732 distincta?
1242 701 1285 730 et
1318 696 1426 732 huic
1460 697 1566 733 urbi

141 769 285 805 decus
319 769 486 817 ingens
511 784 566 806 ex
595 771 732 806 hoste
763 768 999 805 communi
1029 766 1266 816 pariendi,
1298 767 1376 815 qui
1406 766 1564 803 effuso

140 841 331 888 agmine
378 842 608 877 advent-at
661 840 717 890 (ut
768 839 880 876 facile
924 838 1025 875 vinci
1070 837 1224 887 possit).
1299 839 1430 876 Gens
1482 845 1566 883 est,

141 912 218 948 cui
250 918 319 949 etc.

257 981 354 1031 Cap.
389 985 463 1025 45,
502 994 536 1018 1:
586 982 679 1017 Vix
723 988 1060 1030 temperavere
1092 981 1284 1025 animis,
1334 981 1448 1029 quin
1483 993 1564 1016 ex-

140 1054 319 1103 templo
347 1054 579 1101 impetum
611 1053 853 1094 facerent,
897 1052 1264 1101 compressique
1295 1066 1317 1088 a
1350 1051 1563 1089 Caedicio

141 1125 423 1161 centurione
470 1145 522 1149 —-
553 1136 650 1159 rem
700 1124 743 1160 in
790 1131 976 1161 noctem
1024 1125 1316 1161 sustinuere.
1390 1125 1562 1160 Pravurn

141 1204 199 1232 est.
230 1209 288 1245 qu
303 1209 342 1239 eg
385 1208 510 1243 neque
541 1195 640 1231 enim
675 1195 862 1232 sententia
893 1195 999 1231 aiens
1030 1196 1203 1232 subiecta
1235 1195 1369 1232 eodem
1403 1201 1564 1244 spectat,

142 1281 219 1316 quo
252 1280 411 1316 negans,
444 1279 527 1315 quae
557 1267 752 1315 praecedit.
820 1268 964 1303 Verum
1007 1268 1173 1303 ostendit
1205 1268 1288 1303 cod.
1322 1268 1375 1311 P,
1418 1267 1455 1303 in
1489 1279 1566 1314 quo

143 1346 220 1374 est:
253 1339 494 1386 compresi
526 1352 549 1375 a
571 1332 594 1385 s]
613 1338 781 1375 caedidi
800 1347 818 1381 -;-
845 1339 1133 1374 centurione
1168 1340 1387 1385 (†rasuram
1420 1338 1564 1386 signifi-

142 1415 241 1456 cat),
271 1409 372 1446 unde
388 1409 426 1445 in
444 1409 958 1459 HlLlcompressique
975 1409 1234 1446 Caediditio
1258 1410 1564 1453 centurione;

138 1481 194 1529 (in
226 1482 268 1518 M
299 1481 433 1529 primae
464 1493 599 1517 manus
631 1481 821 1530 scriptura
852 1482 1017 1517 obscura
1036 1486 1104 1525 est,
1137 1481 1292 1517 alterius
1323 1481 1561 1517 huiusmodi:

135 1553 428 1602 conpressit]
459 1552 679 1595 †sedicio
711 1565 732 1587 a
765 1552 1083 1596 centurione;)
1106 1552 1348 1589 scribendum
1367 1559 1423 1589 est
1440 1553 1562 1588 enim:

138 1624 378 1663 facerent:
410 1623 677 1672 compressi
704 1636 727 1659 a
758 1623 804 1670 Q.
839 1622 1051 1659 Caedicio
1087 1644 1132 1648 —
1169 1623 1464 1659 sustinuere.
1513 1623 1561 1659 Et

136 1697 195 1732 ab
244 1695 292 1742 Q.
325 1694 541 1732 Caedicio
582 1695 798 1730 restitutum
851 1701 906 1730 est
953 1695 990 1730 in
1041 1694 1237 1731 codicibus
1285 1694 1561 1730 recentioribus

135 1766 277 1810 multis„
309 1766 374 1801 sed
407 1778 463 1813 qu
475 1779 506 1802 e.
539 1767 641 1814 quod
673 1779 720 1802 ex
752 1766 798 1813 Q.
830 1773 955 1802 ortum
990 1771 1084 1801 erat.
1114 1772 1316 1802 retentum.

248 1836 346 1886 Cap.
382 1840 445 1881 47,
481 1841 522 1873 6:
553 1837 811 1885 Reliquum
842 1837 1015 1874 noctis,
1048 1843 1287 1885 quantum
1319 1837 1363 1872 in
1398 1837 1562 1872 turba-

134 1909 197 1945 tis
229 1909 469 1945 mentibus
500 1915 716 1957 poterat..
749 1921 887 1957 quum
919 1908 1220 1958 praeteritum
1253 1920 1446 1956 quoque
1477 1920 1560 1956 pe-

134 1980 339 2016 riculum
373 1979 699 2016 sollicitaret.
732 1980 883 2028 quieti
916 1981 1074 2016 (latum
1107 1985 1189 2015 est.
1258 1981 1376 2016 Recte
1416 1979 1560 2015 dicere-

134 2059 215 2087 tur:
248 2051 555 2098 quantumin
588 2056 729 2086 tanta
771 2051 1148 2099 perturbatione
1186 2050 1450 2086 animorum
1482 2063 1558 2100 po-

134 2129 282 2162 terat:
327 2135 426 2158 nunc
471 2122 653 2170 quoniam
684 2121 927 2170 participium
974 2122 1130 2169 ponitur
1167 2121 1400 2177 (turbatis
1432 2135 1559 2157 men-

134 2194 304 2241 tibus),v
351 2194 521 2230 tollenda
568 2199 622 2229 est
663 2193 707 2228 in
739 2193 985 2241 praepositio,
1025 2200 1110 2229 orta
1149 2206 1197 2229 ex
1234 2193 1465 2241 praecedenti
1509 2207 1556 2233 m.

134 2265 274 2312 Neque
295 2265 405 2301 abest
437 2264 617 2313 suspicio.
649 2264 739 2312 quin
772 2264 885 2300 etiam
918 2265 1038 2310 XXI,
1072 2268 1144 2301 55.
1184 2267 1228 2301 10
1254 2264 1369 2300 scribi
1400 2265 1556 2300 debeat:

134 2337 313 2372 Tamen
354 2342 425 2373 tot
455 2334 588 2385 (codd.
622 2344 658 2371 et
689 2336 775 2371 edd.
806 2335 850 2371 in
881 2338 968 2381 tot)
1001 2335 1438 2372 circumstantibus
1468 2349 1557 2372 ma-

133 2407 194 2443 lis
227 2408 401 2444 mansit
435 2406 738 2454 aliquamdiu
771 2406 969 2441 immota
1000 2407 1149 2448 acies:
1177 2418 1415 2455 quamquam
1433 2407 1558 2443 minus

133 2479 272 2516 vitiose
315 2480 358 2515 in
399 2478 541 2514 malis
584 2477 1027 2514 circumstantibus
1079 2490 1193 2526 quam
1239 2478 1282 2513 in
1314 2478 1556 2514 mentibus

133 2551 348 2587 turbatis
382 2549 525 2596 aliquid
551 2549 633 2585 fieri
664 2548 816 2586 dicitur.
877 2549 987 2584 Idem
1017 2548 1196 2584 mendum
1229 2548 1302 2597 (in
1334 2561 1382 2584 ex
1412 2561 1556 2597 praece-

132 2620 236 2656 denti
270 2634 304 2660 m
343 2623 486 2668 ortum)
526 2620 716 2668 corrigam
756 2620 792 2655 in
832 2619 930 2656 libro
964 2619 1065 2657 VII.
1117 2619 1191 2664 23,
1241 2624 1282 2661 ὅς
1327 2619 1365 2655 in
1420 2619 1553 2656 eodem
