<?xml version="1.0" encoding="UTF-8"?>
<!DOCTYPE html PUBLIC "-//W3C//DTD XHTML 1.0 Transitional//EN"
    "http://www.w3.org/TR/xhtml1/DTD/xhtml1-transitional.dtd">
<html xmlns="http://www.w3.org/1999/xhtml" xml:lang="en" lang="en">
 <head>
  <title>
</title>
<meta http-equiv="Content-Type" content="text/html;charset=utf-8" />
  <meta name='ocr-system' content='tesseract 3.04.00' />
  <meta name='ocr-capabilities' content='ocr_page ocr_carea ocr_par ocr_line ocrx_word'/>
</head>
<body>
  <div class='ocr_page' id='page_1' title='image "./emendationeslivi00madvuoft_0557.png"; bbox 0 0 1811 2925; ppageno 0'>
   <div class='ocr_carea' id='block_1_1' title="bbox 836 155 1584 191">
    <p class='ocr_par' dir='ltr' id='par_1_1' title="bbox 836 155 1584 191">
     <span class='ocr_line' id='line_1_1' title="bbox 836 155 1584 191; baseline -0.005 0"><span class='ocrx_word' id='word_1_1' title='bbox 836 157 908 191; x_wconf 80' lang='lat'>551</span> <span class='ocrx_word' id='word_1_2' title='bbox 1365 155 1440 186; x_wconf 92' lang='lat' dir='ltr'>Lib.</span> <span class='ocrx_word' id='word_1_3' title='bbox 1454 155 1584 188; x_wconf 88' lang='lat' dir='ltr'>XLIII.</span> 
     </span>
    </p>
   </div>
   <div class='ocr_carea' id='block_1_2' title="bbox 155 277 1585 2740">
    <p class='ocr_par' dir='ltr' id='par_1_2' title="bbox 159 277 1585 2308">
     <span class='ocr_line' id='line_1_2' title="bbox 171 277 1585 326; baseline 0.001 -12"><span class='ocrx_word' id='word_1_4' title='bbox 171 290 288 326; x_wconf 81' lang='lat' dir='ltr'>quos</span> <span class='ocrx_word' id='word_1_5' title='bbox 317 277 702 318; x_wconf 68' lang='lat' dir='ltr'>manumisisset,</span> <span class='ocrx_word' id='word_1_6' title='bbox 746 290 825 314; x_wconf 86' lang='lat' dir='ltr'>eos</span> <span class='ocrx_word' id='word_1_7' title='bbox 856 277 1102 315; x_wconf 78' lang='lat' dir='ltr'>Carteiam</span> <span class='ocrx_word' id='word_1_8' title='bbox 1148 277 1207 313; x_wconf 90' lang='lat' dir='ltr'>ad</span> <span class='ocrx_word' id='word_1_9' title='bbox 1239 289 1470 315; x_wconf 84' lang='lat' dir='ltr'>oceanum</span> <span class='ocrx_word' id='word_1_10' title='bbox 1503 279 1585 315; x_wconf 90' lang='lat' dir='ltr'>de-</span> 
     </span>
     <span class='ocr_line' id='line_1_3' title="bbox 170 348 1584 398; baseline 0.001 -13"><span class='ocrx_word' id='word_1_11' title='bbox 170 349 276 385; x_wconf 82' lang='lat' dir='ltr'>duci</span> <span class='ocrx_word' id='word_1_12' title='bbox 307 349 510 397; x_wconf 83' lang='lat' dir='ltr'>placere.</span> <span class='ocrx_word' id='word_1_13' title='bbox 575 349 666 385; x_wconf 88' lang='lat' dir='ltr'>Duo</span> <span class='ocrx_word' id='word_1_14' title='bbox 708 349 745 385; x_wconf 93' lang='lat' dir='ltr'>in</span> <span class='ocrx_word' id='word_1_15' title='bbox 776 350 849 385; x_wconf 87' lang='lat' dir='ltr'>hoc</span> <span class='ocrx_word' id='word_1_16' title='bbox 880 348 1034 385; x_wconf 83' lang='lat' dir='ltr'>decreto</span> <span class='ocrx_word' id='word_1_17' title='bbox 1064 348 1234 396; x_wconf 80' lang='lat' dir='ltr'>permira</span> <span class='ocrx_word' id='word_1_18' title='bbox 1264 355 1377 394; x_wconf 84' lang='lat' dir='ltr'>sunt,</span> <span class='ocrx_word' id='word_1_19' title='bbox 1418 350 1584 398; x_wconf 89' lang='lat' dir='ltr'>primum</span> 
     </span>
     <span class='ocr_line' id='line_1_4' title="bbox 170 418 1585 468; baseline 0 -12"><span class='ocrx_word' id='word_1_20' title='bbox 170 419 274 468; x_wconf 89' lang='lat' dir='ltr'>quod</span> <span class='ocrx_word' id='word_1_21' title='bbox 315 419 369 455; x_wconf 90' lang='lat' dir='ltr'>illi</span> <span class='ocrx_word' id='word_1_22' title='bbox 398 419 572 456; x_wconf 88' lang='lat' dir='ltr'>homiues</span> <span class='ocrx_word' id='word_1_23' title='bbox 616 420 835 456; x_wconf 82' lang='lat' dir='ltr'>manumitti</span> <span class='ocrx_word' id='word_1_24' title='bbox 864 419 1053 463; x_wconf 84' lang='lat' dir='ltr'>iubentur,</span> <span class='ocrx_word' id='word_1_25' title='bbox 1101 418 1211 466; x_wconf 81' lang='lat' dir='ltr'>quasi</span> <span class='ocrx_word' id='word_1_26' title='bbox 1252 419 1436 456; x_wconf 85' lang='lat' dir='ltr'>hactenus</span> <span class='ocrx_word' id='word_1_27' title='bbox 1485 421 1585 457; x_wconf 86' lang='lat' dir='ltr'>servi</span> 
     </span>
     <span class='ocr_line' id='line_1_5' title="bbox 168 488 1585 538; baseline 0.002 -13"><span class='ocrx_word' id='word_1_28' title='bbox 168 489 326 534; x_wconf 85' lang='lat' dir='ltr'>fuerint,</span> <span class='ocrx_word' id='word_1_29' title='bbox 365 490 467 538; x_wconf 84' lang='lat' dir='ltr'>quod</span> <span class='ocrx_word' id='word_1_30' title='bbox 504 503 627 538; x_wconf 80' lang='lat' dir='ltr'>neque</span> <span class='ocrx_word' id='word_1_31' title='bbox 658 491 791 527; x_wconf 87' lang='lat' dir='ltr'>Livius</span> <span class='ocrx_word' id='word_1_32' title='bbox 834 490 924 526; x_wconf 83' lang='lat' dir='ltr'>dicit</span> <span class='ocrx_word' id='word_1_33' title='bbox 965 501 1089 537; x_wconf 88' lang='lat' dir='ltr'>neque</span> <span class='ocrx_word' id='word_1_34' title='bbox 1131 488 1210 525; x_wconf 93' lang='lat' dir='ltr'>ullo</span> <span class='ocrx_word' id='word_1_35' title='bbox 1251 491 1365 527; x_wconf 90' lang='lat' dir='ltr'>modo</span> <span class='ocrx_word' id='word_1_36' title='bbox 1409 492 1585 528; x_wconf 84' lang='lat' dir='ltr'>convenit</span> 
     </span>
     <span class='ocr_line' id='line_1_6' title="bbox 169 560 1584 611; baseline 0.002 -15"><span class='ocrx_word' id='word_1_37' title='bbox 169 573 254 596; x_wconf 84' lang='lat' dir='ltr'>cum</span> <span class='ocrx_word' id='word_1_38' title='bbox 283 560 340 605; x_wconf 82' lang='lat' dir='ltr'>iis,</span> <span class='ocrx_word' id='word_1_39' title='bbox 372 573 456 609; x_wconf 82' lang='lat' dir='ltr'>quae</span> <span class='ocrx_word' id='word_1_40' title='bbox 487 562 533 598; x_wconf 89' lang='lat' dir='ltr'>de</span> <span class='ocrx_word' id='word_1_41' title='bbox 564 562 709 611; x_wconf 82' lang='lat' dir='ltr'>origine</span> <span class='ocrx_word' id='word_1_42' title='bbox 740 574 870 598; x_wconf 86' lang='lat' dir='ltr'>eorum</span> <span class='ocrx_word' id='word_1_43' title='bbox 901 560 1039 604; x_wconf 82' lang='lat' dir='ltr'>tradit3</span> <span class='ocrx_word' id='word_1_44' title='bbox 1082 560 1147 608; x_wconf 89' lang='lat' dir='ltr'>qui</span> <span class='ocrx_word' id='word_1_45' title='bbox 1179 560 1278 597; x_wconf 90' lang='lat' dir='ltr'>enim</span> <span class='ocrx_word' id='word_1_46' title='bbox 1314 574 1362 597; x_wconf 87' lang='lat' dir='ltr'>ex</span> <span class='ocrx_word' id='word_1_47' title='bbox 1393 562 1475 598; x_wconf 87' lang='lat' dir='ltr'>cive</span> <span class='ocrx_word' id='word_1_48' title='bbox 1504 563 1584 599; x_wconf 87' lang='lat' dir='ltr'>Ro-</span> 
     </span>
     <span class='ocr_line' id='line_1_7' title="bbox 168 632 1583 682; baseline 0.001 -15"><span class='ocrx_word' id='word_1_49' title='bbox 168 643 283 667; x_wconf 83' lang='lat' dir='ltr'>mano</span> <span class='ocrx_word' id='word_1_50' title='bbox 322 639 357 667; x_wconf 89' lang='lat' dir='ltr'>et</span> <span class='ocrx_word' id='word_1_51' title='bbox 387 632 544 670; x_wconf 85' lang='lat' dir='ltr'>muliere</span> <span class='ocrx_word' id='word_1_52' title='bbox 574 634 790 682; x_wconf 73' lang='lat' dir='ltr'>peregrina,</span> <span class='ocrx_word' id='word_1_53' title='bbox 822 644 985 680; x_wconf 87' lang='lat' dir='ltr'>quacum</span> <span class='ocrx_word' id='word_1_54' title='bbox 1017 632 1249 668; x_wconf 84' lang='lat' dir='ltr'>connubium</span> <span class='ocrx_word' id='word_1_55' title='bbox 1280 645 1357 668; x_wconf 91' lang='lat' dir='ltr'>non</span> <span class='ocrx_word' id='word_1_56' title='bbox 1391 639 1486 678; x_wconf 85' lang='lat' dir='ltr'>erat,</span> <span class='ocrx_word' id='word_1_57' title='bbox 1516 645 1583 668; x_wconf 88' lang='lat' dir='ltr'>na-</span> 
     </span>
     <span class='ocr_line' id='line_1_8' title="bbox 167 701 1581 751; baseline 0.003 -15"><span class='ocrx_word' id='word_1_58' title='bbox 167 708 227 737; x_wconf 90' lang='lat' dir='ltr'>tus</span> <span class='ocrx_word' id='word_1_59' title='bbox 259 708 363 746; x_wconf 86' lang='lat' dir='ltr'>erat,</span> <span class='ocrx_word' id='word_1_60' title='bbox 398 702 430 737; x_wconf 89' lang='lat' dir='ltr'>is</span> <span class='ocrx_word' id='word_1_61' title='bbox 470 701 576 745; x_wconf 86' lang='lat' dir='ltr'>liber,</span> <span class='ocrx_word' id='word_1_62' title='bbox 611 702 676 737; x_wconf 88' lang='lat' dir='ltr'>sed</span> <span class='ocrx_word' id='word_1_63' title='bbox 706 703 930 751; x_wconf 82' lang='lat' dir='ltr'>peregrinus</span> <span class='ocrx_word' id='word_1_64' title='bbox 960 710 1044 739; x_wconf 85' lang='lat' dir='ltr'>erat</span> <span class='ocrx_word' id='word_1_65' title='bbox 1073 716 1180 739; x_wconf 86' lang='lat' dir='ltr'>more</span> <span class='ocrx_word' id='word_1_66' title='bbox 1213 710 1250 740; x_wconf 91' lang='lat' dir='ltr'>et</span> <span class='ocrx_word' id='word_1_67' title='bbox 1279 704 1361 740; x_wconf 90' lang='lat' dir='ltr'>iure</span> <span class='ocrx_word' id='word_1_68' title='bbox 1390 704 1581 740; x_wconf 86' lang='lat' dir='ltr'>Romano.</span> 
     </span>
     <span class='ocr_line' id='line_1_9' title="bbox 166 773 1583 822; baseline 0.001 -14"><span class='ocrx_word' id='word_1_69' title='bbox 166 773 219 809; x_wconf 85' lang='lat' dir='ltr'>Et</span> <span class='ocrx_word' id='word_1_70' title='bbox 250 773 313 821; x_wconf 87' lang='lat' dir='ltr'>qui</span> <span class='ocrx_word' id='word_1_71' title='bbox 343 779 521 821; x_wconf 80' lang='lat' dir='ltr'>poterant</span> <span class='ocrx_word' id='word_1_72' title='bbox 550 773 650 809; x_wconf 80' lang='lat' dir='ltr'>servi</span> <span class='ocrx_word' id='word_1_73' title='bbox 690 773 839 822; x_wconf 87' lang='lat' dir='ltr'>legatos</span> <span class='ocrx_word' id='word_1_74' title='bbox 871 774 920 810; x_wconf 86' lang='lat' dir='ltr'>ad</span> <span class='ocrx_word' id='word_1_75' title='bbox 951 780 1126 810; x_wconf 85' lang='lat' dir='ltr'>senatum</span> <span class='ocrx_word' id='word_1_76' title='bbox 1157 775 1378 811; x_wconf 87' lang='lat' dir='ltr'>Romanum</span> <span class='ocrx_word' id='word_1_77' title='bbox 1409 774 1583 810; x_wconf 81' lang='lat' dir='ltr'>mit-tere?</span> 
     </span>
     <span class='ocr_line' id='line_1_10' title="bbox 166 843 1583 894; baseline 0.001 -15"><span class='ocrx_word' id='word_1_78' title='bbox 166 843 317 879; x_wconf 83' lang='lat' dir='ltr'>Deinde</span> <span class='ocrx_word' id='word_1_79' title='bbox 346 850 494 892; x_wconf 87' lang='lat' dir='ltr'>partem</span> <span class='ocrx_word' id='word_1_80' title='bbox 525 844 694 892; x_wconf 82' lang='lat' dir='ltr'>aliquam</span> <span class='ocrx_word' id='word_1_81' title='bbox 724 845 860 880; x_wconf 84' lang='lat' dir='ltr'>horum</span> <span class='ocrx_word' id='word_1_82' title='bbox 891 845 1088 881; x_wconf 86' lang='lat' dir='ltr'>hominum</span> <span class='ocrx_word' id='word_1_83' title='bbox 1127 857 1151 880; x_wconf 88' lang='lat' dir='ltr'>a</span> <span class='ocrx_word' id='word_1_84' title='bbox 1179 851 1344 894; x_wconf 86' lang='lat' dir='ltr'>praetore</span> <span class='ocrx_word' id='word_1_85' title='bbox 1375 845 1583 881; x_wconf 86' lang='lat' dir='ltr'>manumis-</span> 
     </span>
     <span class='ocr_line' id='line_1_11' title="bbox 169 914 1582 964; baseline 0.002 -14"><span class='ocrx_word' id='word_1_86' title='bbox 169 927 233 950; x_wconf 92' lang='lat' dir='ltr'>sos</span> <span class='ocrx_word' id='word_1_87' title='bbox 266 926 347 950; x_wconf 88' lang='lat' dir='ltr'>esse</span> <span class='ocrx_word' id='word_1_88' title='bbox 378 914 613 962; x_wconf 85' lang='lat' dir='ltr'>significatur</span> <span class='ocrx_word' id='word_1_89' title='bbox 658 922 694 951; x_wconf 87' lang='lat' dir='ltr'>et</span> <span class='ocrx_word' id='word_1_90' title='bbox 725 914 919 951; x_wconf 81' lang='lat' dir='ltr'>Carteiam</span> <span class='ocrx_word' id='word_1_91' title='bbox 951 916 1135 953; x_wconf 87' lang='lat' dir='ltr'>deductos</span> <span class='ocrx_word' id='word_1_92' title='bbox 1169 919 1354 959; x_wconf 83' lang='lat' dir='ltr'>(eorum</span> <span class='ocrx_word' id='word_1_93' title='bbox 1387 916 1427 952; x_wconf 94' lang='lat' dir='ltr'>si</span> <span class='ocrx_word' id='word_1_94' title='bbox 1463 929 1582 964; x_wconf 88' lang='lat' dir='ltr'>quos</span> 
     </span>
     <span class='ocr_line' id='line_1_12' title="bbox 166 984 1582 1035; baseline 0.003 -14"><span class='ocrx_word' id='word_1_95' title='bbox 166 984 280 1035; x_wconf 87' lang='lat' dir='ltr'>cet.);</span> <span class='ocrx_word' id='word_1_96' title='bbox 312 999 378 1021; x_wconf 86' lang='lat' dir='ltr'>cur</span> <span class='ocrx_word' id='word_1_97' title='bbox 407 998 483 1021; x_wconf 90' lang='lat' dir='ltr'>non</span> <span class='ocrx_word' id='word_1_98' title='bbox 518 997 650 1021; x_wconf 89' lang='lat' dir='ltr'>omnes</span> <span class='ocrx_word' id='word_1_99' title='bbox 682 986 906 1022; x_wconf 81' lang='lat' dir='ltr'>manumissi</span> <span class='ocrx_word' id='word_1_100' title='bbox 937 986 1022 1031; x_wconf 82' lang='lat' dir='ltr'>sint,</span> <span class='ocrx_word' id='word_1_101' title='bbox 1052 987 1142 1034; x_wconf 89' lang='lat' dir='ltr'>quid</span> <span class='ocrx_word' id='word_1_102' title='bbox 1176 987 1403 1024; x_wconf 80' lang='lat' dir='ltr'>discriminis</span> <span class='ocrx_word' id='word_1_103' title='bbox 1438 988 1582 1025; x_wconf 82' lang='lat' dir='ltr'>factum</span> 
     </span>
     <span class='ocr_line' id='line_1_13' title="bbox 167 1056 1583 1108; baseline 0.002 -16"><span class='ocrx_word' id='word_1_104' title='bbox 167 1063 205 1092; x_wconf 84' lang='lat' dir='ltr'>et.</span> <span class='ocrx_word' id='word_1_105' title='bbox 235 1056 324 1104; x_wconf 90' lang='lat' dir='ltr'>quid</span> <span class='ocrx_word' id='word_1_106' title='bbox 356 1057 401 1092; x_wconf 91' lang='lat' dir='ltr'>de</span> <span class='ocrx_word' id='word_1_107' title='bbox 432 1056 565 1092; x_wconf 86' lang='lat' dir='ltr'>ceteris</span> <span class='ocrx_word' id='word_1_108' title='bbox 596 1057 788 1092; x_wconf 86' lang='lat' dir='ltr'>decretum</span> <span class='ocrx_word' id='word_1_109' title='bbox 813 1057 872 1101; x_wconf 82' lang='lat' dir='ltr'>sit,</span> <span class='ocrx_word' id='word_1_110' title='bbox 894 1070 971 1093; x_wconf 91' lang='lat' dir='ltr'>non</span> <span class='ocrx_word' id='word_1_111' title='bbox 996 1057 1245 1106; x_wconf 84' lang='lat' dir='ltr'>significatur.</span> <span class='ocrx_word' id='word_1_112' title='bbox 1301 1058 1415 1106; x_wconf 78' lang='lat' dir='ltr'>Quod</span> <span class='ocrx_word' id='word_1_113' title='bbox 1444 1072 1514 1108; x_wconf 91' lang='lat' dir='ltr'>per</span> <span class='ocrx_word' id='word_1_114' title='bbox 1543 1072 1583 1095; x_wconf 90' lang='lat' dir='ltr'>se</span> 
     </span>
     <span class='ocr_line' id='line_1_14' title="bbox 165 1126 1582 1177; baseline 0.003 -15"><span class='ocrx_word' id='word_1_115' title='bbox 165 1133 343 1163; x_wconf 84' lang='lat' dir='ltr'>constare</span> <span class='ocrx_word' id='word_1_116' title='bbox 373 1132 536 1176; x_wconf 85' lang='lat' dir='ltr'>poterat,</span> <span class='ocrx_word' id='word_1_117' title='bbox 567 1126 712 1175; x_wconf 88' lang='lat' dir='ltr'>aliquid</span> <span class='ocrx_word' id='word_1_118' title='bbox 744 1139 827 1164; x_wconf 89' lang='lat' dir='ltr'>esse</span> <span class='ocrx_word' id='word_1_119' title='bbox 857 1128 894 1163; x_wconf 93' lang='lat' dir='ltr'>in</span> <span class='ocrx_word' id='word_1_120' title='bbox 924 1128 970 1164; x_wconf 85' lang='lat' dir='ltr'>iis</span> <span class='ocrx_word' id='word_1_121' title='bbox 996 1129 1137 1174; x_wconf 87' lang='lat' dir='ltr'>verbis,</span> <span class='ocrx_word' id='word_1_122' title='bbox 1170 1129 1307 1177; x_wconf 89' lang='lat' dir='ltr'>quibus</span> <span class='ocrx_word' id='word_1_123' title='bbox 1339 1130 1481 1166; x_wconf 77' lang='lat' dir='ltr'>decreti</span> <span class='ocrx_word' id='word_1_124' title='bbox 1495 1142 1582 1167; x_wconf 90' lang='lat' dir='ltr'>sen-</span> 
     </span>
     <span class='ocr_line' id='line_1_15' title="bbox 165 1197 1582 1249; baseline 0.004 -16"><span class='ocrx_word' id='word_1_125' title='bbox 165 1197 285 1234; x_wconf 87' lang='lat' dir='ltr'>tentia</span> <span class='ocrx_word' id='word_1_126' title='bbox 314 1198 522 1242; x_wconf 82' lang='lat' dir='ltr'>indicatur,</span> <span class='ocrx_word' id='word_1_127' title='bbox 553 1198 704 1241; x_wconf 88' lang='lat' dir='ltr'>mendi,</span> <span class='ocrx_word' id='word_1_128' title='bbox 736 1198 981 1235; x_wconf 86' lang='lat' dir='ltr'>manifestum</span> <span class='ocrx_word' id='word_1_129' title='bbox 1012 1201 1054 1236; x_wconf 81' lang='lat' dir='ltr'>fit</span> <span class='ocrx_word' id='word_1_130' title='bbox 1084 1213 1104 1236; x_wconf 92' lang='lat' dir='ltr'>e</span> <span class='ocrx_word' id='word_1_131' title='bbox 1135 1201 1288 1246; x_wconf 87' lang='lat' dir='ltr'>codice,</span> <span class='ocrx_word' id='word_1_132' title='bbox 1318 1201 1357 1237; x_wconf 90' lang='lat' dir='ltr'>in</span> <span class='ocrx_word' id='word_1_133' title='bbox 1389 1214 1464 1249; x_wconf 90' lang='lat' dir='ltr'>quo</span> <span class='ocrx_word' id='word_1_134' title='bbox 1491 1215 1582 1238; x_wconf 83' lang='lat' dir='ltr'>ma—</span> 
     </span>
     <span class='ocr_line' id='line_1_16' title="bbox 164 1269 1582 1317; baseline 0.003 -13"><span class='ocrx_word' id='word_1_135' title='bbox 164 1269 481 1305; x_wconf 85' lang='lat' dir='ltr'>numisissent</span> <span class='ocrx_word' id='word_1_136' title='bbox 511 1269 714 1314; x_wconf 80' lang='lat' dir='ltr'>scribitur,</span> <span class='ocrx_word' id='word_1_137' title='bbox 756 1282 834 1317; x_wconf 84' lang='lat' dir='ltr'>qua</span> <span class='ocrx_word' id='word_1_138' title='bbox 874 1270 985 1306; x_wconf 91' lang='lat' dir='ltr'>unius</span> <span class='ocrx_word' id='word_1_139' title='bbox 1015 1270 1150 1306; x_wconf 75' lang='lat' dir='ltr'>litterae</span> <span class='ocrx_word' id='word_1_140' title='bbox 1197 1270 1411 1308; x_wconf 83' lang='lat' dir='ltr'>adiectione</span> <span class='ocrx_word' id='word_1_141' title='bbox 1453 1272 1582 1308; x_wconf 88' lang='lat' dir='ltr'>omnia</span> 
     </span>
     <span class='ocr_line' id='line_1_17' title="bbox 163 1340 1582 1379; baseline 0.001 -3"><span class='ocrx_word' id='word_1_142' title='bbox 163 1346 269 1377; x_wconf 85' lang='lat' dir='ltr'>recta</span> <span class='ocrx_word' id='word_1_143' title='bbox 312 1347 349 1376; x_wconf 83' lang='lat' dir='ltr'>et</span> <span class='ocrx_word' id='word_1_144' title='bbox 386 1352 483 1376; x_wconf 90' lang='lat' dir='ltr'>sana</span> <span class='ocrx_word' id='word_1_145' title='bbox 516 1341 620 1376; x_wconf 83' lang='lat' dir='ltr'>fiunt.</span> <span class='ocrx_word' id='word_1_146' title='bbox 686 1341 924 1377; x_wconf 84' lang='lat' dir='ltr'>Iubebantur</span> <span class='ocrx_word' id='word_1_147' title='bbox 961 1340 1014 1377; x_wconf 90' lang='lat' dir='ltr'>illi</span> <span class='ocrx_word' id='word_1_148' title='bbox 1056 1342 1232 1378; x_wconf 88' lang='lat' dir='ltr'>homines</span> <span class='ocrx_word' id='word_1_149' title='bbox 1272 1342 1469 1379; x_wconf 90' lang='lat' dir='ltr'>nomina</span> <span class='ocrx_word' id='word_1_150' title='bbox 1498 1354 1582 1379; x_wconf 87' lang='lat' dir='ltr'>sua</span> 
     </span>
     <span class='ocr_line' id='line_1_18' title="bbox 163 1410 1580 1460; baseline 0.003 -13"><span class='ocrx_word' id='word_1_151' title='bbox 163 1410 367 1460; x_wconf 87' lang='lat' dir='ltr'>(ipsorum)</span> <span class='ocrx_word' id='word_1_152' title='bbox 397 1411 626 1460; x_wconf 83' lang='lat' dir='ltr'>profiteri</span> <span class='ocrx_word' id='word_1_153' title='bbox 653 1418 696 1448; x_wconf 85' lang='lat' dir='ltr'>et</span> <span class='ocrx_word' id='word_1_154' title='bbox 727 1425 915 1457; x_wconf 84' lang='lat' dir='ltr'>eorum,</span> <span class='ocrx_word' id='word_1_155' title='bbox 946 1412 984 1447; x_wconf 92' lang='lat' dir='ltr'>si</span> <span class='ocrx_word' id='word_1_156' title='bbox 1016 1425 1134 1460; x_wconf 89' lang='lat' dir='ltr'>quos</span> <span class='ocrx_word' id='word_1_157' title='bbox 1165 1414 1580 1452; x_wconf 82' lang='lat' dir='ltr'>manumisissent.</span> 
     </span>
     <span class='ocr_line' id='line_1_19' title="bbox 162 1482 1580 1530; baseline 0.002 -12"><span class='ocrx_word' id='word_1_158' title='bbox 162 1482 265 1518; x_wconf 87' lang='lat' dir='ltr'>Nam</span> <span class='ocrx_word' id='word_1_159' title='bbox 299 1494 432 1518; x_wconf 82' lang='lat' dir='ltr'>servos</span> <span class='ocrx_word' id='word_1_160' title='bbox 473 1482 626 1530; x_wconf 86' lang='lat' dir='ltr'>quidam</span> <span class='ocrx_word' id='word_1_161' title='bbox 660 1496 790 1519; x_wconf 89' lang='lat' dir='ltr'>eorum</span> <span class='ocrx_word' id='word_1_162' title='bbox 839 1489 874 1519; x_wconf 86' lang='lat' dir='ltr'>et</span> <span class='ocrx_word' id='word_1_163' title='bbox 920 1484 1137 1519; x_wconf 84' lang='lat' dir='ltr'>habuerant</span> <span class='ocrx_word' id='word_1_164' title='bbox 1181 1491 1218 1520; x_wconf 84' lang='lat' dir='ltr'>et</span> <span class='ocrx_word' id='word_1_165' title='bbox 1263 1484 1580 1524; x_wconf 85' lang='lat' dir='ltr'>mauumiserant:</span> 
     </span>
     <span class='ocr_line' id='line_1_20' title="bbox 164 1553 1579 1604; baseline 0.003 -16"><span class='ocrx_word' id='word_1_166' title='bbox 164 1553 295 1601; x_wconf 87' lang='lat' dir='ltr'>itaque</span> <span class='ocrx_word' id='word_1_167' title='bbox 325 1553 383 1589; x_wconf 89' lang='lat' dir='ltr'>his</span> <span class='ocrx_word' id='word_1_168' title='bbox 416 1565 566 1601; x_wconf 88' lang='lat' dir='ltr'>quoque</span> <span class='ocrx_word' id='word_1_169' title='bbox 588 1554 788 1595; x_wconf 79' lang='lat' dir='ltr'>libertinis,</span> <span class='ocrx_word' id='word_1_170' title='bbox 819 1554 972 1590; x_wconf 84' lang='lat' dir='ltr'>incertae</span> <span class='ocrx_word' id='word_1_171' title='bbox 1003 1567 1079 1590; x_wconf 89' lang='lat' dir='ltr'>non</span> <span class='ocrx_word' id='word_1_172' title='bbox 1111 1555 1248 1594; x_wconf 74' lang='lat' dir='ltr'>minus,</span> <span class='ocrx_word' id='word_1_173' title='bbox 1280 1568 1395 1603; x_wconf 85' lang='lat' dir='ltr'>quam</span> <span class='ocrx_word' id='word_1_174' title='bbox 1427 1556 1579 1604; x_wconf 83' lang='lat' dir='ltr'>patroni</span> 
     </span>
     <span class='ocr_line' id='line_1_21' title="bbox 166 1624 1581 1668; baseline 0.003 -9"><span class='ocrx_word' id='word_1_175' title='bbox 166 1631 288 1668; x_wconf 86' lang='lat' dir='ltr'>erant,</span> <span class='ocrx_word' id='word_1_176' title='bbox 321 1624 579 1666; x_wconf 79' lang='lat' dir='ltr'>condicionis,</span> <span class='ocrx_word' id='word_1_177' title='bbox 610 1625 883 1662; x_wconf 89' lang='lat' dir='ltr'>consulendum</span> <span class='ocrx_word' id='word_1_178' title='bbox 917 1632 1010 1663; x_wconf 76' lang='lat' dir='ltr'>era-t.</span> <span class='ocrx_word' id='word_1_179' title='bbox 1071 1626 1223 1662; x_wconf 84' lang='lat' dir='ltr'>Deinde</span> <span class='ocrx_word' id='word_1_180' title='bbox 1254 1627 1505 1663; x_wconf 86' lang='lat' dir='ltr'>communiter</span> <span class='ocrx_word' id='word_1_181' title='bbox 1534 1628 1581 1663; x_wconf 88' lang='lat' dir='ltr'>de</span> 
     </span>
     <span class='ocr_line' id='line_1_22' title="bbox 165 1695 1579 1743; baseline 0.003 -12"><span class='ocrx_word' id='word_1_182' title='bbox 165 1695 341 1731; x_wconf 89' lang='lat' dir='ltr'>omnibus</span> <span class='ocrx_word' id='word_1_183' title='bbox 372 1696 430 1739; x_wconf 80' lang='lat' dir='ltr'>iis,</span> <span class='ocrx_word' id='word_1_184' title='bbox 461 1708 620 1743; x_wconf 86' lang='lat' dir='ltr'>quorum</span> <span class='ocrx_word' id='word_1_185' title='bbox 655 1696 812 1732; x_wconf 89' lang='lat' dir='ltr'>nomina</span> <span class='ocrx_word' id='word_1_186' title='bbox 843 1696 946 1732; x_wconf 88' lang='lat' dir='ltr'>edita</span> <span class='ocrx_word' id='word_1_187' title='bbox 976 1703 1124 1742; x_wconf 81' lang='lat' dir='ltr'>essent,</span> <span class='ocrx_word' id='word_1_188' title='bbox 1156 1698 1326 1734; x_wconf 80' lang='lat' dir='ltr'>additur:</span> <span class='ocrx_word' id='word_1_189' title='bbox 1361 1710 1440 1734; x_wconf 90' lang='lat' dir='ltr'>eos</span> <span class='ocrx_word' id='word_1_190' title='bbox 1471 1697 1579 1735; x_wconf 87' lang='lat' dir='ltr'>Car-</span> 
     </span>
     <span class='ocr_line' id='line_1_23' title="bbox 162 1766 1579 1815; baseline 0.004 -14"><span class='ocrx_word' id='word_1_191' title='bbox 162 1766 308 1802; x_wconf 87' lang='lat' dir='ltr'>teiam</span> <span class='ocrx_word' id='word_1_192' title='bbox 341 1774 410 1803; x_wconf 85' lang='lat' dir='ltr'>cet.</span> <span class='ocrx_word' id='word_1_193' title='bbox 474 1768 611 1814; x_wconf 89' lang='lat' dir='ltr'>Itaque</span> <span class='ocrx_word' id='word_1_194' title='bbox 641 1767 792 1803; x_wconf 88' lang='lat' dir='ltr'>colonia</span> <span class='ocrx_word' id='word_1_195' title='bbox 822 1767 899 1812; x_wconf 78' lang='lat' dir='ltr'>illa,</span> <span class='ocrx_word' id='word_1_196' title='bbox 932 1775 1117 1815; x_wconf 84' lang='lat' dir='ltr'>quantum</span> <span class='ocrx_word' id='word_1_197' title='bbox 1149 1781 1197 1805; x_wconf 84' lang='lat' dir='ltr'>ex</span> <span class='ocrx_word' id='word_1_198' title='bbox 1227 1769 1329 1805; x_wconf 89' lang='lat' dir='ltr'>Livii</span> <span class='ocrx_word' id='word_1_199' title='bbox 1359 1770 1579 1806; x_wconf 84' lang='lat' dir='ltr'>narratione</span> 
     </span>
     <span class='ocr_line' id='line_1_24' title="bbox 162 1835 1577 1886; baseline 0.004 -16"><span class='ocrx_word' id='word_1_200' title='bbox 162 1835 321 1884; x_wconf 85' lang='lat' dir='ltr'>intelligi</span> <span class='ocrx_word' id='word_1_201' title='bbox 350 1843 488 1885; x_wconf 86' lang='lat' dir='ltr'>potest,</span> <span class='ocrx_word' id='word_1_202' title='bbox 520 1851 594 1874; x_wconf 90' lang='lat' dir='ltr'>non</span> <span class='ocrx_word' id='word_1_203' title='bbox 627 1838 730 1886; x_wconf 85' lang='lat' dir='ltr'>quod</span> <span class='ocrx_word' id='word_1_204' title='bbox 760 1845 843 1874; x_wconf 90' lang='lat' dir='ltr'>tota</span> <span class='ocrx_word' id='word_1_205' title='bbox 874 1851 921 1874; x_wconf 82' lang='lat' dir='ltr'>ex</span> <span class='ocrx_word' id='word_1_206' title='bbox 951 1838 1137 1874; x_wconf 88' lang='lat' dir='ltr'>libertinis</span> <span class='ocrx_word' id='word_1_207' title='bbox 1171 1845 1282 1883; x_wconf 87' lang='lat' dir='ltr'>esset,</span> <span class='ocrx_word' id='word_1_208' title='bbox 1316 1839 1577 1876; x_wconf 88' lang='lat' dir='ltr'>libertinorum</span> 
     </span>
     <span class='ocr_line' id='line_1_25' title="bbox 162 1906 1578 1966; baseline 0.006 -25"><span class='ocrx_word' id='word_1_209' title='bbox 162 1906 356 1955; x_wconf 86' lang='lat' dir='ltr'>appellata</span> <span class='ocrx_word' id='word_1_210' title='bbox 387 1915 454 1949; x_wconf 78' lang='lat' dir='ltr'>est,</span> <span class='ocrx_word' id='word_1_211' title='bbox 485 1909 551 1945; x_wconf 87' lang='lat' dir='ltr'>sed</span> <span class='ocrx_word' id='word_1_212' title='bbox 581 1909 685 1957; x_wconf 89' lang='lat' dir='ltr'>quod</span> <span class='ocrx_word' id='word_1_213' title='bbox 716 1910 825 1945; x_wconf 88' lang='lat' dir='ltr'>multi</span> <span class='ocrx_word' id='word_1_214' title='bbox 856 1910 904 1946; x_wconf 85' lang='lat' dir='ltr'>ab</span> <span class='ocrx_word' id='word_1_215' title='bbox 939 1908 1045 1945; x_wconf 90' lang='lat' dir='ltr'>initio</span> <span class='ocrx_word' id='word_1_216' title='bbox 1076 1909 1243 1966; x_wconf 75' lang='lat' dir='ltr'>libertini</span> <span class='ocrx_word' id='word_1_217' title='bbox 1274 1911 1457 1960; x_wconf 84' lang='lat' dir='ltr'>adscripti</span> <span class='ocrx_word' id='word_1_218' title='bbox 1479 1919 1578 1950; x_wconf 82' lang='lat' dir='ltr'>sunt.</span> 
     </span>
     <span class='ocr_line' id='line_1_26' title="bbox 160 1977 1577 2029; baseline 0.003 -16"><span class='ocrx_word' id='word_1_219' title='bbox 160 1977 357 2014; x_wconf 87' lang='lat' dir='ltr'>Praeterea</span> <span class='ocrx_word' id='word_1_220' title='bbox 388 1979 490 2027; x_wconf 86' lang='lat' dir='ltr'>quod</span> <span class='ocrx_word' id='word_1_221' title='bbox 523 1980 694 2027; x_wconf 88' lang='lat' dir='ltr'>sequitur</span> <span class='ocrx_word' id='word_1_222' title='bbox 722 1987 1019 2029; x_wconf 86' lang='lat' dir='ltr'>potestatem</span> <span class='ocrx_word' id='word_1_223' title='bbox 1050 1980 1178 2026; x_wconf 88' lang='lat' dir='ltr'>fore,</span> <span class='ocrx_word' id='word_1_224' title='bbox 1211 1994 1407 2029; x_wconf 86' lang='lat' dir='ltr'>nunqnam</span> <span class='ocrx_word' id='word_1_225' title='bbox 1456 1982 1510 2017; x_wconf 86' lang='lat' dir='ltr'>sic</span> <span class='ocrx_word' id='word_1_226' title='bbox 1539 1982 1577 2017; x_wconf 89' lang='lat' dir='ltr'>in</span> 
     </span>
     <span class='ocr_line' id='line_1_27' title="bbox 160 2047 1577 2101; baseline 0.003 -17"><span class='ocrx_word' id='word_1_227' title='bbox 160 2047 320 2085; x_wconf 87' lang='lat' dir='ltr'>decretis</span> <span class='ocrx_word' id='word_1_228' title='bbox 353 2050 598 2098; x_wconf 86' lang='lat' dir='ltr'>promittendi</span> <span class='ocrx_word' id='word_1_229' title='bbox 635 2051 750 2087; x_wconf 89' lang='lat' dir='ltr'>modo</span> <span class='ocrx_word' id='word_1_230' title='bbox 790 2051 959 2088; x_wconf 77' lang='lat' dir='ltr'>futurum</span> <span class='ocrx_word' id='word_1_231' title='bbox 1000 2051 1176 2100; x_wconf 88' lang='lat' dir='ltr'>ponitur,</span> <span class='ocrx_word' id='word_1_232' title='bbox 1214 2053 1280 2088; x_wconf 86' lang='lat' dir='ltr'>sed</span> <span class='ocrx_word' id='word_1_233' title='bbox 1320 2064 1487 2101; x_wconf 79' lang='lat' dir='ltr'>praesens</span> <span class='ocrx_word' id='word_1_234' title='bbox 1520 2053 1577 2088; x_wconf 89' lang='lat' dir='ltr'>iu-</span> 
     </span>
     <span class='ocr_line' id='line_1_28' title="bbox 159 2119 1576 2169; baseline 0.004 -15"><span class='ocrx_word' id='word_1_235' title='bbox 159 2119 291 2163; x_wconf 78' lang='lat' dir='ltr'>bendi3</span> <span class='ocrx_word' id='word_1_236' title='bbox 334 2120 465 2169; x_wconf 91' lang='lat' dir='ltr'>itaque</span> <span class='ocrx_word' id='word_1_237' title='bbox 494 2121 575 2157; x_wconf 90' lang='lat' dir='ltr'>sine</span> <span class='ocrx_word' id='word_1_238' title='bbox 605 2122 720 2158; x_wconf 91' lang='lat' dir='ltr'>dubio</span> <span class='ocrx_word' id='word_1_239' title='bbox 751 2122 866 2158; x_wconf 81' lang='lat' dir='ltr'>fieri</span> <span class='ocrx_word' id='word_1_240' title='bbox 901 2122 1143 2159; x_wconf 86' lang='lat' dir='ltr'>scribendum</span> <span class='ocrx_word' id='word_1_241' title='bbox 1176 2129 1243 2160; x_wconf 84' lang='lat' dir='ltr'>est.</span> <span class='ocrx_word' id='word_1_242' title='bbox 1314 2124 1576 2169; x_wconf 81' lang='lat' dir='ltr'>(Forchham-</span> 
     </span>
     <span class='ocr_line' id='line_1_29' title="bbox 159 2191 1574 2240; baseline 0.004 -15"><span class='ocrx_word' id='word_1_243' title='bbox 159 2201 286 2225; x_wconf 87' lang='lat' dir='ltr'>merus</span> <span class='ocrx_word' id='word_1_244' title='bbox 322 2191 553 2239; x_wconf 85' lang='lat' dir='ltr'>significavit</span> <span class='ocrx_word' id='word_1_245' title='bbox 582 2192 725 2240; x_wconf 90' lang='lat' dir='ltr'>aliquid</span> <span class='ocrx_word' id='word_1_246' title='bbox 757 2192 909 2229; x_wconf 83' lang='lat' dir='ltr'>obscuri</span> <span class='ocrx_word' id='word_1_247' title='bbox 953 2193 990 2228; x_wconf 88' lang='lat' dir='ltr'>in</span> <span class='ocrx_word' id='word_1_248' title='bbox 1032 2193 1164 2229; x_wconf 84' lang='lat' dir='ltr'>codice</span> <span class='ocrx_word' id='word_1_249' title='bbox 1205 2194 1386 2231; x_wconf 87' lang='lat' dir='ltr'>habuisse</span> <span class='ocrx_word' id='word_1_250' title='bbox 1416 2196 1574 2231; x_wconf 86' lang='lat' dir='ltr'>verbum</span> 
     </span>
     <span class='ocr_line' id='line_1_30' title="bbox 159 2259 299 2308; baseline 0 -12"><span class='ocrx_word' id='word_1_251' title='bbox 159 2259 178 2296; x_wconf 83' lang='lat' dir='ltr'>f</span> <span class='ocrx_word' id='word_1_252' title='bbox 188 2260 299 2308; x_wconf 89' lang='lat' dir='ltr'>ore.)</span> 
     </span>
    </p>

    <p class='ocr_par' dir='ltr' id='par_1_3' title="bbox 155 2329 1575 2740">
     <span class='ocr_line' id='line_1_31' title="bbox 280 2329 1575 2383; baseline 0.004 -16"><span class='ocrx_word' id='word_1_253' title='bbox 280 2329 376 2380; x_wconf 88' lang='lat' dir='ltr'>Cap.</span> <span class='ocrx_word' id='word_1_254' title='bbox 413 2335 447 2375; x_wconf 76' lang='grc'>6,</span> <span class='ocrx_word' id='word_1_255' title='bbox 482 2336 523 2369; x_wconf 71' lang='lat'>4:</span> <span class='ocrx_word' id='word_1_256' title='bbox 555 2333 756 2370; x_wconf 83' lang='lat' dir='ltr'>Milesii.</span> <span class='ocrx_word' id='word_1_257' title='bbox 801 2334 923 2371; x_wconf 89' lang='lat' dir='ltr'>nihil</span> <span class='ocrx_word' id='word_1_258' title='bbox 966 2335 1264 2383; x_wconf 66' lang='lat' dir='ltr'>praestit-isse</span> <span class='ocrx_word' id='word_1_259' title='bbox 1309 2349 1575 2372; x_wconf 86' lang='lat' dir='ltr'>memoran-</span> 
     </span>
     <span class='ocr_line' id='line_1_32' title="bbox 158 2403 1574 2456; baseline 0.004 -19"><span class='ocrx_word' id='word_1_260' title='bbox 158 2408 240 2445; x_wconf 83' lang='lat' dir='ltr'>teS,</span> <span class='ocrx_word' id='word_1_261' title='bbox 272 2403 314 2439; x_wconf 88' lang='lat' dir='ltr'>si</span> <span class='ocrx_word' id='word_1_262' title='bbox 349 2403 460 2451; x_wconf 90' lang='lat' dir='ltr'>quid</span> <span class='ocrx_word' id='word_1_263' title='bbox 491 2403 732 2452; x_wconf 85' lang='lat' dir='ltr'>imperare</span> <span class='ocrx_word' id='word_1_264' title='bbox 764 2406 822 2441; x_wconf 83' lang='lat' dir='ltr'>ad</span> <span class='ocrx_word' id='word_1_265' title='bbox 853 2405 1030 2442; x_wconf 91' lang='lat' dir='ltr'>bellum</span> <span class='ocrx_word' id='word_1_266' title='bbox 1061 2412 1263 2443; x_wconf 87' lang='lat' dir='ltr'>senatus</span> <span class='ocrx_word' id='word_1_267' title='bbox 1282 2407 1574 2456; x_wconf 84' lang='lat' dir='ltr'>vellet,prae-</span> 
     </span>
     <span class='ocr_line' id='line_1_33' title="bbox 158 2476 1573 2524; baseline 0.004 -16"><span class='ocrx_word' id='word_1_268' title='bbox 158 2478 291 2509; x_wconf 86' lang='lat' dir='ltr'>stare</span> <span class='ocrx_word' id='word_1_269' title='bbox 322 2486 370 2509; x_wconf 88' lang='lat' dir='ltr'>se</span> <span class='ocrx_word' id='word_1_270' title='bbox 400 2481 607 2522; x_wconf 89' lang='lat' dir='ltr'>paratos</span> <span class='ocrx_word' id='word_1_271' title='bbox 639 2487 743 2511; x_wconf 88' lang='lat' dir='ltr'>esse</span> <span class='ocrx_word' id='word_1_272' title='bbox 777 2476 997 2524; x_wconf 86' lang='lat' dir='ltr'>polliciti</span> <span class='ocrx_word' id='word_1_273' title='bbox 1021 2483 1142 2516; x_wconf 83' lang='lat' dir='ltr'>sunt.</span> <span class='ocrx_word' id='word_1_274' title='bbox 1202 2478 1283 2514; x_wconf 83' lang='lat' dir='ltr'>Vix</span> <span class='ocrx_word' id='word_1_275' title='bbox 1304 2478 1444 2514; x_wconf 89' lang='lat' dir='ltr'>diserte</span> <span class='ocrx_word' id='word_1_276' title='bbox 1471 2491 1573 2514; x_wconf 85' lang='lat' dir='ltr'>com-</span> 
     </span>
     <span class='ocr_line' id='line_1_34' title="bbox 157 2546 1574 2597; baseline 0.004 -17"><span class='ocrx_word' id='word_1_277' title='bbox 157 2552 491 2587; x_wconf 77' lang='lat' dir='ltr'>memoraverunt,</span> <span class='ocrx_word' id='word_1_278' title='bbox 533 2546 625 2582; x_wconf 89' lang='lat' dir='ltr'>nihil</span> <span class='ocrx_word' id='word_1_279' title='bbox 655 2558 695 2582; x_wconf 82' lang='lat' dir='ltr'>se</span> <span class='ocrx_word' id='word_1_280' title='bbox 727 2548 972 2595; x_wconf 81' lang='lat' dir='ltr'>praestitisse,</span> <span class='ocrx_word' id='word_1_281' title='bbox 1003 2548 1070 2584; x_wconf 87' lang='lat' dir='ltr'>sed</span> <span class='ocrx_word' id='word_1_282' title='bbox 1100 2549 1319 2585; x_wconf 88' lang='lat' dir='ltr'>necessario</span> <span class='ocrx_word' id='word_1_283' title='bbox 1351 2561 1477 2597; x_wconf 78' lang='lat' dir='ltr'>operae</span> <span class='ocrx_word' id='word_1_284' title='bbox 1506 2562 1574 2585; x_wconf 87' lang='lat' dir='ltr'>na-</span> 
     </span>
     <span class='ocr_line' id='line_1_35' title="bbox 155 2616 1574 2667; baseline 0.005 -18"><span class='ocrx_word' id='word_1_285' title='bbox 155 2620 255 2650; x_wconf 87' lang='lat' dir='ltr'>vatae</span> <span class='ocrx_word' id='word_1_286' title='bbox 285 2616 514 2653; x_wconf 86' lang='lat' dir='ltr'>mentionem</span> <span class='ocrx_word' id='word_1_287' title='bbox 566 2617 786 2654; x_wconf 88' lang='lat' dir='ltr'>omiserunt.</span> <span class='ocrx_word' id='word_1_288' title='bbox 853 2617 949 2654; x_wconf 83' lang='lat' dir='ltr'>Cod.</span> <span class='ocrx_word' id='word_1_289' title='bbox 980 2618 1346 2667; x_wconf 76' lang='lat' dir='ltr'>praestitissent.</span> <span class='ocrx_word' id='word_1_290' title='bbox 1410 2621 1574 2656; x_wconf 82' lang='lat' dir='ltr'>Videtur</span> 
     </span>
     <span class='ocr_line' id='line_1_36' title="bbox 155 2684 1572 2740; baseline 0.006 -20"><span class='ocrx_word' id='word_1_291' title='bbox 155 2684 294 2722; x_wconf 85' lang='lat' dir='ltr'>fuisse:</span> <span class='ocrx_word' id='word_1_292' title='bbox 324 2686 462 2731; x_wconf 91' lang='lat' dir='ltr'>nihil,</span> <span class='ocrx_word' id='word_1_293' title='bbox 494 2688 618 2735; x_wconf 90' lang='lat' dir='ltr'>quod</span> <span class='ocrx_word' id='word_1_294' title='bbox 651 2689 1039 2737; x_wconf 84' lang='lat' dir='ltr'>praestitissent,</span> <span class='ocrx_word' id='word_1_295' title='bbox 1070 2698 1412 2729; x_wconf 80' lang='lat' dir='ltr'>memorantes.</span> <span class='ocrx_word' id='word_1_296' title='bbox 1457 2692 1572 2740; x_wconf 82' lang='lat' dir='ltr'>(Cap.</span> 
     </span>
    </p>
   </div>
  </div>
 </body>
</html>
