1811 2925
764 161 833 196 177
1286 157 1360 187 Lib.
1388 156 1452 189 1X.

90 284 224 322 formis
267 290 451 332 tanquam
484 282 644 318 diversis
674 280 872 317 vocabulis
902 280 1123 324 coniunctis,
1167 293 1302 329 parum
1334 292 1426 316 sane
1456 293 1501 316 eo

90 354 318 398 defenditur,
349 354 451 402 quod
485 353 587 403 apud
618 352 836 390 Cornelium
864 352 1057 401 Nepotem
1087 351 1278 401 Thrasyb.
1315 354 1328 387 1
1364 351 1503 388 editur:

92 425 149 462 ad
178 425 307 462 vires
336 425 530 473 vimque
550 423 865 473 pugnantium
896 419 1503 470 cuminanissimatautologia¹).

93 495 186 532 Vini
215 495 367 543 cibique
396 492 670 542 capacissimus
699 505 824 542 neque
852 493 1042 530 viribus
1072 506 1196 541 neque
1225 493 1269 530 vi
1300 494 1504 542 quisquam

93 568 152 611 fit.;
182 567 248 603 sed
281 572 323 603 ut
339 567 457 609 fieret,
488 563 620 600 Livius
642 571 781 609 tamen,
807 576 1041 612 quamquam
1064 563 1102 599 in
1133 563 1344 600 clarissimo
1374 564 1507 613 populi

95 638 261 675 Romani
291 637 522 686 imperatore
563 634 677 671 etiam
709 635 880 684 corporis
915 635 954 671 in
989 634 1092 671 omni
1121 646 1260 683 genere
1288 636 1506 673 firmitatem

96 707 202 745 fama
232 707 463 744 celebratam
495 706 871 743 commemorandam
891 713 1055 755 putaret,
1087 706 1261 755 profecto
1290 720 1365 744 non
1396 707 1508 744 dubi-

97 785 227 816 tasset.
273 791 321 815 an
359 777 506 814 multa
536 777 897 814 exercitatione
939 777 1017 813 vini
1056 777 1205 826 cibique
1236 778 1508 827 capacissimus

99 850 303 888 evasisset:
348 861 472 896 neque
513 848 611 884 enim
640 854 719 884 tam
763 847 877 884 foeda
916 849 1139 885 exercitatio
1179 849 1217 885 in
1247 856 1410 886 mentem
1444 863 1509 886 ve·

98 921 227 957 nisset.
295 920 452 956 Poterat
500 918 664 954 editores
704 919 911 956 admonere
951 919 1089 956 citatus
1132 933 1156 956 a
1188 919 1509 957 Drakenborehio

100 992 287 1035 Zonaras,
324 990 388 1038 qui
420 990 512 1034 VII,
545 990 594 1026 26
627 988 825 1037 Papirium
868 988 1073 1027 Cursorem
1105 991 1338 1040 appellatum
1382 991 1512 1027 scribit-

103 1054 174 1100 διά
213 1075 260 1100 τε
306 1055 387 1112 τήν
430 1061 519 1106 ἴξιν
562 1050 638 1110 (ἧν
677 1053 762 1112 γάρ
802 1054 1150 1111 ὸ“ρομικοι’τατος)
1192 1058 1262 1099 καὶ
1312 1053 1383 1099 deu*
1426 1054 1511 1112 τήν

101 1128 292 1184 ἄσκησιν
321 1129 401 1170 τοῦ
444 1128 629 1182 δρυμοῦ.
694 1131 833 1179 Itaque
863 1132 941 1168 Dio
973 1132 1149 1178 Cassius,
1190 1146 1302 1182 quem
1339 1133 1513 1169 Zonaras

103 1202 287 1251 sequitur,
317 1201 481 1251 primum
502 1201 602 1238 Livii
622 1202 741 1238 verba
772 1202 826 1239 sic
855 1202 1033 1241 distincta
1063 1204 1226 1253 legerat:
1257 1203 1512 1240 victorem-

105 1286 194 1322 que
241 1285 382 1311 cursu
428 1272 635 1309 omnium
684 1273 843 1310 aetatis
887 1285 978 1311 suae
1023 1273 1176 1311 fuisse
1220 1274 1383 1311 ferunt
1433 1286 1514 1310 seu

105 1345 216 1391 (nont
247 1349 292 1380 et
312 1344 411 1391 seu)
437 1343 612 1380 virium
644 1343 690 1379 vi
722 1356 803 1380 seu
834 1344 1195 1382 exercitatione
1228 1346 1388 1389 multa,
1421 1345 1516 1381 eibi

105 1414 307 1464 vinique
355 1414 554 1451 eundem
595 1415 984 1464 capacissimum.
1058 1417 1216 1464 (Neque
1243 1415 1430 1465 profecto,
1473 1424 1516 1453 ut

104 1486 178 1523 hoc
213 1485 376 1532 addam,
417 1485 548 1522 Livius
589 1498 800 1535 pronomen
845 1487 1059 1532 eundem,
1102 1499 1178 1535 quo
1220 1499 1330 1523 novae
1359 1487 1414 1523 rei
1448 1487 1514 1523 ad-

105 1556 248 1594 iunctio
291 1557 548 1605 significatur.
601 1556 639 1592 in
681 1556 869 1593 decimum
907 1557 1031 1594 locum
1070 1556 1297 1607 reiecisset.)
1368 1558 1516 1594 Deinde

105 1640 183 1664 non
234 1626 409 1663 virium
456 1628 502 1663 vi
554 1626 658 1663 illam
710 1627 942 1664 celeritatem
987 1639 1119 1665 cursus
1168 1626 1342 1665 effectam
1384 1628 1517 1665 Livius

106 1704 282 1747 putarat,
313 1698 379 1734 sed
410 1710 615 1734 crurum.
681 1699 728 1735 In
768 1712 900 1736 eorum
942 1699 981 1736 vi
1028 1706 1065 1736 et
1110 1701 1249 1737 robore
1291 1700 1419 1750 posita
1461 1706 1519 1736 est

109 1769 194 1815 ἕξις
223 1769 295 1805 viri
326 1761 676 1821 δρομικωτιὶἰου.

223 1838 320 1888 Cap.
358 1842 426 1883 18,
476 1842 516 1876 11
554 1840 607 1886 (in
639 1840 928 1889 comparatione
958 1841 1174 1878 Alexandri
1210 1849 1247 1878 et
1275 1842 1409 1891 populi
1436 1843 1518 1879 Ro-

109 1910 233 1955 mani,
271 1910 335 1947 ubi
366 1911 412 1947 de
441 1910 629 1948 varietate
669 1910 831 1948 fortunae
861 1912 1022 1961 agitur):
1068 1912 1191 1960 Quin
1236 1919 1283 1949 tu
1314 1913 1519 1950 hominis

110 1991 210 2017 eum
239 1981 430 2018 homine
475 1988 519 2018 et
558 1982 690 2018 ducis
733 1995 833 2019 cum
873 1983 990 2020 duee
1019 1983 1264 2020 fortunam
1291 1997 1389 2021 eum
1420 1983 1518 2021 for-

111 2057 224 2088 tuna
265 2051 488 2088 eonfers?
552 2052 694 2090 Mirum
733 2061 813 2099 est,
855 2067 970 2103 quam
1010 2055 1141 2091 inanes
1187 2055 1392 2091 verborum
1437 2055 1521 2091 soni

111 2121 299 2159 interdum
345 2135 456 2160 aures
499 2131 726 2172 praetereant
774 2132 840 2162 aut
880 2125 1009 2175 potius
1053 2125 1188 2162 litterae
1233 2126 1363 2162 oeulos
1411 2126 1522 2174 quasi

111 2193 299 2229 sententia
328 2193 426 2230 insit.
502 2194 723 2232 Hominis
762 2195 1005 2232 fortunam
1048 2209 1148 2233 cum
1179 2196 1386 2233 hominis
1417 2196 1520 2233 for-

113 2270 233 2300 tuna
265 2260 493 2301 conferre
524 2266 614 2314 quid
648 2266 707 2310 sit,
752 2279 882 2303 omnes
912 2272 1071 2311 norunt,
1101 2278 1249 2315 proque
1280 2280 1325 2304 eo
1357 2268 1522 2305 naturali

115 2334 282 2382 quadam
327 2335 512 2372 orationis
562 2336 751 2374 brevitate
796 2345 833 2374 et
872 2336 966 2386 fuga
1005 2336 1162 2385 genitivi
1201 2337 1292 2374 nudi
1340 2339 1522 2388 praeposi-

114 2404 209 2441 tioni
239 2405 398 2442 subiecti
429 2407 623 2443 substitui:
665 2408 871 2445 hominis
910 2408 1156 2445 fortunam
1199 2421 1305 2446 cum
1336 2410 1524 2446 homine

115 2474 358 2519 conferre,
387 2476 522 2522 sciunt,
553 2477 617 2526 qui
648 2478 785 2515 Latine
815 2486 851 2515 et
882 2478 1019 2517 Graece
1049 2479 1277 2523 didicerunt;
1312 2481 1402 2529 quid
1432 2493 1523 2518 vero

142 2640 172 2684 ²)
217 2643 440 2676 Scribendum
463 2644 609 2675 videtur:
645 2645 694 2675 ad
733 2646 846 2677 vires
885 2656 1093 2688 usumque
1119 2649 1426 2688 pugnantium3
1465 2649 1523 2680 etsi

210 2714 272 2746 pro
297 2705 426 2736 incerto
451 2705 562 2737 locum
589 2706 777 2747 relinquere
802 2713 950 2749 praestat.

157 2776 298 2800 lAnvwn
317 2776 442 2800 Enson.
457 2776 529 2800 Lm.
1223 2775 1260 2802 12³
